2834 4959
1111 346 1264 396 rans
1303 338 1546 398 nam.
2342 355 2469 412 49⁵1

193 473 561 544 malitatum
600 471 672 540 in
711 467 1102 540 inchoandis
1138 469 1567 540 conventibus
1611 471 1959 560 defectum,
2004 477 2115 546 scd
2144 480 2229 549 ob
2274 482 2471 556 aliam

191 610 478 676 cainam,
505 593 656 658 vota
679 586 824 655 haec
847 583 1250 654 solemnitate
1277 583 1579 654 destituta
1614 585 1833 658 Romae
1860 591 2245 664 existimari.

274 702 624 798 Praeterea,
653 701 708 770 si
735 722 812 771 ex
837 699 953 768 illo
982 698 1449 768 formalitatum
1478 698 1731 771 delectu
1770 709 2137 795 proveniret
2156 711 2469 785 solemni·

191 817 335 888 tatis
360 823 664 885 votorum
711 814 1019 903 carentia,
1047 814 1234 882 dictoe
1265 835 1556 884 romanae
1586 815 2157 914 congregationes,
2184 847 2315 897 non
2341 851 2473 901 res-

194 931 572 1023 pondissent
587 927 992 1021 qeneraliter
1031 926 1245 1018 quoad
1286 950 1515 1000 omnes
1552 940 1933 1021 conventus,
1981 959 2114 1007 non
2160 943 2371 1012 emitti
2400 947 2473 1014 in

197 1047 292 1114 eis
315 1044 626 1114 solemnia
643 1047 828 1122 τοίας
874 1041 986 1112 sed
1015 1042 1324 1112 duntaxat
1357 1045 1575 1134 quoad
1613 1067 1747 1133 eos,
1800 1069 1963 1141 quos
1991 1060 2306 1125 constaret
2340 1079 2471 1129 non

199 1160 396 1230 fuisse
441 1160 774 1244 canonice,
831 1159 1096 1228 servatis
1167 1179 1404 1264 nempe
1478 1162 1758 1252 praefatis
1841 1171 2463 1262 praescriptionibus,

199 1281 462 1345 erectos.

1236 1503 1455 1604 ξιιμ

203 1683 350 1749 Quod
368 1683 614 1737 solemnia
636 1696 739 1736 non
765 1684 867 1735 sint
888 1681 1140 1734 dictarum
1164 1678 1464 1729 monianum
1488 1683 1607 1732 vota
1647 1681 1801 1734 tribui
1830 1697 1935 1737 non
1952 1685 2101 1738 debet
2126 1687 2351 1743 civilibus
2368 1689 2486 1743 Gal·

1188 1765 1267 1817 liae
1306 1765 1517 1829 legibus.

304 1973 378 2042 ld
407 1971 797 2042 sufficienter
831 1971 1175 2064 probatum
1207 1975 1653 2044 existimamus
1684 1995 1763 2044 ex
1786 1975 1973 2045 dictis
1996 1977 2064 2046 in
2093 1979 2476 2066 praecedenti

205 2089 636 2159 subsectione.
669 2087 764 2158 lbi
793 2089 1192 2181 nempeJuse
1219 2089 1666 2181 probavimus,
1694 2090 1906 2182 legem
1946 2092 2201 2161 civilem
2229 2093 2477 2180 Galliae,

205 2204 630 2296 quantumvis
648 2224 778 2274 non
806 2213 1110 2295 agnoscat
1133 2206 1202 2273 in
1229 2206 1551 2294 religiosis
1575 2207 1735 2288 viris
1768 2207 2046 2277 dominii
2092 2209 2482 2302 incapacita-

203 2328 338 2389 tem
368 2325 432 2388 et
459 2320 586 2389 voti
614 2318 1114 2402 solemnitatem,
1149 2343 1559 2413 nequaquam
1587 2343 1769 2414 posse
1800 2323 2271 2395 solemnitatem
2312 2327 2481 2397 hanc

105 2435 114 2458 '
204 2445 266 2506 et
289 2437 782 2528 incapacitatem
819 2437 1162 2528 impedire.
1194 2437 1264 2508 Si
1308 2445 1529 2509 autem
1567 2438 1667 2510 lex
1698 2439 1912 2510 civilis
1935 2448 2233 2510 votorum
2252 2442 2483 2512 solem-

203 2553 474 2621 nitatem
501 2571 633 2622 non
666 2551 940 2642 impedit
961 2552 1034 2620 in
1062 2551 1244 2633 viris,
1277 2573 1399 2620 nec
1425 2554 1699 2644 impedit
1726 2555 1797 2623 in
1821 2555 2211 2626 monialibus
2238 2581 2255 2641 3
2284 2557 2487 2647 siqui-

202 2665 355 2736 dem
388 2688 520 2736 non
545 2668 770 2738 minus
785 2668 960 2738 viros
987 2689 1189 2760 quam
1216 2667 1533 2736 moniales
1560 2687 1907 2757 agnoscere
1930 2673 2150 2764 renuit
2174 2679 2485 2763 tanquam

205 2781 488 2852 dominii
515 2785 880 2887 incapaces.

295 2897 474 2968 lnter
503 2901 812 2970 adductas
863 2905 1080 2970 autem
1143 2899 1547 2993 probationes
1592 2897 1921 2990 praecipue
1972 2904 2231 2966 notetur
2282 2921 2485 2990 argu-

201 3021 538 3097 mentum,
567 3031 647 3086 ex
677 3016 1072 3086 monialibus
1100 3024 1246 3084 ante
1275 3015 1745 3107 dispersionem
1798 3013 2205 3106 regularium
2260 3013 2487 3085 Galliae

201 3131 536 3223 professis,
585 3131 966 3203 deductum.
997 3129 1264 3202 Certum
1324 3152 1557 3222 nempe
1586 3136 1679 3200 est
1714 3131 2053 3200 extinctam
2104 3151 2235 3198 non
2292 3130 2487 3200 ruisse

201 3246 422 3334 quoad
478 3247 650 3338 ipsas
702 3253 1002 3317 votorum
1063 3247 1573 3330 solemnitatem,
1627 3251 1820 3338 prout
1879 3247 2127 3314 constat
2179 3266 2255 3314 ex
2290 3245 2485 3314 variis

201 3360 424 3430 Sacrae
474 3361 972 3454 Poenihntiariae
1003 3364 1324 3453 responsis
1336 3383 1370 3447 ;
1397 3367 1459 3430 et
1506 3368 1725 3430 tamen
1763 3381 1801 3429 a
1842 3359 1982 3450 lege
2009 3361 2183 3430 civili
2216 3361 2487 3431 omnino

202 3475 450 3546 habitat
488 3483 642 3547 sunt
692 3487 755 3548 et
806 3480 964 3570 ipsoe
1009 3484 1319 3570 tanquam
1371 3477 1653 3546 dominii
1701 3492 1990 3568 capaces.
2039 3476 2203 3544 ltem
2230 3482 2485 3544 notetur

200 3599 673 3685 argumentum
723 3594 1073 3665 deductum
1131 3617 1206 3664 ex
1265 3592 1663 3664 monialibus
1716 3589 2079 3683 'cujusdam
2131 3592 2486 3658 conventus

199 3707 442 3798 Belgii,
475 3730 762 3799 quarum
791 3717 934 3780 vota
959 3709 1042 3779 ab
1064 3731 1249 3779 anno·
1271 3708 1445 3777 1814
1468 3727 1675 3800 usque
1724 3708 1803 3776 ad
1840 3727 2087 3776 annum
2126 3703 2325 3786 1820,
2371 3723 2489 3796 pro

200 3825 610 3896 solemnibus
628 3846 666 3896 a
693 3823 891 3896 Sacra
909 3825 1424 3916 Congregatione
1442 3823 1663 3893 habita
1690 3831 1869 3908 sunt,
1899 3822 2193 3914 quamvis
2219 3826 2347 3888 toto
2367 3819 2494 3888 hoc

153 3931 166 3938 ’
199 3945 498 4027 tempore
520 3937 621 4010 lex
645 3940 856 4010 civilis
876 3939 1086 4030 Belgii
1117 3939 1435 4010 moniales
1454 3938 1669 4008 nullas
1688 3959 1771 4028 ag
1784 3937 2034 4007 noverit
2060 3942 2366 4025 tanquam
2395 3931 2491 3999 in-

203 4075 474 4146 capaces
503 4055 804 4126 dominii.
