2834 4959
1081 361 1234 410 PARS
1279 363 1496 412 PRIMA.
2302 367 2329 422 1
2344 364 2381 420 2
2392 367 2423 420 7

202 513 232 552 α
267 485 360 554 Sic
392 485 570 552 etiam
599 481 847 552 dicitur
873 481 1164 564 Christus
1188 484 1538 555 instituisse
1572 495 1986 568 sacramenta,
2022 492 2175 580 quia
2203 493 2426 564 docuit

195 625 224 662 α
259 619 320 666 ea
349 620 486 687 quae
527 602 683 666 sunt
717 596 800 666 de
838 619 1062 668 eorum
1095 598 1479 686 substantia,
1526 603 1641 672 etsi
1678 605 2095 674 accidentalia
2120 605 2423 682 Ecclesiae

191 739 219 775 ιι
257 713 659 782 commiserit.
697 737 736 778 n

259 825 502 894 Probari
566 825 762 895 etiam
831 833 1035 918 potest
1087 827 1312 898 divina
1363 836 1563 899 status
1624 832 1908 922 religiosi
1964 835 2281 908 institutio
2340 862 2423 910 ex

181 954 332 1008 nota
355 941 730 1022 sanctitatis,
765 939 1070 1011 Ecclesiae
1096 943 1429 1013 catholicae
1455 948 1739 1038 propria.
1784 945 1967 1018 Hanc
1993 951 2173 1020 enim
2198 959 2421 1024 notam

181 1059 264 1124 ita
287 1055 630 1145 intelligunt
660 1057 970 1148 theologi,
1005 1065 1078 1126 ut
1104 1058 1328 1128 debeat
1369 1062 1673 1134 sanctitas
1714 1061 1785 1130 in
1824 1063 2108 1136 Ecclesia
2144 1068 2418 1140 exterius

185 1172 457 1260 patefieri,
483 1171 782 1241 exercitio
827 1173 1127 1242 omnium
1167 1173 1509 1260 virtutum,
1552 1177 1623 1244 in
1664 1198 1927 1248 summo
1966 1180 2198 1270 gradu,
2232 1185 2317 1252 ita
2344 1194 2417 1254 ut

182 1288 352 1356 etiam
411 1288 865 1378 complectatur
933 1288 1200 1357 consilia
1273 1291 1643 1379 evangelica
1710 1291 2036 1384 (perrone,
2103 1299 2410 1371 Praelect.

183 1402 379 1492 theol„
432 1409 588 1473 tom.
629 1405 698 1488 8,
749 1423 897 1494 pag.
957 1402 1045 1471 94
1099 1410 1162 1472 et
1213 1404 1365 1492 135,
1399 1405 1551 1476 edit.
1605 1405 1923 1499 Lovanii).
1984 1411 2109 1482 Sed
2152 1421 2412 1486 externa

177 1517 440 1605 professio
489 1517 912 1586 consiliorum
963 1519 1483 1610 evangelicorum
1536 1531 1629 1591 est
1684 1525 1957 1614 ipsemet
2010 1535 2207 1599 status
2259 1531 2411 1600 reli-

175 1632 388 1720 giosus3
443 1653 606 1722 ergo
677 1637 875 1702 status
947 1633 1282 1723 religiosus
1338 1637 1615 1728 pertinet
1668 1638 1745 1706 ad
1802 1643 2203 1713 sanctitatem
2282 1668 2409 1736 qua

56 1785 59 1818 ι
171 1746 586 1838 splendescere·
619 1768 876 1838 semper
923 1747 1111 1815 debet
1158 1747 1463 1818 Ecclesia.
1516 1748 1689 1841 Ergo
1735 1774 1851 1841 per
1897 1753 2238 1844 ipsammet
2287 1756 2407 1825 Ec·

56 1879 59 1960 ι
171 1861 348 1930 clesiae
370 1861 875 1948 institutionem,
902 1867 1100 1931 status
1130 1863 1467 1954 religiosus
1494 1864 1617 1932 fuit
1651 1887 1689 1932 a
1717 1864 1971 1936 Christo
1996 1866 2279 1936 Domino
2305 1871 2409 1938 in-

175 1975 426 2044 stitutus.

245 2087 534 2160 Praeterea
585 2091 1002 2160 consiliorum
1049 2091 1576 2182 evangelicorum
1620 2091 1881 2182 publica
1931 2093 2238 2184 professio
2283 2094 2407 2166 fuit'

167 2208 356 2296 procul
400 2207 604 2276 dubio
647 2227 685 2276 a
732 2204 986 2276 Christo
1033 2202 1313 2276 Domino
1357 2207 1653 2290 inducta3
1707 2208 1762 2278 si
1800 2209 2067 2300 quidem
2116 2209 2405 2281 Christus

165 2343 416 2407 expresse
468 2324 542 2392 in
591 2323 941 2413 Evangelio
987 2323 1068 2391 ad
1115 2321 1437 2414 ejusmodi
1478 2323 1897 2392 consiliorum
1936 2324 2405 2394 observantiam

165 2438 446 2508 hortatur.
499 2438 628 2508 Sed
671 2447 870 2508 status
912 2439 1256 2527 religiosus
1285 2439 1358 2506 in
1394 2437 1520 2507 hac
1555 2439 1695 2529 ipsa
1725 2439 1987 2530 publica
2017 2440 2406 2532 professione

159 2553 440 2621 consistit.
496 2553 570 2622 Si
618 2555 798 2623 enim
847 2552 1156 2646 professio
1211 2553 1348 2621 haec
1404 2559 1567 2621 esset
1614 2553 1773 2643 quid
1820 2575 1858 2621 a
1899 2561 2064 2623 statu
2102 2557 2405 2648 religioso

162 2667 474 2737 diversum
516 2675 580 2737 et
619 2669 696 2738 ab
743 2690 820 2738 eo
856 2668 1296 2760 independens
1317 2720 1338 2756 ,
1389 2667 1651 2738 abolitio
1699 2667 1978 2756 religiosi
2028 2675 2229 2739 status
2280 2693 2405 2761 pu·-

163 2781 394 2851 blicam
424 2785 829 2856 consiliorum
870 2786 1392 2876 evangelicorum
1432 2782 1895 2875 professionem
1932 2805 2065 2852 non
2094 2785 2351 2853 laederet
2380 2812 2395 2854 :

162 2900 334 2986 atqui
378 2905 576 2969 tamen
626 2903 1022 2972 contrarium
1071 2901 1292 2970 asserit
1347 2900 1499 2969 Pius
1552 2897 1664 2987 Vl,
1720 2899 1787 2967 in
1825 2898 2003 2968 brevi
2045 2899 2242 2981 Quod
2274 2899 2401 2968 ali·
2448 2979 2455 2986 .

157 3027 464 3102 quantum
502 3017 766 3109 (collect.
814 3018 1138 3096 brevium,
1173 3023 1346 3086 tomo
1391 3016 1454 3099 1,
1481 3035 1628 3105 pag.
1666 3012 1743 3080 91
1778 3019 1840 3080 et
1867 3011 1980 3096 92,
2021 3014 2171 3082 edit.
2212 3013 2393 3104 Belg.
2478 3073 2485 3081 .

159 3125 362 3220 1800),
393 3131 490 3200 his
519 3132 731 3200 verbis
763 3156 781 3200 ε
813 3131 1246 3222 Reqularium
1293 3129 1599 3216 abolitio,
1632 3151 1677 3196 a
1716 3142 2038 3197 conventu
2070 3129 2403 3199 nationali

153 3240 410 3324 decreta,
443 3245 628 3316 laedit
646 3259 902 3315 statum
917 3246 1208 3338 publica»
1229 3244 1654 3336 professionis
1680 3244 2102 3312 consiliorum
2122 3267 2399 3338 evanqe-

152 3356 428 3430 licor-um.
459 3363 637 3453 Ergo
665 3367 728 3430 et
753 3369 948 3431 status
987 3360 1323 3451 religiosus
1357 3357 1747 3428 institutioni
1786 3358 2020 3428 divinae
2049 3381 2399 3432 accensen-

149 3472 255 3541 dus
273 3483 384 3546 est.

221 3589 514 3681 Objicies.
561 3631 652 3644 —
678 3591 940 3662 Constat
965 3591 1176 3660 nullos
1202 3591 1508 3659 exstitisse
1534 3589 1865 3680 religiosos
1887 3590 2139 3660 duobus
2166 3589 2387 3658 saltem

141 3705 438 3792 prioribus
471 3707 774 3778 Ecclesiae
821 3706 1109 3789 saeculis;
1165 3729 1318 3798 ergo
1373 3711 1571 3776 status
1623 3706 1959 3798 religiosus
2006 3726 2136 3775 non
2190 3703 2310 3770 fuit
2356 3724 2393 3770 a

139 3815 372 3888 Christo
417 3824 778 3893 institutus.
831 3862 916 3876 —
970 3823 1346 3914 Respondeo
1382 3848 1398 3891 z
1458 3843 1624 3913 nego
1659 3825 2059 3892 antecedens.
2102 3818 2169 3887 ld
2208 3819 2387 3886 enim

141 3933 489 4008 nullatenus
535 3946 854 4025 constare,
909 3944 971 4008 et
1016 3939 1416 4008 eontrarium
1462 3958 1535 4004 ex
1582 3935 2022 4007 monumentis
2070 3932 2390 4001 historicis

141 4069 254 4118 esse
275 4050 488 4140 potius
514 4051 996 4122 admittendum
1024 4053 1376 4144 probamus
1399 4052 1690 4142 sequenti
1719 4052 1947 4141 capite.

215 4161 581 4236 Psoron-rio
599 4165 741 4236 V1·.
766 4207 856 4220 —
879 4172 1150 4238 Statum
1174 4167 1559 4260 reliqiosum
1580 4189 1711 4235 esse
1736 4144 2172 4232 institutionis
2194 4163 2390 4232 eccle-

141 4279 396 4350 mastica
439 4304 792 4373 perperam
843 4281 1341 4353 concluderetur
1371 4305 1453 4351 ex
1497 4303 1569 4349 eo
1597 4277 1775 4370 quod
1812 4275 1907 4345 ad
1940 4275 2388 4346 substantiam

142 4393 384 4484 hujusce
400 4409 618 4467 status
643 4401 1008 4468 necessaria
1027 4399 1115 4468 sz't
1141 4399 1450 4468 Ecclesiae
1476 4393 1899 4487 approbatio.
1924 4432 2013 4447 -
2036 4393 2201 4464 Nam
2228 4395 2385 4461 1⁰an
