2834 4959
1071 372 1222 421 PABS
1269 374 1531 432 QUARTA.
2310 366 2431 424 653

137 504 338 596 gravi
381 498 738 586 obligante,
783 491 963 561 haud
999 498 1208 562 tutam
1253 495 1324 563 in
1361 496 1541 587 praxi
1583 484 1877 564 existimo
1904 497 2237 586 praet'atam
2274 520 2435 569 con-

133 616 592 689 suetudinem.
646 607 836 679 Unde
884 608 1410 680 concludendum
1452 616 1631 702 puto,
1662 612 1867 681 teneri
1912 610 2303 703 Episcopum
2352 616 2431 683 ad

136 736 383 804 binam
437 724 972 820 explorationem,
1019 722 1285 813 scilicet,
1337 732 1402 793 et
1458 733 1605 795 ante
1652 725 1913 797 habitus
1959 728 2435 819 susceptionem

141 849 438 940 (quoties
493 842 714 936 puella
771 838 1118 908 duodecim
1177 838 1366 908 annis
1413 842 1629 930 major
1682 843 1827 931 est),
1882 848 1947 910 et
2007 842 2239 913 iterum
2289 854 2437 915 ante

139 960 646 1052 professionem.

235 1072 528 1155 Qumis-rio
556 1070 658 1138 11⁸.
692 1104 782 1120 —
810 1068 920 1137 An
951 1066 1146 1135 dictae
1163 1067 1635 1158 explorationis
1656 1069 1919 1139 omissio
1942 1072 2347 1145 novitiatum
2375 1091 2441 1145 et

131 1187 636 1281 professionem
663 1180 982 1253 invalidet
1005 1187 1039 1249 ἵ
1067 1218 1158 1234 ·—
1197 1206 1234 1247 «
1265 1182 1754 1253 Advertendum
1782 1206 1857 1253 ex
1884 1185 2222 1276 Faguano,
2252 1194 2431 1281 quod

151 1330 194 1370 a
225 1305 382 1373 licet
461 1301 738 1392 graviter
813 1302 1084 1391 peccent
1160 1299 1546 1388 superiores,
1606 1300 1847 1391 absque
1910 1301 2082 1373 dieto
2132 1306 2431 1377 examine

155 1418 516 1507 «puellam
571 1416 648 1485 ad
693 1412 1154 1506 professionem
1205 1414 1641 1502 admittentes,
1694 1423 1913 1487 tamen
1960 1420 2269 1509 professio
2328 1445 2435 1491 va-

159 1559 198 1599 «
225 1534 364 1602 lida
393 1534 514 1617 sit3
561 1537 754 1622 prout
788 1536 1013 1598 contra
1045 1528 1264 1619 plures
1317 1528 1671 1599 decisiones
1728 1529 1903 1601 Rotae
1957 1532 2155 1623 (apud
2200 1533 2433 1626 Pigna·

159 1676 198 1717 α
227 1651 484 1732 tellum,
515 1655 678 1718 tom.
711 1647 781 1733 9,
813 1644 1101 1715 consult.
1143 1644 1294 1729 173,
1330 1670 1399 1713 n.
1458 1647 1609 1739 129)
1654 1646 1999 1719 declaravit
2052 1650 2121 1719 S.
2149 1649 2443 1741 Congre-

163 1790 199 1829 α
241 1766 438 1853 gatio.
486 1789 522 1829 s
577 1761 1048 1853 (Reiffenstuel,
1097 1761 1164 1828 in
1211 1760 1306 1829 tit.
1347 1758 1459 1845 33,
1499 1761 1649 1833 libri
1716 1761 1757 1831 3
1812 1762 2093 1849 Decret.,
2136 1788 2203 1834 n.
2258 1767 2439 1857 185.)

157 1881 344 1949 ldem
385 1880 579 1949 tradit
625 1877 958 1947 Ferraris:
1018 1901 1052 1941 α
1087 1874 1384 1943 Defectus
1428 1875 1879 1966 explorationis
1922 1877 2270 1949 voluntatis
2309 1903 2441 1949 non

165 1994 452 2061 «irritat
494 1992 922 2081 receptionem
967 1998 1030 2057 et
1078 1989 1562 2057 admissionem.
1592 2014 1628 2054 n
1684 1990 1794 2081 (Ψ
1842 1992 2185 2082 Moniales‚
2212 2002 2331 2063 art.
2374 1998 2440 2083 1,

160 2128 234 2174 n.
276 2106 422 2198 70.)
491 2130 526 2173 <t
565 2105 864 2175 Defectus
912 2091 1114 2194 hujus
1161 2104 1617 2194 explorationis
1670 2126 1805 2173 uon
1856 2106 2151 2175 annullat
2198 2110 2437 2199 profes-

167 2222 502 2291 «sionem.
537 2246 574 2286 »
645 2220 878 2313 (idem,
908 2219 1102 2301 ibid„
1149 2240 1218 2287 n.
1261 2218 1408 2309 95.)
1448 2220 1661 2311 Atque
1725 2220 1819 2290 ibi
1858 2220 2121 2291 adducit
2156 2222 2441 2295 Fet-raris

159 2337 404 2406 multos
441 2337 600 2405 alios
649 2336 959 2405 doctores.
992 2334 1284 2405 Tandem
1324 2335 1643 2405 invalidas
1679 2357 1811 2405 uon
1850 2358 1983 2406 esse
2020 2340 2440 2424 professiones

163 2453 558 2542 puellarum,
585 2452 828 2541 absque
863 2452 1102 2541 praevia
1139 2450 1310 2520 dicta
1349 2452 1779 2542 exploratione
1806 2454 2094 2539 emissas,
2127 2461 2437 2545 tanquam

159 2576 418 2637 certum
450 2576 510 2635 et
537 2567 780 2658 pluries
808 2566 1100 2635 decisum
1133 2566 1328 2633 tradit
1351 2566 1701 2654 Faguanus
1730 2569 1832 2637 his
1856 2570 2069 2639 verbis
2098 2594 2117 2637 ε
2156 2574 2439 2641 Contra·

157 2683 432 2751 rium...
459 2684 700 2773 saepius
719 2679 1088 2751 declaravit
1105 2682 1178 2747 S.
1211 2681 1673 2769 Conqreqatio.
1710 2682 2263 2774 Quandoquidem
2286 2710 2441 2755 con-

158 2798 426 2879 cilium,
447 2798 564 2866 ubi
589 2798 804 2869 voluit
827 2796 1163 2887 imponere
1169 2816 1448 2885 poenam
1474 2794 1820 2863 nullitatis
1848 2810 2059 2878 actus,
2082 2798 2157 2865 id
2184 2798 2441 2869 disertz's

157 2912 377 2981 verbis
409 2914 724 3004 eaepressit
753 2913 848 3003 (in
877 2932 1018 3001 cap.
1058 2913 1222 2979 Cum
1247 2909 1685 2994 accessissent,
1718 2909 1799 2977 de
1823 2911 2435 3000 constitutionibus,

152 3048 218 3095 n.
281 3026 419 3118 30).
463 3028 902 3118 peremptoria
947 3033 1064 3108 est,
1124 3046 1326 3115 quam
1371 3024 1633 3092 adducit
1686 3022 2057 3113 Fagnanus,
2090 3028 2252 3095 ratio
2290 3050 2307 3093 ε
2368 3035 2442 3096 ut

153 3162 403 3233 nempe
475 3148 848 3233 sequeretur
917 3140 1184 3209 nullitas
1257 3141 1605 3209 novitiatus
1672 3148 1785 3209 aut
1863 3142 2299 3231 professioniS,
2366 3164 2439 3211 ex

152 3258 405 3325 omissa
449 3256 620 3327 dicta
677 3255 1136 3347 exploratione,
1205 3252 1463 3321 deberet
1532 3254 1795 3323 nullitas
1868 3254 2009 3323 haic
2060 3256 2127 3323 in
2185 3256 2441 3325 decreto

152 3367 551 3440 Tridentino
579 3371 880 3461 exprimi,
905 3369 1088 3459 atqui
1111 3389 1244 3437 non
1271 3367 1677 3457 exprimitur.

247 3488 548 3566 QuAEsrlo
580 3486 714 3555 111⁸.
749 3485 976 3553 —.An
1003 3482 1184 3553 dicta
1211 3494 1505 3573 potestas
1537 3494 1601 3551 et
1636 3484 1959 3575 obliqatio
1993 3488 2313 3579 Episcopi
2338 3489 2441 3555 in-

155 3626 506 3699 qressuras
519 3605 590 3671 in
611 3602 1002 3691 reliqionem
1019 3597 1719 3686 examinandi,'locum
1738 3600 1981 3669 habeat
1998 3602 2201 3669 etiam
2220 3602 2445 3692 quoad

157 3720 492 3793 moniales
532 3719 920 3807 exemptas?
949 3752 1040 3767 -
1067 3712 1615 3803 Respondendum
1659 3715 2083 3805 affirmative3
2126 3722 2347 3805 estque
2375 3716 2441 3783 id

158 3846 345 3905 extra
399 3832 901 3902 controversiam
955 3829 1128 3921 apud
1191 3826 1504 3909 doctores,
1558 3833 1777 3920 utpote
1826 3831 2071 3921 pluries
2124 3828 2435 3900 decisum.

171 3980 212 4017 a
245 3947 470 4019 Puella
508 3948 587 4016 ad
635 3946 934 4015 habitum
973 3943 1340 4035 recipienda
1370 3944 1611 4035 (inquit
1632 3942 1945 4031 Ferraris,
1987 3957 2053 4016 v⁰
2092 3947 2439 4053 Monioles,

176 4094 208 4133 α
241 4072 362 4136 art.
403 4067 464 4150 1,
493 4084 562 4131 n.
591 4060 707 4151 66)
735 4069 828 4133 est
861 4060 944 4130 ab
981 4060 1304 4153 Episcopo
1341 4060 1445 4129 vel
1500 4062 1641 4150 ejus
1677 4060 1983 4151 deputato
2028 4062 2439 4154 exploranda,

177 4208 214 4250 α
239 4203 328 4249 an
367 4186 603 4262 coacta,
631 4200 718 4246 an
754 4178 1014 4247 seducta
1044 4176 1152 4265 sit,
1169 4196 1252 4243 an
1290 4176 1447 4243 sciat
1484 4174 1643 4265 quid
1690 4182 1839 4265 agat
1876 4182 1940 4245 et
1979 4177 2438 4269 hujusmodi...

181 4324 218 4365 α
247 4296 327 4365 Et
353 4298 478 4367 hoc
504 4299 700 4367 etiam
741 4295 814 4363 in
857 4293 1261 4363 monasteriis
1289 4290 1701 4382 regularibus
1746 4291 2075 4382 subjectis,
2102 4300 2179 4363 ut
2214 4294 2445 4385 saepius

191 4436 226 4477 α
252 4411 594 4483 declaravit
630 4410 698 4483 S.
755 4408 1182 4501 Congregatio
1227 4404 1536 4497 Consilii,
1557 4414 1621 4475 et
1666 4407 1997 4497 signanter
2062 4410 2169 4479 die
2208 4408 2287 4479 13
2321 4430 2443 4478 no-
