2834 4959
1063 309 1214 356 PARS
1260 309 1483 358 PRIMA.
2291 309 2321 362 >1
2342 309 2365 362 t
2386 309 2419 362 7

171 455 206 497 ι
231 432 296 500 rii
313 427 496 512 Xlll,
520 447 674 519 quse
702 427 934 520 incipit
959 429 1394 499 Ascendente.
1448 455 1482 496 J)
1529 429 1647 500 His
1687 436 2076 522 praenotatis,
2120 437 2425 525 probatur

163 545 484 638 propositio
515 544 922 633 argumentis
951 545 1368 634 sequentibus
1401 571 1421 614 ε

222 663 658 732 Aue-numus
707 657 758 729 Ι.
793 696 882 710 -
907 663 1022 728 Ex
1063 659 1262 730 bullis
1303 661 1608 752 Greqorii
1643 664 1841 732 XIII.
1886 701 1975 716 —
2014 665 2090 733 In
2122 667 2432 734 eonstitu-

153 776 300 846 tione
329 779 614 860 Quanto
639 774 1066 862 fructuosius,
1109 776 1269 844 anni
1301 775 1503 864 1583,
1541 777 1634 844 sic
1659 781 2121 868 pronuntiatur
2160 803 2177 848 ε
2219 807 2257 846 ιι
2288 779 2430 849 Sta—

157 919 186 958 ι
225 889 470 958 tuimns
507 910 579 958 ac
611 890 806 959 etiam
847 888 1299 975 decernimus,
1341 911 1475 960 non
1510 892 1708 960 modo
1750 913 1857 962 eos
1897 895 2016 983 qui
2054 894 2125 961 in
2160 895 2429 981 coadju-

161 1029 194 1071 α
237 1013 452 1072 torum
518 1004 967 1092 formatorum,
1022 1000 1156 1076 sive
1243 1007 1712 1098 spiritualium,
1770 1009 1905 1076 sive
1971 1010 2427 1101 temporalium

165 1145 198 1183 ι
242 1119 470 1209 gradus
495 1126 556 1187 et
591 1119 954 1196 ministeria
995 1120 1461 1212 admittuntur,
1516 1122 1627 1192 sed
1678 1123 1869 1192 etiam
1909 1123 2065 1193 alios
2098 1147 2323 1195 omnes
2365 1130 2429 1194 et

166 1259 200 1298 α
235 1257 666 1325 quoscunque,
713 1236 828 1326 qui
865 1237 934 1305 in
993 1237 1132 1329 ipsa
1173 1240 1473 1311 societate
1527 1239 1817 1328 admissi,
1872 1239 2133 1309 biennio
2176 1241 2427 1332 proba-

168 1374 202 1414 a
241 1351 422 1420 tionis
483 1373 524 1420 a
577 1372 968 1442 quocunque
1040 1361 1322 1442 peracto,
1387 1355 1511 1423 tria
1574 1362 1721 1422 vota
1756 1356 2107 1446 ·praedicta,
2171 1358 2433 1426 tametsi

160 1491 190 1528 α
239 1467 584 1557 simplicia,
618 1467 981 1548 emiserint,
1023 1469 1444 1560 emittentque
1492 1471 1561 1538 in
1603 1470 1929 1556 futurum,
1984 1493 2129 1540 vere
2176 1479 2239 1542 et
2268 1493 2425 1564 pro-

161 1606 190 1643 ι
225 1582 362 1670 prie
407 1581 748 1671 religiosos
776 1582 973 1652 fuisse
1019 1589 1080 1652 et
1127 1606 1290 1671 esse,
1321 1591 1384 1654 et
1411 1585 1655 1674 ubique
1686 1607 1940 1676 semper
1980 1587 2064 1656 ab
2116 1587 2425 1656 omnibus

159 1728 191 1766 ι
224 1703 474 1772 censeri
495 1710 559 1769 et
583 1702 910 1772 nominari
951 1703 1208 1788 debere,
1257 1727 1334 1773 ac
1374 1707 1431 1772 si
1481 1705 1551 1773 in
1600 1705 2029 1794 professorum
2076 1706 2425 1794 praedicto·

155 1841 186 1881 ι
226 1840 380 1888 rum
409 1839 766 1888 numerum
793 1817 1096 1910 adscripti
1121 1819 1410 1888 fuissent.
1445 1819 2000 1910 Praecipimusque
2038 1825 2103 1886 et
2134 1818 2410 1886 interdi-

156 1957 190 2000 α
236 1935 482 2020 cimus,
511 1935 1046 2025 nequisquam...
1090 1934 1252 2003 illud
1279 1936 1351 2004 in
1390 1939 1975 2004 controversiam...
2021 1951 2257 2022 ponere
2279 1951 2406 1998 au-

157 2075 190 2112 «
234 2047 380 2116 deat
407 2051 877 2139 quoquomodo.
911 2075 946 2116 n
979 2049 1052 2118 ln
1082 2049 1262 2119 bulla
1289 2058 1505 2119 autem
1534 2047 1967 2133 Ascendente,
1988 2046 2143 2114 anni
2184 2044 2355 2114 1584
2386 2069 2402 2112 ε

153 2191 190 2232 ι
230 2163 592 2236 Statnimus
617 2189 692 2236 ac
710 2165 1124 2235 decernimus
1164 2167 1286 2234 tria
1305 2171 1451 2234 vota
1478 2166 1879 2255 hujusmodi,
1916 2165 2033 2234 etsi
2066 2161 2419 2254 simplicia,

155 2305 188 2345 ι
219 2301 288 2348 ex
325 2281 534 2372 hujus
579 2279 763 2350 Sedis
789 2281 1186 2350 institutione
1210 2303 1285 2350 ac
1313 2287 1527 2352 nostra
1568 2282 1763 2352 etiam
1795 2279 2245 2363 declaratione,
2273 2299 2409 2348 esus

155 2421 188 2460 a
229 2417 374 2478 vere
416 2397 868 2469 substantialia
909 2397 1238 2488 religionis
1283 2404 1448 2466 vota.
1500 2423 1535 2463 n
1593 2397 1686 2468 Ex
1724 2398 1807 2466 iis
1862 2397 2135 2466 textibus
2168 2393 2267 2464 sic
2296 2415 2423 2464 *ao-

151 2509 362 2596 guitur
401 2534 422 2576 z
466 2515 615 2577 vota
651 2509 1180 2580 scholasticorum
1219 2510 1533 2579 societatis
1567 2507 1717 2578 Jesu
1756 2514 1910 2578 sunt
1954 2507 2310 2599 simplicia,
2338 2513 2424 2576 et

153 2629 358 2691 tamen
384 2625 430 2692 ii
471 2624 843 2698 scholastici
889 2631 1040 2694 sunt
1085 2646 1234 2694 vere
1275 2630 1336 2692 et
1378 2623 1637 2716 proprie
1678 2622 2001 2712 religiosi3
2046 2641 2199 2712 ergo
2234 2642 2427 2691 vertis

159 2747 224 2804 et
271 2739 512 2830 proprie
567 2740 780 2814 dictus
834 2745 1032 2808 status
1081 2739 1425 2828 religiosus
1483 2745 1649 2812 stare
1701 2743 1903 2828 potest
1952 2738 2190 2827 absque
2254 2743 2429 2806 voto-

159 2874 312 2922 rum
353 2855 774 2926 solemnitate.
845 2855 957 2933 Est
1005 2863 1223 2927 autem
1277 2859 1741 2946 argumentum
1784 2852 2107 2942 ejusmodi
2152 2853 2423 2920 omnino

167 2973 696 3064 peremptorium,
742 2977 935 3063 atque
989 2993 1254 3042 omnem
1307 2969 1825 3040 cavillationibus
1857 2968 2105 3038 aditum
2150 2964 2429 3056 praeclu-

155 3084 272 3154 dit.
309 3085 386 3156 Ut
419 3089 582 3158 adeo
625 3087 818 3156 bodie
863 3088 1202 3156 temeraria
1247 3085 1378 3154 dici
1430 3106 1609 3176 posse
1654 3083 1915 3152 assertio
1968 3081 2285 3151 contraria
2316 3081 2429 3151 'vi-

153 3201 402 3270 deatur.
447 3203 530 3274 Et
581 3209 702 3288 sic,
757 3204 1096 3277 occasione
1135 3201 1667 3270 scholasticorum
1714 3197 2026 3268 societatis
2078 3196 2257 3284 Jesu,
2300 3219 2427 3266 au-

153 3317 444 3386 ctoritate
483 3317 857 3408 Apostolica
899 3317 1082 3386 finita
1107 3323 1250 3396 est,
1304 3317 1423 3385 bac
1464 3315 1543 3384 de
1588 3337 1658 3384 re
1709 3321 1895 3384 antea
1936 3315 2231 3400 existens,
2279 3314 2425 3407 opi-

147 3430 360 3500 nandi
387 3433 672 3507 varietas·

235 3547 678 3625 Ascanimia
704 3547 780 3616 ll.
813 3585 906 3600 -
925 3549 1042 3619 Ea:
1093 3547 1407 3616 unanimi
1436 3547 1869 3616 recentiorum
1894 3545 2236 3616 doctorum
2264 3565 2419 3612 eon-

145 3685 381 3733 sensu.
437 3703 534 3718 —
590 3662 1072 3752 Argumentum
1137 3663 1300 3732 illud
1360 3662 1724 3733 evolutione
1770 3684 1903 3731 non
1952 3663 2221 3748 indiget.
2266 3656 2421 3726 Post

137 3781 374 3848 citatas
427 3803 670 3872 nempe
717 3779 1012 3868 Gregorii
1061 3779 1213 3850 XllI
1262 3780 1770 3864 constitutiones,
1818 3781 2135 3869 quotquot
2166 3773 2416 3842 dictam

139 3895 576 3985 quaetionem
605 3893 862 3985 scriptis
887 3895 1242 3984 attigerunt
1279 3894 1621 3964 canonistae
1655 3915 1730 3962 ac
1776 3891 2054 3978 theologi
2096 3885 2427 3975 catholici,

141 4015 466 4095 tanquam
515 4016 766 4082 certum
837 4009 1234 4081 concludunt
1301 4009 1439 4080 dari
1511 4033 1689 4102 posse
1749 4015 1987 4078 statum
2051 4001 2425 4092 religiosum

142 4122 402 4211 absque
437 4125 602 4193 votis
649 4124 1074 4199 solemnibus.
1109 4125 1320 4206 Quam
1367 4145 1789 4194 communem
1826 4119 2255 4189 recentionum
2302 4119 2429 4188 do·

145 4239 440 4308 ets-inam
487 4241 608 4325 sic,
637 4241 808 4311 inter
853 4241 1040 4324 alios,
1089 4248 1349 4312 testatur
1379 4245 1639 4309 sanctus
1682 4234 2063 4307 Franciscus
2100 4233 2423 4304 Salesius:

155 4377 200 4416 α
241 4351 910 4449 Βὶεη.(ῐυρ,ρΙιιείουι·ε
931 4361 1192 4428 anciens
1231 4365 1296 4427 et
1336 4377 1561 4446 graves
1594 4354 2049 4443 scholastiques
2084 4351 2435 4444 :pensemnt
