2834 4959
1109 367 1258 412 PAns
1303 367 1543 414 unm.
2339 363 2461 419 323

1231 619 1274 710 g
1321 621 1442 690 111.

165 817 234 867 De
259 814 538 866 ‘tertianis
565 825 682 877 quae
705 813 761 864 in
787 814 1173 876 congregatione
1197 815 1396 873 vivunt,
1428 813 1623 878 absque
1656 814 1890 866 clausura
1909 821 1963 869 et
1988 820 2119 868 vous
2144 819 2472 872 solemnibus.

271 1051 660 1122 Pnovosmo
679 1048 755 1118 1⁸.
784 1085 876 1101 —
891 1049 970 1118 Si
991 1047 1450 1120 attenderetur
1470 1051 1813 1123 duntaxat
1831 1054 1925 1122 ad
1944 1057 2479 1129 constitutionem

177 1166 419 1236 sancti
441 1168 554 1236 Pii
587 1169 656 1254 V,
685 1165 1022 1234 Tertiarioe
1041 1164 1359 1257 colleqial
1361 1167 1491 1235 iter
1512 1167 1803 1238 viventes
1829 1171 2073 1263 absque
2090 1174 2399 1244 clausura
2412 1185 2477 1244 et

179 1284 374 1352 votis
393 1281 828 1366 solemnibus,
851 1302 986 1350 non
1013 1292 1281 1350 tantum
1293 1283 1515 1354 nullis
1528 1284 1918 1376 privileqiis
1940 1287 2336 1377 qauderent,
2366 1289 2484 1358 sed

181 1423 314 1471 nec
341 1399 525 1468 licite
569 1397 839 1468 existere
863 1411 1152 1492 possent.
1195 1435 1287 1451 —
1317 1399 1587 1469 Certum
1614 1407 1708 1471 est
1738 1402 2072 1472 laudatum
2100 1403 2480 1476 Pontificem

181 1515 518 1586 moniales
543 1512 862 1602 ejusmodi
890 1514 972 1583 de
989 1513 1200 1583 medio
1215 1514 1523 1600 sublatas,
1550 1522 1743 1606 atque
1769 1517 2123 1588 omninoin
2156 1525 2483 1611 posterum

178 1633 504 1704 extinctas
545 1629 845 1698 voluisse.
887 1627 961 1696 Id
1004 1627 1312 1698 evincunt
1341 1629 1739 1719 apertissime
1778 1632 1919 1700 haec
1948 1634 2136 1702 dictae
2174 1637 2483 1705 constitu-

179 1746 384 1818 tionis
403 1744 646 1814 vcrbe:
669 1743 981 1816 Mulieres
1005 1765 1286 1836 quoque,
1314 1765 1463 1834 quae
1492 1744 1833 1814 Tertiarioe
1858 1769 1971 1814 seu
1992 1747 2071 1816 de
2082 1753 2487 1840 poenitentia

183 1863 546 1946 dicuntur,
555 1861 1004 1952 cujuscunque
1008 1860 1269 1950 fuerint
1278 1857 1557 1947 ordinis,
1572 1859 1645 1928 in
1654 1863 2159 1952 conqreqatione
2172 1866 2487 1955 viventes,

187 1981 250 2048 si
269 1991 339 2048 et
361 1978 533 2070 ipsoe
549 1963 870 2068 professae
896 1977 1179 2066 fua-int,
1199 1976 1306 2044 ita
1329 1987 1410 2044 ut
1436 1976 1720 2044 solemne
1744 1989 1973 2046 votum
2000 1979 2366 2069 emiserint,
2398 1983 2493 2050 ad

187 2097 586 2166 clausuram
607 2093 888 2184 proecise
927 2104 1006 2160 ut
1029 2091 1491 2184 praemittitur
1514 2103 1579 2160 et
1602 2091 1765 2184 zpsae
1794 2104 2166 2163 teneantur.
2204 2095 2401 2178 Quod
2418 2099 2482 2166 si

188 2225 429 2282 votum
452 2209 750 2278 solemne
769 2231 908 2276 non
923 2207 1286 2292 emiserint,
1322 2205 1687 2295 Ordinarii,
1714 2230 1855 2277 una
1871 2230 2021 2277 cum
2044 2211 2487 2302 superioribus

185 2348 432 2398 earum
455 2325 810 2392 hortentur
828 2335 893 2392 et
905 2321 1302 2414 persuadere
1317 2319 1630 2391 studeant
1646 2335 1723 2392 ut
1734 2323 1915 2392 illud
1928 2325 2263 2412 emittant,
2276 2329 2491 2420 profi·

188 2455 497 2529 ceantur,
522 2463 603 2508 ac
626 2452 780 2530 post
801 2439 1208 2508 emissionem
1238 2451 1302 2508 et
1317 2439 1797 2530 professionem
1838 2439 2043 2509 eidem
2074 2441 2395 2512 clausuros
2430 2467 2496 2513 se

186 2557 590 2648 subjiciant.
614 2553 881 2640 Quodsi
894 2555 1367 2642 recusaverint,
1384 2565 1451 2621 et
1468 2554 1813 2645 aliquoeea:
1826 2557 1919 2624 eis
1932 2558 2215 2626 inventae
2226 2561 2493 2650 suerint

188 2672 591 2744 scandaloso
614 2672 858 2757 vivere,
878 2670 1280 2738 severissime
1293 2668 1706 2758 puniantur.
1740 2671 2003 2737 Caeteris
2024 2686 2252 2740 autem
2278 2677 2494 2743 omni-

199 2791 328 2858 bus
354 2789 452 2856 sic
477 2786 718 2878 absque
741 2786 1088 2854 emissione
1102 2781 1536 2876 professionis
1560 2792 1627 2848 et
1644 2781 1957 2850 clausura
1984 2785 2197 2853 vivere
2218 2790 2492 2858 omnino

196 2903 604 2986 volentibus,
619 2900 1074 2971 interdicimus
1097 2912 1163 2968 et
1173 2909 1501 2990 perpetuo
1518 2893 1972 2987 prohibemus,
1987 2919 2067 2964 ne
2090 2901 2161 2966 in
2178 2899 2493 2989 futurum

195 3021 428 3090 ullam
449 3018 665 3086 aliam
689 3037 966 3108 prorsus
1001 3016 1074 3084 in
1099 3036 1297 3082 suum
1324 3011 1651 3100 ordinem,
1686 3010 2102 3103 reliqionem,
2131 3037 2491 3110 conqreqa-

193 3137 536 3206 tionemve
561 3130 914 3224 recipiant.
965 3129 1160 3214 Quod
1180 3129 1270 3217 si,
1302 3141 1537 3197 contra
1563 3125 1949 3218 hujusmodi
1988 3127 2161 3196 hanc
2190 3141 2490 3200 nostram

190 3249 721 3345 prohibitionem.
733 3260 800 3316 et
819 3245 1176 3330 decretum,
1195 3243 1374 3312 alias
1388 3242 1771 3336 receperint,
1793 3263 1903 3309 eas
1915 3241 2010 3310 ad
2020 3242 2117 3311 sic
2133 3242 2489 3315 vivendum

194 3369 486 3441 omnino
515 3364 852 3435 inhabiles
879 3361 1236 3432 reddimus.
1263 3359 1414 3429 Post
1438 3360 1607 3430 illud
1634 3358 1701 3428 S.
1735 3357 1837 3426 Pii
1859 3357 1920 3427 V
1946 3357 2304 3446 decretum,
2338 3367 2489 3434 nul-

194 3486 344 3553 lam
367 3482 718 3552 mulierem
741 3479 1028 3571 potuisse
1051 3478 1226 3546 licite
1252 3483 1364 3543 aut
1391 3475 1587 3543 etiem
1609 3473 1819 3544 valide
1840 3475 2039 3565 recipi
2064 3479 2137 3543 in
2163 3479 2485 3568 ejusmodi

191 3595 820 3691 congregationibus
847 3591 1340 3674 Tertianarum,
1367 3589 1609 3680 absque
1641 3587 1941 3659 clausura
1963 3595 2025 3658 et
2052 3591 2213 3660 votis
2240 3593 2484 3698 solem-

191 3713 404 3785 nibus
425 3712 822 3796 ¹viventium,
853 3707 1254 3778 unanimiter
1271 3711 1619 3774 tenuerunt
1646 3707 2017 3793 canonistae,
2050 3713 2241 3797 prout
2266 3707 2485 3780 videre

191 3827 920 3920 estapudBenedictum
935 3823 1091 3894 xlv
1107 3820 1602 3912 (Institutiones
1610 3820 2086 3911 ecclesiastic-ce,
2104 3824 2301 3892 instit.
2328 3825 2451 3894 105
2462 3881 2480 3911 ,

197 3972 279 4020 n.
339 3947 477 4034 75).
509 3943 646 4014 lmo
671 3951 736 4014 et
765 3943 854 4013 ita
891 3961 1180 4034 expresse
1217 3938 1612 4008 declaratum
1642 3937 1841 4006 fuisse
1865 3939 2243 4007 auctoritate
2272 3935 2491 4008 Ponti-

195 4063 360 4134 ficio
397 4057 592 4128 refert
615 4057 792 4128 idem
817 4053 1134 4138 Pontifex,
1175 4053 1244 4122 in
1277 4051 1457 4120 hunc
1482 4049 1795 4120 modnmt
1834 4073 1873 4116 ot
1904 4051 1979 4118 In
1998 4052 2273 4120 decretis
2302 4053 2493 4123 evul-

205 4205 244 4244 «
277 4175 448 4268 gatis
496 4195 669 4244 anno
718 4170 929 4252 1616,
991 4175 1332 4262 postquam
1375 4164 1620 4236 sancita
1670 4163 1937 4234 fuerunt
1987 4185 2086 4255 ee,
2136 4186 2285 4257 quae
2351 4170 2491 4256 jem

209 4323 248 4360 ιι
285 4291 828 4378 memoravimus,
875 4287 946 4356 in
988 4285 1296 4356 mulieres
1333 4283 1505 4354 tertii
1540 4280 1811 4362 ordiniS,
1858 4301 2007 4371 quae
2052 4285 2374 4374 privatam
2420 4285 2491 4353 in

211 4437 246 4472 α
281 4407 418 4480 suis
465 4403 820 4477 domiciliis
859 4404 1060 4474 vitem
1093 4401 1471 4485 traducunt,
1508 4397 1651 4469 haee
1690 4399 1903 4468 statim
1940 4397 2271 4468 adduntur
2304 4423 2323 4469 ε
2370 4403 2495 4470 Su-
