2834 4959
442 259 522 316 98
1014 265 1351 313 mourus
1395 265 1476 312 nn
1518 265 1669 311 suas
1712 265 2126 312 anonumum.

535 387 614 456 ll.
637 387 950 454 Rationes
975 384 1293 478 neqandi.
1331 423 1421 438 -
1447 385 1550 453 Ad
1581 384 1861 453 tollenda
1896 385 1967 452 in
1993 385 2395 474 perfectionis
2412 405 2662 477 prosecu-
2742 365 2744 374 ¹

448 500 1121 592 tioneimpedimenta‚
1153 521 1286 568 non
1315 499 1528 571 solum
1567 498 1857 568 arcendae
1884 504 2063 580 sunt,
2106 501 2315 589 quoad
2345 500 2502 570 bona
2525 505 2660 568 tem-

453 616 720 708 poralia,
770 615 1132 684 sollicitudo
1173 622 1236 683 et
1272 615 1624 698 distractio,
1654 613 1765 682 sed
1812 612 2008 682 etiam
2057 633 2261 682 amor.
2306 612 2495 682 Porro
2534 613 2662 682 dum

452 735 600 823 quis
643 737 846 822 potest
884 730 1075 799 rebus
1116 729 1246 799 illis
1279 731 1372 798 uti
1415 728 1920 820 independenter
1954 735 2017 797 et
2047 741 2125 796 ut
2160 731 2474 822 propriis,
2506 729 2661 798 vehe-

453 852 702 916 menter
728 845 1087 938 impellitur
1116 843 1196 913 ad
1238 867 1341 914 eas
1384 845 1694 914 amandas
1750 850 1821 911 ut
1846 845 2163 937 proprias.
2208 843 2287 912 Et
2328 847 2416 914 sic
2448 844 2663 913 affectus
2744 825 2746 830 ’

450 962 763 1042 irretitur,
836 965 898 1029 et
959 983 996 1028 a
1045 981 1206 1051 pura
1245 958 1361 1028 Dei
1415 960 1660 1028 summi
1731 957 1887 1027 boni
1958 961 2398 1052 prosecutione
2466 959 2657 1029 deficit.

445 1074 629 1146 Unde
669 1077 750 1145 ad
791 1081 1028 1144 statum
1067 1075 1503 1167 perfectionis,
1534 1095 1607 1142 ac
1640 1074 1913 1165 proinde
1940 1074 2021 1143 ad
2062 1081 2299 1144 statum
2337 1075 2661 1165 religiosum

443 1191 798 1260 necessaria
845 1196 939 1258 est
984 1196 1344 1281 paupertas,
1397 1211 1549 1281 quae
1590 1189 1814 1258 saltem
1866 1209 2063 1257 usum
2098 1189 2414 1259 bonorum
2462 1193 2662 1278 tempo·
2746 1175 2748 1184 ²

445 1307 678 1378 ralium
704 1305 1242 1397 independentem
1272 1304 1537 1373 auferat.

529 1422 724 1492 Facta
771 1429 988 1490 autem
1043 1419 1346 1489 historica
1378 1441 1575 1510 supra
1615 1425 1993 1506 memorata,
2038 1418 2323 1510 rigorose
2369 1439 2491 1490 non
2524 1419 2665 1488 evin·
2749 1445 2750 1480 3

447 1545 606 1608 cunt
681 1536 1014 1626 religiosos
1081 1534 1224 1604 illos
1289 1535 1831 1625 independentem
1894 1535 2075 1603 hunc
2137 1557 2329 1604 usum
2386 1533 2657 1604 habuisse.

453 1651 593 1722 Dici
649 1653 824 1720 euim
877 1656 1080 1741 potest
1130 1651 1298 1741 ipsos
1333 1650 1412 1718 de
1458 1650 1649 1718 bonis
1687 1651 1821 1718 suis
1869 1671 1987 1740 per
2024 1649 2397 1720 donationes
2436 1655 2491 1718 et
2516 1655 2667 1716 testa-

453 1772 668 1838 menta
725 1767 1134 1858 disposuisse,
1193 1787 1325 1834 non
1403 1787 1520 1855 pro
1590 1765 1860 1835 arbitrio
1910 1770 1973 1834 et
2021 1765 2538 1857 independenter,
2586 1763 2663 1832 sed
2751 1855 2752 1858 Ἴ

454 1904 606 1952 cum
653 1881 1058 1973 superiorum
1123 1880 1445 1950 facultate.
1508 1878 1693 1948 Hanc
1738 1878 2061 1969 siquidem
2117 1879 2523 1970 hypothesim
2576 1877 2665 1945 ad·
2750 1859 2752 1866 Α

446 2000 637 2067 ducta
679 1994 968 2087 exempla
1030 2016 1163 2064 non
1220 1994 1526 2062 videntur
1573 1994 1933 2063 excludere.
1989 1991 2177 2062 Unde
2232 1997 2440 2086 potius
2494 1993 2667 2062 dicen·
2750 1975 2752 1978 Α

458 2111 771 2190 dum,eos
817 2109 1014 2177 etiam
1069 2106 1447 2187 monachos,
1500 2107 1616 2198 qui
1671 2107 1977 2197 leguntur
2022 2108 2397 2178 donationes
2438 2113 2667 2176 attesta-

457 2231 673 2294 menta
760 2223 1002 2311 fecisse,
1083 2222 1543 2314 independenti
1640 2222 1959 2292 bonorum
2054 2226 2508 2317 temporalium
2574 2241 2665 2290 usu

451 2339 756 2410 caruisse.
811 2338 891 2408 Et
937 2338 1094 2408 forte
1137 2338 1202 2405 id
1243 2345 1495 2408 tantum
1550 2338 1869 2429 peculiare
1905 2338 2026 2408 ruit
2078 2341 2415 2411 nonnullis
2464 2348 2665 2429 tempo-

453 2455 634 2523 ribus
689 2459 752 2521 et
796 2453 1194 2550 regionibuS,
1257 2462 1327 2521 ut
1379 2452 1610 2521 soleret
1650 2453 1983 2543 ejusmodi·
2032 2454 2298 2523 licentia
2352 2452 2595 2524 testandi
2624 2457 2667 2516 et

459 2569 820 2640 donationes
849 2567 1120 2637 faciendi
1147 2568 1483 2636 monachis
1512 2575 1587 2636 ac
1612 2567 2005 2636 monialibus
2035 2569 2222 2639 facile
2246 2570 2527 2639 concedi.
2754 2631 2756 2662 Ε

539 2683 837 2776 Exposita
881 2689 1096 2752 autem
1159 2683 1591 2752 controversia
1642 2685 1774 2774 (cui
1824 2682 2185 2753 enodandae
2239 2683 2666 2754 immorandum

453 2821 586 2870 non
632 2799 959 2890 duximus)
997 2799 1258 2890 respicit
1305 2799 1611 2868 duntaxat
1652 2799 1917 2889 antiqua
1972 2805 2285 2892 tempora.
2323 2797 2666 2868 Jamdudum

453 2917 629 2984 enim
668 2918 940 2986 omnino
987 2921 1240 2984 certum
1287 2921 1382 2983 est
1430 2934 1562 2983 non
1615 2935 1749 2983 esse
1803 2934 1982 2984 veros
2022 2916 2381 3006 religiosos,
2431 2914 2547 2984 nisi
2586 2911 2669 3002 qui

461 3031 583 3100 tria
643 3039 786 3102 vota
848 3032 916 3098 in
985 3031 1201 3121 aliquo
1268 3031 1495 3099 ordine
1544 3029 1625 3098 ab
1684 3029 1963 3099 Ecclesia
2012 3034 2385 3124 approbato,
2439 3038 2497 3098 et
2532 3031 2671 3118 juxta

453 3148 648 3237 hujus
728 3147 976 3216 ordinis
1021 3145 1314 3235 regulam
1363 3166 1478 3212 seu
1543 3146 2089 3231 constitutionem,
2141 3150 2468 3218 emittunt.
2517 3145 2671 3214 Porro

453 3263 672 3331 nullus
709 3265 845 3354 jam
899 3266 1095 3330 exstat
1137 3260 1474 3351 religiosus
1520 3262 1676 3330 ordo
1724 3260 1806 3329 ab
1860 3261 2147 3332 Ecclesia
2200 3262 2595 3356 approbatus,
2620 3258 2668 3323 in

451 3399 583 3469 quo
621 3386 839 3445 votum
883 3378 1270 3469 paupertatis
1320 3399 1455 3445 non
1508 3376 1750 3446 adimat
1796 3377 2085 3448 liberum
2128 3378 2355 3449 saltem
2396 3379 2669 3447 bonorum

450 3491 899 3584 temporalium
933 3514 1146 3560 usum.
1191 3489 1505 3560 Omnium
1540 3491 1783 3562 scilicet
1820 3494 2146 3583 ejusmodi
2192 3496 2495 3564 ordinum
2532 3506 2673 3559 nunc

447 3608 855 3678 existentium
921 3606 1399 3677 constitutiones
1461 3609 1850 3700 paupertatis
1916 3614 2138 3679 votum
2216 3614 2306 3680 ita
2352 3605 2673 3694 intelligunt

444 3729 508 3794 et
555 3723 984 3794 emittendum
1053 3730 1449 3815 proponunt,
1494 3729 1567 3792 ut
1640 3724 1910 3809 auferat,
1972 3725 2073 3795 sin
2128 3726 2350 3796 minus
2393 3725 2669 3794 bonorum

447 3840 904 3930 temporalium
931 3838 1321 3922 dominium,
1352 3846 1419 3907 at
1446 3839 1668 3908 saltem
1703 3841 2245 3930 independentem
2287 3861 2502 3910 usum.

537 3954 904 4025 Psorosrrro
937 3953 1066 4024 111⁸.
1097 3991 1187 4006 --
1207 3955 1589 4045 Paupertas
1616 3977 1763 4046 quoe
1808 3977 1943 4025 non
1981 3955 2278 4026 excludit
2308 3951 2665 4026 dominium,

444 4068 636 4137 modo
655 4071 962 4140 excludat
981 4092 1174 4139 usum
1197 4068 1481 4138 liberum
1498 4081 1562 4138 et
1576 4069 2146 4161 indepmdmtm,
2172 4084 2349 4140 certo
2368 4065 2589 4162 sufficit
2603 4053 2672 4128 σά

437 4198 694 4254 statum
731 4186 1107 4276 reliqiosum
1141 4184 1421 4278 proprie
1448 4183 1721 4257 dictum.
1750 4187 1937 4254 —Id
1968 4186 2309 4256 definitum
2354 4187 2471 4252 fuit
2494 4174 2667 4272 quoad

432 4301 843 4370 scholasticos
884 4301 1197 4369 societatis
1245 4297 1422 4368 Jesu.
1472 4297 1637 4369 Nam
1684 4303 1866 4392 juxta
1912 4303 2112 4392 hujus
2153 4301 2428 4372 instituti
2470 4289 2670 4365 consti-
