2834 4959
1052 339 1205 386 PARS
1250 339 1543 386 SECUNDA.
2302 339 2322 391 ¹
2339 339 2372 392 9
2385 339 2420 392 7

168 461 361 528 bitum
396 470 459 528 et
503 459 771 548 vivendi
810 457 1035 548 ritum)
1062 481 1179 527 nec
1204 458 1297 528 eis
1342 459 1600 552 (nempe
1635 457 1964 553 Episcopis
2011 469 2072 530 et
2117 461 2426 556 Praelatis)

166 573 485 644 concedere
510 574 740 660 licuit,
772 585 1003 644 contra
1024 575 1321 663 formam
1350 574 1620 644 concilii
1639 576 1992 666 qeneralis.
2023 575 2233 663 Unde,
2252 582 2426 669 quod

165 713 283 760 non
306 691 590 760 sufficiat
614 690 923 782 Episcopi
963 689 1366 782 approbatiO,
1394 691 1510 760 sed
1540 693 1816 762 omnino
1841 694 2210 783 requiratur
2256 693 2429 764 Pon-

162 807 371 886 tificia,
404 828 540 874 non
570 811 833 874 tantum
876 803 1192 874 evincunt
1232 806 1518 875 rationes
1553 827 1592 875 a
1632 807 1930 878 Suaresio
1960 808 2275 898 deductae,
2321 809 2430 879 sed

46 993 55 998 ,
158 921 285 989 snit
304 927 516 1012 aperte
545 942 587 990 a
606 919 859 990 Joanne
886 917 1071 988 xxll
1098 919 1524 990 declaratum.

245 1038 743 1112 Conclusionem
768 1039 989 1108 firmat
1020 1040 1287 1129 insuper
1318 1038 1656 1110 unanimis
1691 1039 2032 1110 doctorum
2059 1062 2426 1110 consensus.

165 1155 391 1226 Unum
444 1163 554 1225 aut
592 1157 875 1225 alterum
919 1157 1227 1224 duntaxat
1268 1155 1664 1226 adducemus
1715 1181 1734 1242 3
1795 1155 1904 1226 sed
1945 1180 2020 1226 ex
2067 1177 2292 1226 eorum
2332 1157 2434 1228 lo-

157 1273 399 1362 quendi
438 1273 633 1341 modo
682 1271 837 1340 satis
872 1273 1213 1363 perspiciet
1248 1249 1472 1340 lector·
1495 1293 1640 1342 rem
1668 1271 1838 1342 hanc
1885 1273 2258 1343 nullatenus
2299 1295 2436 1345 esse

159 1388 601 1456 controversiis
638 1386 1008 1457 obnoxiam.
2155 1477 2162 1482 .

254 1528 287 1568 α
310 1501 711 1588 Notandum,
741 1524 815 1571 ex
856 1503 1063 1593 capite
1090 1502 1327 1572 ultimo
1378 1501 1464 1571 de
1499 1503 1824 1594 reliqiosis
1853 1501 2182 1586 domibus,
2213 1511 2276 1574 et
2325 1527 2438 1576 ca-

169 1646 201 1682 ιι
230 1619 357 1710 pite
388 1619 621 1701 unico,
651 1617 879 1688 eodem
904 1618 1120 1705 titulo,
1157 1618 1227 1685 in
1268 1618 1335 1702 6,
1369 1619 1543 1708 quod
1581 1620 1762 1689 nulla
1799 1619 2052 1710 religio,
2085 1625 2220 1690 tam
2263 1621 2436 1690 viro·

174 1759 203 1798 ιι
228 1753 373 1801 rum
410 1753 617 1823 qnam
660 1731 1043 1815 mulierum,
1064 1731 1315 1816 institui
1342 1731 1558 1821 debet,
1597 1734 1724 1802 nisi
1769 1734 1893 1803 sub
1929 1737 2160 1824 regula
2196 1759 2234 1804 a
2289 1739 2438 1805 sede

172 1877 203 1912 ιι
230 1847 595 1938 Apostolica
646 1847 1035 1939 approbata3
1080 1847 1257 1937 quod
1300 1849 1497 1915 etiam
1553 1853 1868 1924 statutum
1931 1847 2056 1917 fuit
2110 1849 2182 1917 in
2235 1854 2439 1941 capite

180 1991 214 2027 ιι
240 1965 702 2048 sziciosam,
750 1964 857 2050 18,
901 1985 970 2054 q.
1006 1967 1077 2051 2,
1106 1964 1227 2033 ubi
1270 1962 1670 2050 decernitur,
1712 1962 2098 2031 abolendam
2141 1983 2276 2030 esse
2327 1964 2440 2032 de-
2501 1965 2508 1974 '

177 2107 209 2140 ιι
236 2081 581 2150 testabilem
616 2079 1155 2150 consuetudinem
1208 2077 1645 2168 quarumdam
1689 2075 2074 2160 mulierum,
2105 2099 2252 2168 quae
2287 2077 2438 2147 licet

171 2221 201 2257 ιι
230 2194 649 2287 approbatam
678 2194 973 2284 regulam
1019 2214 1157 2264 non
1184 2194 1626 2282 profiteantur,
1664 2193 2182 2262 sanctimoniales
2218 2200 2437 2261 tamen

170 2337 199 2373 ιι
224 2313 435 2381 vocari
462 2311 716 2380 volunt.
747 2309 829 2379 Et
848 2310 919 2378 in
945 2309 1151 2399 capite
1183 2307 1780 2390 Indemnitatibus,
1803 2307 1884 2377 de
1911 2308 2248 2396 electione,
2273 2309 2339 2376 in
2365 2309 2434 2390 6,

170 2453 197 2491 ιι
220 2427 289 2494 in
318 2425 447 2496 hoc
472 2447 671 2495 sensu
718 2425 975 2494 videtur
1020 2426 1323 2516 supponi,
1358 2424 1698 2510 monialeS,
1738 2445 1884 2513 quae
1927 2445 2076 2492 vere
2123 2423 2436 2513 religiosae

166 2567 197 2606 ιι
224 2547 403 2626 sunt,
450 2541 685 2610 debere
733 2541 949 2608 vivere
994 2539 1119 2609 sub
1168 2539 1388 2629 aliqua
1440 2538 1670 2628 regula
1733 2545 1796 2606 et
1852 2539 2166 2627 religione
2208 2559 2436 2630 appro-

166 2683 198 2720 ιι
225 2658 401 2726 bata.
448 2656 893 2726 Necessarium
931 2655 1113 2724 enim
1160 2660 1256 2723 est
1297 2659 1371 2721 ut
1412 2652 1700 2742 aliquam
1746 2654 2042 2740 regulam
2091 2657 2434 2744 profitean-

170 2799 203 2836 «
230 2781 369 2857 tur,
400 2779 479 2838 ut
496 2772 685 2839 etiam
706 2772 979 2841 advertit
1000 2770 1235 2840 Suarez
1256 2769 1552 2860 (tractatu
1576 2766 1646 2853 9,
1676 2765 1794 2834 lib.
1815 2771 1878 2850 1,
1914 2788 2055 2858 cap.
2095 2769 2203 2849 10,
2241 2791 2308 2836 n.
2339 2769 2433 2859 9),

171 2917 205 2953 «
234 2887 355 2954 ubi
382 2885 619 2976 subdit,
644 2887 818 2976 quod
847 2885 1029 2955 nulla
1075 2891 1171 2953 est
1216 2883 1448 2973 regula
1471 2903 1510 2951 a
1559 2880 1708 2950 sede
1734 2880 2107 2972 Apostolica
2137 2902 2257 2970 pro
2284 2879 2436 2948 solis

170 3034 201 3070 «
237 3005 653 3088 monialibus,
680 3006 781 3074 vel
808 3026 927 3096 pro
972 3002 1103 3082 illis
1142 3001 1590 3094 principaliter
1617 2999 2002 3092 approbata3
2033 3004 2098 3066 et
2139 2997 2284 3065 ideo
2311 3017 2429 3066 ne-

168 3150 197 3186 ιι
226 3121 579 3192 cessarium
598 3126 794 3188 estut
828 3119 1192 3190 secundum
1221 3117 1513 3208 aliquam
1545 3137 1622 3184 ex
1650 3111 2018 3207 approbatis
2056 3111 2299 3201 regulis
2324 3132 2431 3179 re—

166 3265 196 3300 ιι
222 3237 611 3326 ligiosorum
664 3236 909 3318 vivant,
968 3236 1103 3304 sive
1142 3235 1448 3324 subjectae
1489 3234 1622 3303 sint
1685 3231 1844 3322 ipsis
1899 3227 2242 3318 religiosis,
2295 3229 2430 3298 sive

164 3379 197 3418 ιι
225 3351 581 3444 Episcopis.
611 3375 651 3416 n

249 3494 283 3534 ιι
308 3465 447 3538 Hac
472 3467 559 3538 de
604 3487 822 3556 causa,
860 3467 915 3536 si
956 3466 1105 3557 quis
1143 3465 1299 3536 velit
1339 3463 1724 3534 monialium
1785 3463 2248 3532 monasterium
2299 3462 2426 3530 eri-

164 3611 195 3647 «
222 3605 399 3674 gere,
424 3591 493 3653 et
538 3603 679 3652 non
724 3581 848 3652 sub
895 3583 1120 3673 regula
1168 3578 1543 3672 approbata,
1597 3597 1856 3648 necesse
1911 3579 2034 3644 erit
2089 3583 2164 3644 ut
2203 3575 2436 3644 modus

164 3727 195 3764 ιι
226 3699 491 3770 vivendi
535 3698 799 3768 illarum
856 3699 937 3767 sit
980 3720 1095 3789 per
1142 3697 1498 3766 Summum
1557 3691 1940 3762 Pontificem
1989 3689 2376 3782 approbatus
2412 3710 2428 3754 :

161 3842 193 3878 ιι
224 3813 516 3905 alioquin
552 3819 719 3882 esset
761 3814 1027 3883 honesta
1064 3812 1363 3904 quaedam
1408 3809 1767 3879 mulierum
1813 3805 2240 3898 congregatim
2299 3821 2430 3869 non

162 3955 191 3992 ιι
224 3940 449 3998 tamen
472 3949 625 3998 vera
676 3928 935 4019 religio,
972 3931 1151 4020 juxta
1198 3950 1273 3996 ea
1323 3947 1474 4016 quae
1520 3924 1870 3994 traduntur
1905 3924 1976 3991 in
2017 3921 2186 3988 dicto
2223 3916 2432 4008 capite

42 4129 57 4152 ·
162 4072 195 4108 a
220 4045 453 4128 unico,
484 4065 523 4113 a
565 4044 817 4114 Joanne
857 4045 1121 4114 Andrea
1164 4042 1486 4136 (ibidem),
1542 4047 1605 4111 et
1661 4037 2142 4112 Panormitam,
2180 4039 2358 4124 parte
2392 4034 2421 4100 1

164 4185 199 4222 a
228 4160 701 4249 Consiliorum,
734 4160 1002 4232 consilio
1030 4161 1141 4230 55.
1170 4185 1207 4226 >³
1244 4157 1734 4252 (Tambnrinus,
1767 4152 1846 4223 de
1869 4155 2024 4220 lure
2047 4147 2434 4219 Abbatissa-

160 4295 330 4362 rum,
356 4275 530 4369 disp.
568 4276 679 4363 13,
711 4299 777 4367 q.
817 4277 884 4365 1,
905 4297 975 4345 n.
1004 4275 1103 4368 2.)

247 4393 343 4461 Ad
372 4395 837 4484 quaestionem,
858 4415 1171 4486 quoenam
1202 4392 1636 4484 requirantur
1663 4385 1759 4456 ad
1791 4385 2242 4456 substantiam
2271 4409 2437 4457 vera»
