2834 4959
373 368 496 426 638
935 374 1273 421 TRACTATUS
1321 374 1400 421 DE
1440 374 1593 421 mnu
1638 372 2052 420 anonumum.

369 498 682 569 saeculum
733 495 967 579 redire,
1005 501 1200 585 prout
1243 495 1414 563 infra
1440 496 1878 563 ostendemus.
1916 493 2116 561 Porro
2151 496 2221 561 in
2272 492 2415 562 hoc
2464 496 2649 563 etiam

371 636 520 683 casu
551 612 858 702 obligatio
887 610 1264 679 remanendi
1309 610 1378 677 in
1424 609 1737 700 religione
1780 609 2047 677 aliunde
2093 610 2309 677 oritur
2354 632 2558 700 quam
2578 634 2649 680 ex

371 730 584 799 valida
621 728 1008 819 professione
1041 750 1059 795 ε
1089 728 1302 797 oritur
1330 746 1567 816 nempe
1609 746 1686 793 ex
1738 724 1863 793 hoc
1910 724 2227 815 principio
2262 727 2645 815 certissimo,

373 846 544 937 quod
579 850 872 913 teneatur
907 842 1106 911 homo
1123 848 1302 909 actus
1331 842 1489 909 alias
1528 840 1654 907 sibi
1682 839 1893 907 licitos
1928 824 2253 927 omittere,
2298 842 2353 908 si
2392 850 2657 931 nequeat

371 982 478 1030 eos
554 978 848 1027 exercere
903 957 1146 1047 absque
1199 959 1382 1047 gravi
1434 956 1841 1039 detrimento,
1898 958 2263 1047 praesertim
2307 956 2663 1048 religiones

372 1081 436 1145 et
477 1075 832 1145 Ecclesiam
865 1076 1073 1165 ipsam
1101 1074 1447 1141 afficiente.
1485 1072 1553 1141 3⁰
1586 1071 1653 1142 Si
1682 1070 1971 1141 Ecclesia
2011 1072 2283 1141 nulliter
2322 1073 2657 1164 professis,

373 1192 474 1263 vel
513 1194 710 1260 etiam
739 1191 906 1277 aliis,
964 1191 1267 1281 injungat
1297 1192 1364 1257 in
1391 1188 1832 1280 poenitentiam
1870 1188 2148 1279 alicujus
2184 1190 2445 1275 delicti,
2486 1198 2559 1258 ut
2596 1192 2659 1259 in

373 1307 766 1378 monasterio
819 1308 1050 1397 degant
1117 1312 1179 1374 et
1257 1306 1662 1394 regularibus
1713 1304 2136 1375 observantiis
2188 1304 2649 1395 subjiciantur,

375 1423 768 1492 tenebuntur
808 1428 872 1489 et
923 1422 972 1489 ii
1007 1440 1268 1488 manere
1311 1421 1377 1487 in
1412 1420 1769 1507 religione:
1826 1418 2108 1488 dubium
2160 1422 2337 1487 enim
2380 1440 2519 1488 non
2564 1428 2649 1489 est

373 1530 530 1619 quin
577 1528 864 1597 Ecclesia
894 1526 1116 1616 possit,
1165 1528 1335 1593 sieut
1381 1526 1531 1593 aliis
1578 1527 1808 1616 poenis,
1848 1526 1934 1593 ita
1990 1533 2053 1592 et
2106 1526 2233 1595 hac
2290 1528 2357 1593 in
2424 1528 2641 1595 delicta

371 1642 901 1725 animadvertere,
961 1641 1322 1709 dummodo
1373 1664 1449 1709 ea
1500 1642 1583 1709 sit
1612 1641 1832 1710 delicti
1867 1642 2151 1731 gravitas
2196 1663 2329 1731 quae
2374 1660 2625 1731 poenam

369 1760 540 1827 hanc
581 1765 926 1827 mereatur.
955 1756 1040 1825 Et
1065 1763 1224 1827 tunc
1275 1758 1515 1847 pariter
1538 1757 1848 1846 obligatio
1871 1758 2189 1825 manendi
2215 1757 2311 1825 ‚in
2334 1758 2631 1845 religione

369 1873 632 1943 aliunde
681 1872 1028 1966 repetenda
1087 1872 1208 1941 erit
1261 1894 1463 1962 quam
1512 1894 1589 1941 ex
1644 1872 2042 1963 professione
2095 1870 2335 1941 valida.
2388 1871 2641 1942 orietur

371 2012 606 2081 nempe
633 2011 710 2058 ex
743 1989 922 2080 justo
963 1986 1265 2057 Ecclesiae
1303 1988 1585 2057 decreto.
1649 1986 1821 2079 Ergo
1876 2008 2101 2056 revera
2148 1994 2356 2079 potest
2392 1990 2543 2079 quis
2574 1987 2651 2055 ad

371 2105 846 2175 remanendum
893 2107 965 2173 in
993 2106 1310 2195 religione
1339 2104 1617 2194 obligari
1659 2104 1847 2173 aliter
1875 2126 2079 2195 quam
2116 2126 2189 2173 ex
2226 2106 2289 2171 vi
2320 2104 2649 2195 professio·

372 2221 475 2289 nis
495 2243 629 2289 suae
651 2221 998 2309 religiosae.

461 2334 840 2404 Psorosmo
873 2335 982 2402 11⁸.
1016 2370 1107 2385 —
1129 2336 1396 2401 Iustum
1426 2345 1521 2402 est
1553 2333 2025 2403 Tridentinum
2052 2335 2385 2420 decretum,
2420 2334 2637 2401 etiam

373 2464 692 2542 quatenus
746 2450 1053 2539 obliqans
1087 2450 1160 2517 in
1191 2450 1597 2517 conscientia
1624 2451 1908 2519 nulliter
1941 2454 2261 2542 professos
2308 2450 2393 2516 ad
2412 2472 2631 2517 rema-

369 2570 659 2639 nendum
691 2569 766 2636 in
789 2568 1141 2658 reliqione,
1167 2568 1298 2637 sive
1323 2568 1589 2660 quando
1625 2591 1761 2639 non
1779 2584 2065 2662 possunt
2090 2572 2469 2639 nuditatem
2484 2592 2645 2661 pro-

368 2686 544 2776 bare,
581 2688 717 2755 sive
735 2683 1003 2777 quando
1025 2708 1172 2754 eam
1201 2686 1390 2753 intra
1422 2686 1948 2778 quinquennium
1972 2710 2109 2757 non
2127 2688 2539 2780 probarunt.
2564 2725 2652 2741 —

363 2800 444 2870 Et
465 2804 530 2869 1⁰
553 2803 819 2892 quidem
847 2802 902 2869 si
926 2801 1010 2870 de
1029 2800 1108 2869 iis
1131 2808 1360 2891 agatur
1383 2802 1504 2890 qui
1520 2803 1690 2871 intra
1716 2802 2249 2893 quinquennium
2266 2804 2645 2885 reclamant,

363 2926 427 2987 et
449 2918 810 2987 nullitatem
851 2918 1126 3007 probare
1153 2938 1282 2985 non
1309 2922 1598 3007 possunt,
1636 2916 1899 2987 difficile
1926 2920 2267 3009 continget
2296 2920 2651 3008 eosfugam

365 3030 646 3119 arripere
709 3030 950 3120 absque
1001 3033 1184 3119 gravi
1239 3030 1566 3116 scandalo,
1634 3052 1767 3101 non
1829 3032 2301 3123 pharisaeorum
2360 3040 2645 3120 tantum,

365 3146 472 3216 sed
500 3152 564 3214 et
585 3146 975 3238 pusillorum
1013 3173 1030 3214 τ
1075 3166 1226 3215 cum
1266 3146 1446 3213 enim
1473 3154 1632 3214 tunc
1658 3150 2080 3238 praesumptio
2108 3156 2233 3218 stet
2274 3172 2395 3241 pro
2436 3150 2653 3219 valore

366 3261 797 3349 professionis,
857 3259 1268 3351 plerumque,
1315 3258 1659 3329 ne·dicam
1695 3282 1979 3353 semper,
2036 3286 2155 3353 pro
2206 3266 2353 3334 viro
2400 3264 2647 3353 perdito

363 3375 676 3464 fugitivus
706 3374 812 3443 ille
839 3375 1204 3445 habebitur.
1257 3374 1421 3456 Quae
1460 3376 1719 3465 publica
1758 3378 2141 3449 existimatio
2190 3380 2264 3449 in
2317 3389 2647 3473 quantum

365 3489 545 3558 cedat
597 3488 930 3579 religionis
981 3490 1262 3559 dedecus
1311 3500 1377 3559 et
1428 3490 1581 3560 fidei
1614 3493 1813 3561 etiam
1854 3494 2349 3581 detrimentum,
2402 3499 2489 3567 ob
2536 3500 2651 3588 ip-

363 3612 635 3675 sammet
697 3606 1022 3676 derelictas
1081 3607 1474 3677 conditionis
1540 3610 1941 3679 sanctitatem
2017 3631 2091 3680 ac
2146 3612 2645 3702 sublimitatem,

363 3743 556 3790 nemo
607 3744 740 3790 non
791 3722 989 3791 videt.
1051 3721 1203 3806 Sed,
1257 3724 1409 3792 dato
1466 3744 1601 3793 non
1658 3707 1986 3813 concesso,
2042 3729 2233 3796 vitari
2294 3730 2651 3821 aliquando

359 3860 542 3930 posse
582 3836 946 3906 istiusmodi
995 3838 1402 3921 scandalum,
1456 3860 1713 3929 semper
1764 3862 1996 3910 verum
2042 3845 2433 3931 remanebit,
2458 3868 2645 3915 sum·

359 3974 548 4022 mum
594 3954 780 4043 sequi
812 3952 1210 4042 religionum
1253 3960 1316 4021 et
1341 3952 1645 4023 Ecclesiae
1674 3952 2016 4042 damnum,
2048 3956 2103 4024 si
2132 3962 2387 4049 possint
2434 3958 2633 4028 nuni-

362 4079 458 4142 ter
487 4074 779 4165 professi,
811 4073 1109 4163 quamvis
1133 4072 1503 4142 nullitatem
1556 4073 1825 4163 probare
1865 4096 2001 4145 'non
2049 4076 2357 4163 valentes,
2408 4078 2482 4147 ad
2510 4096 2635 4145 sae-
2766 4054 2779 4069 ⁰

361 4190 590 4258 culum
629 4189 862 4269 redire,
912 4197 974 4258 et
1023 4190 1521 4259 matrimonium
1558 4190 1961 4260 contrahere.
2018 4193 2259 4283 Aperta
2312 4194 2482 4261 enim
2508 4191 2635 4261 hac

355 4306 584 4391 janua,
639 4324 714 4370 ea
767 4306 866 4372 uti
893 4304 1112 4374 volent
1159 4304 1356 4373 etiam
1407 4304 1544 4388 alii,
1594 4306 1709 4393 qui
1764 4326 2176 4397 nequaquam
2232 4312 2407 4378 certo
2432 4308 2631 4377 scient

362 4418 715 4487 invalidam
761 4420 954 4490 fuisse
1003 4422 1466 4510 professionem
1512 4441 1725 4510 suam,
1778 4422 1890 4493 sed
1936 4426 2051 4515 qui
2094 4424 2441 4495 tentatione
2483 4420 2627 4493 victi
