2834 4959
424 317 549 374 272
986 322 1324 370 TRACTA'l'us
1370 323 1450 369 m:
1501 321 1650 368 mma
1697 319 2113 370 anonumum

510 445 829 516 Doctrina
850 441 1182 512 Leurenii.
1210 480 1300 495 —
1334 467 1369 508 α
1390 441 1694 511 Citandos
1715 447 1776 508 et
1799 437 2149 508 audiendos
2178 441 2494 530 parochos
2509 443 2672 518 loco-

432 585 467 630 «
492 583 729 630 rum...
766 565 1071 650 tanquam
1110 557 1510 648 probabilius
1547 563 1610 626 et
1655 557 1792 650 juri
1831 556 2226 626 conformius
2277 565 2500 628 contra
2541 561 2682 634 Pas-
2781 605 2783 634 .

434 703 468 744 α
496 677 873 744 setinum...
958 679 1125 742 tenet
1204 673 1640 744 Reiflenstuel.
1693 696 1728 738 n
1805 675 2078 763 (Forum
2153 673 2676 767 ecclesiasticum,
2782 697 2783 764 ᾗ

426 799 583 861 tom.
618 790 687 879 3,
716 814 781 881 q.
812 790 971 878 997,
1006 811 1075 856 n.
1110 785 1205 878 3.)

2781 795 2783 888 ἒ

523 908 839 975 Doctrina
854 905 1171 974 Anacleti
1188 903 1641 994 Reiffenstuel.
1672 941 1762 956 --
1796 929 1829 967 t<
1849 901 2482 974 Controvenunthic
2499 907 2680 997 aliqui

440 1048 476 1088 α
513 1043 595 1090 an
652 1024 823 1090 inter
862 1021 1154 1091 citandos
1201 1027 1264 1088 et
1304 1018 1660 1088 audiendos
1692 1019 1886 1087 etiam
1915 1017 2044 1086 sint
2071 1019 2339 1108 parochi
2377 1021 2678 1091 locorum.

444 1166 477 1204 (t
510 1136 880 1206 Passerinus
928 1137 1276 1227 siquidem,
1324 1134 1835 1225 PasqualiguS...
1887 1139 1949 1202 et
1991 1133 2102 1202 alii
2159 1144 2393 1224 putant
2435 1159 2542 1207 eos
2585 1161 2686 1206 nec

446 1280 481 1321 a
502 1253 791 1324 citandos
858 1274 978 1322 nec
1022 1251 1375 1322 audiendos
1425 1273 1584 1320 esse.
1637 1251 1886 1320 Verum
1931 1252 2252 1319 contraria
2303 1255 2552 1344 opinio,
2607 1256 2686 1322 ri-
2782 1281 2783 1332 ξ

446 1395 484 1438 c
508 1369 741 1438 delicet
760 1369 933 1457 quod
954 1368 1219 1458 parochi
1268 1372 1411 1435 ante
1465 1388 1856 1436 consensum
1905 1367 2210 1438 audiendi
2260 1367 2410 1450 sint,
2471 1370 2687 1459 proba-

446 1510 483 1550 «
514 1483 711 1550 bilius
746 1491 808 1548 et
836 1482 968 1569 juri
1020 1483 1419 1550 conformius
1472 1480 1804 1550 videtur...
1859 1479 2056 1570 quue
2099 1481 2400 1571 probatur
2419 1504 2492 1550 ex
2523 1482 2688 1550 bulla

450 1622 486 1660 «
526 1596 870 1667 Clementis
922 1593 1185 1684 V111...‚
1244 1595 1363 1663 ubi
1416 1615 1708 1686 expresse
1753 1596 2156 1686 prohibetur,
2219 1618 2294 1663 ne
2345 1595 2688 1687 Episcopus
2782 1583 2783 1586 ¹

449 1737 485 1778 t<
526 1731 917 1780 consensum
966 1711 1266 1800 praebeat,
1318 1710 1445 1778 nisi
1493 1712 1672 1802 prius
1717 1711 1960 1780 vocatis
1991 1724 2058 1778 et
2105 1709 2349 1779 auditis
2388 1709 2683 1800 religiosis

451 1851 485 1892 (ς
512 1825 1057 1917 praeexistentibus
1108 1828 1176 1893 in
1228 1827 1339 1895 tali
1383 1825 1550 1912 loco,
1610 1832 1673 1894 et
1721 1828 1902 1916 (nota
1957 1825 2142 1916 bene)
2195 1825 2355 1894 aliis
2403 1825 2689 1893 interesse

455 1965 489 2006 α
516 1937 927 2010 habentibus.
956 1941 1156 2030 Atqui
1188 1940 1456 2032 parochi
1480 1942 1550 2009 in
1570 1942 1949 2029 hujusmodi
1973 1962 2165 2010 causa
2187 1941 2386 2009 etiam
2412 1939 2692 2008 interesse

456 2081 489 2123 ι(
516 2057 797 2140 habent3
854 2079 1007 2124 cum
1066 2057 1440 2145 contingere
1492 2063 1700 2147 posset
1745 2057 1916 2146 quod
1973 2079 2048 2124 ex
2107 2077 2279 2126 nova
2345 2053 2690 2125 monasterii

458 2195 494 2236 α
529 2173 999 2241 constructione
1048 2195 1275 2241 eorum
1332 2171 1686 2240 oblationes
1737 2173 1938 2244 aliave
1987 2175 2138 2264 jura
2187 2172 2576 2264 parochialia
2621 2169 2690 2234 ita
2782 2195 2783 2232 ς

462 2283 1068 2371 «diminuerentur,
1128 2294 1199 2356 ut
1246 2288 1772 2356 sustentationem
1823 2310 1958 2357 non
2001 2289 2286 2379 amplius
2339 2288 2627 2357 habeant.
2655 2309 2683 2349 n

454 2397 553 2488 (In
578 2400 839 2468 titulum
871 2403 983 2486 48,
1020 2403 1171 2471 libri
1207 2403 1247 2472 3
1270 2401 1731 2487 Decretalium,
1757 2427 1826 2472 n.
1869 2403 2008 2494 33.)

540 2513 653 2582 Est
694 2536 846 2605 ergo
914 2539 1135 2586 revera
1200 2518 1496 2608 plurium
1551 2516 1888 2586 doctorum
1936 2520 2181 2609 opinio,
2245 2520 2599 2587 vocandum
2646 2517 2692 2578 et
2782 2597 2783 2618 ἦ

455 2628 849 2702 audiendum
878 2654 1010 2700 esse
1052 2633 1461 2726 parochum3
1515 2639 1704 2723 atque
1746 2636 1902 2703 alias
1930 2633 2283 2702 invalidam
2345 2633 2486 2702 fore
2531 2633 2696 2700 licen·
2782 2625 2783 2638 ¹

454 2746 611 2814 tiam
640 2747 719 2814 ab
746 2746 1061 2838 Episcopo
1106 2747 1748 2846 concessam-Quam
1797 2749 2196 2838 opinionem,
2231 2771 2388 2818 cum
2435 2771 2552 2818 nos
2599 2749 2696 2812 im-

458 2861 807 2950 pugnaturi
828 2863 1055 2942 simus,
1106 2864 1433 2932 voluimus
1463 2863 1535 2929 in
1563 2872 1964 2933 antecessum
1995 2866 2356 2955 praecipuos
2387 2865 2590 2954 ipsius
2610 2879 2695 2950 pa-

460 2984 701 3057 tron08,
762 2985 823 3046 et
882 2979 1159 3046 rationes
1224 2978 1306 3046 ab
1365 2979 1519 3070 ipsis
1563 2979 1868 3068 allegatas
1909 2981 1974 3047 in
2023 2981 2312 3048 medium
2357 2979 2692 3054 adducam

458 3113 589 3182 quo
632 3093 878 3162 facilius
924 3093 1124 3161 lector
1158 3095 1520 3184 perspicere
1573 3098 1794 3185 possit,
1851 3117 2016 3164 num
2075 3097 2304 3164 merito
2327 3090 2697 3164 conclusioni
2782 3159 2783 3162 ,

460 3210 763 3297 oppositae
784 3209 1251 3280 adhaereamuS.

550 3322 925 3392 Paorosmo
944 3325 1049 3394 11⁸.
1084 3363 1172 3376 —
1194 3325 1338 3393 Alii
1358 3325 1654 3394 doctores
1675 3326 1983 3406 tradunt,
2015 3326 2200 3395 haud
2225 3327 2436 3396 teneri
2458 3326 2697 3418 Episco-
2782 3327 2783 3374 ³

452 3455 624 3524 pum
662 3435 755 3502 ad
765 3438 1109 3507 citandum
1134 3463 1245 3508 seu
1266 3441 1639 3510 vocandum
1645 3442 2046 3534 parochiam.
2078 3479 2166 3492 —
2223 3443 2285 3510 1ο
2319 3443 2390 3511 ln
2423 3445 2543 3512 hac
2579 3457 2696 3506 sen-

464 3552 660 3618 tentia
722 3553 839 3620 suit
890 3553 1283 3641 PasserinuS‚
1336 3557 1526 3647 cujus
1585 3557 1948 3625 doctrinam
2009 3559 2102 3626 sic
2151 3558 2432 3628 breviter
2472 3551 2698 3646 exponit

460 3661 533 3732 P.
564 3665 886 3735 Bremond
926 3669 1333 3760 (Baliarium
1361 3671 1621 3740 ordinis
1640 3670 2192 3755 Praedicatorum,
2219 3681 2380 3742 tom.
2411 3675 2483 3758 8,
2537 3671 2692 3736 tract.

464 3781 544 3849 de
578 3785 883 3852 Com-ens.
942 3786 1141 3870 bull„
1174 3789 1271 3854 tit.
1322 3789 1383 3874 1,
1419 3796 1646 3878 quaest.
1680 3789 1749 3871 2,
1788 3812 1854 3858 n.
1896 3789 2002 3873 10,
2039 3812 2184 3880 pag.
2219 3789 2378 3881 39):
2431 3817 2468 3857 α
2495 3789 2698 3859 Notan-
2781 3781 2783 3842 ἓ

474 3922 507 3961 «
534 3897 775 3967 dum...
826 3900 998 3990 quod
1058 3901 1405 3992 Gregorius
1463 3903 1674 3974 XV...
1737 3903 2134 3995 disjunctive
2187 3906 2501 3996 loquitur.
2563 3901 2695 3971 Cum
2782 3925 2783 3980 ῐ

477 4037 513 4074 α
537 4015 709 4083 enim
756 4015 1015 4084 dixisset
1054 4017 1369 4088 vocandos
1425 4027 1489 4087 et
1523 4020 1879 4088 audiendos
1919 4043 2054 4089 esse
2081 4027 2340 4090 caeteros
2382 4019 2696 4108 religiosos,
2781 4011 2783 4030 ¹

477 4154 511 4192 (ι
548 4127 725 4198 addit
752 4154 768 4197 :
797 4132 902 4200 vel
928 4131 1099 4200 alias
1134 4133 1508 4202 Ordinariis
1529 4134 1823 4203 locorum
1849 4137 2248 4220 constiterit,
2265 4143 2444 4205 etc...
2485 4135 2569 4204 Ex
2601 4129 2700 4195 hac

478 4269 511 4306 α
540 4245 969 4332 disjunctione
1032 4246 1493 4317 Passerinus...
1562 4249 1835 4340 colligit,
1889 4251 2113 4340 primo
2163 4253 2336 4342 quod
2387 4259 2700 4320 consensus

477 4382 511 4420 «
544 4359 819 4426 aliorum
868 4362 1317 4448 religiosorum
1370 4384 1502 4430 non
1557 4371 1652 4432 est
1716 4364 2000 4434 absolute
2047 4367 2478 4456 necessarius
2527 4367 2601 4442 et,
2659 4349 2700 4418 Si
2782 4343 2783 4388 ³
