2834 4959
1145 351 1298 400 PARS
1341 353 1583 404 mru.
2380 353 2496 408 331

305 468 500 551 Quod
539 474 762 539 tamen
791 469 982 540 dictae
1016 473 1542 563 congregationes
1582 474 1999 560 monialium,
2047 477 2287 568 absque
2332 479 2505 550 clau—

209 606 366 656 sura
417 589 484 654 et
531 583 695 653 votis
737 584 1138 655 solemnibus
1205 587 1587 678 degentium
1646 611 1780 660 non
1830 591 2145 664 habendae
2188 595 2319 662 sint
2370 602 2505 664 tan-

210 722 418 793 quam
441 699 864 792 approbatae,
893 703 1110 791 arguit
1150 702 1439 774 clausula
1466 707 1637 775 citra
1681 708 2231 799 approbationem
2255 731 2509 778 conser-

210 816 500 903 vator-ii,
567 839 715 906 quae
773 825 1253 908 perseveranter
1322 822 1402 890 ad
1469 829 1685 892 nostra
1739 845 1943 916 usque
2002 831 2289 918 tempora
2352 828 2511 897 solet

211 932 518 1022 adjungi,
567 932 732 1002 dum
775 933 1022 1024 aliquid
1069 935 1294 1006 Romae
1330 938 1411 1006 de
1456 937 1585 1007 illis
1636 941 2059 1010 conventibus
2100 941 2501 1013 decernitur.

223 1075 260 1114 α
289 1048 456 1130 Quae
481 1047 802 1132 clausula,
821 1050 1038 1140 inquit
1058 1049 1419 1134 cardinalis
1450 1051 1927 1146 Petra,semper
1954 1059 2324 1148 apponitur,
2348 1059 2509 1127 dum

221 1191 260 1230 a
289 1164 512 1256 aliqua
594 1164 809 1255 quoad
861 1167 1332 1236 conservatoria
1398 1168 1789 1240 determinat
1857 1170 1949 1262 (S.
2024 1172 2505 1264 Congregatio),

229 1304 268 1346 ι(
297 1300 460 1348 cum
501 1301 572 1348 ea
608 1279 966 1371 approbare
1011 1301 1220 1372 neque
1269 1285 1482 1365 tacite,
1526 1305 1741 1375 neque
1783 1307 2073 1378 expresse
2112 1289 2411 1358 voluerit.
2462 1315 2497 1354 »

223 1394 472 1485 (Tomo
509 1393 574 1481 3,
617 1416 764 1486 pag.
802 1393 958 1478 165,
997 1395 1150 1464 edit.
1192 1395 1425 1466 Venet.
1474 1399 1707 1489 1741.)
1747 1401 1895 1471 Imo
1933 1401 2081 1471 addi
2122 1403 2283 1472 solet
2324 1404 2504 1473 clau·

215 1511 370 1580 sula
409 1510 524 1580 illa
563 1512 758 1580 etiam
803 1511 1063 1602 quando
1098 1513 1519 1605 approbatur
1552 1515 1787 1608 requla
1816 1537 1928 1587 seu
1970 1517 2231 1588 vivendi
2272 1521 2505 1588 modus

211 1625 504 1716 alicujus
551 1625 1066 1716 congregationis
1111 1629 1527 1714 monialium,
1574 1631 1871 1700 clausura
1906 1637 1969 1700 et
2010 1633 2173 1700 votis
2200 1633 2398 1702 solem
2406 1636 2505 1702 ni-

215 1742 776 1830 buscarentium3
807 1749 1004 1834 prout
1033 1751 1276 1814 constat
1301 1767 1374 1814 ex
1403 1735 1589 1814 bulla
1624 1747 1941 1830 Quamvis
1964 1748 2157 1838 justo
2170 1747 2504 1818 Benedicti

215 1855 376 1926 XIV
426 1855 540 1948 (30
577 1856 800 1948 aprilis
831 1856 1150 1942 1749,·in
1194 1860 1346 1948 ejus.
1377 1859 1693 1948 Bullario,
1738 1867 1915 1928 tomo
1943 1859 2012 1944 3,
2059 1882 2127 1927 n.
2170 1860 2260 1950 7).
2304 1862 2507 1950 Cujus

217 1971 576 2042 Pontificiae
636 1973 1106 2042 constitutionis
1164 1995 1378 2064 operae
1420 1975 1704 2066 pretium
1762 1976 1979 2043 visum
2030 1981 2125 2043 est
2186 1975 2504 2064 analysim

221 2088 576 2177 quamdam
603 2087 716 2156 hic
737 2087 1016 2157 breviter
1052 2089 1457 2174 subnectere,
1494 2090 1651 2181 quia
1674 2095 1875 2160 totam
1902 2088 2085 2158 illam
2126 2089 2205 2158 de
2242 2091 2505 2158 monia·-

219 2201 426 2283 libus,
459 2203 764 2272 clausura
791 2208 852 2271 et
877 2207 1180 2274 votorum
1202 2204 1611 2274 solemnitate
1656 2203 2051 2284 carentibus,
2080 2202 2505 2296 quaestionem

219 2319 469 2410 optime
495 2317 800 2402 illustrat,
847 2325 911 2388 et
959 2340 1382 2390 communem
1425 2321 1765 2392 doctorum
1800 2343 1875 2390 ea
1900 2321 1981 2391 de
2020 2342 2091 2390 re
2118 2321 2503 2390 sententiam

220 2433 416 2525 plene
437 2435 805 2503 confirmat.

315 2549 640 2616 Anemruu
677 2543 758 2615 11.
791 2583 880 2612 -.-
900 2548 1016 2616 Ea·
1041 2545 1569 2629 bullaouamvis
1592 2550 1793 2637 justo,
1841 2548 2185 2618 Benedicti
2208 2551 2389 2618 XIV.
2416 2587 2504 2601 ·—

223 2659 404 2730 Huic
427 2660 624 2731 huuae
657 2661 1062 2734 occasionem
1077 2662 1367 2754 praebuit
1391 2663 1821 2730 controversia
1849 2662 2019 2730 inter
2040 2664 2505 2754 Augustanum

231 2775 646 2866 Episcopum,
675 2783 740 2848 et
761 2777 1076 2848 moniales
1101 2777 1441 2869 quasdam,
1472 2795 1617 2865 quae
1642 2773 2047 2862 Anqlicanoe
2074 2778 2499 2859 vocabantur,

227 2897 468 2960 exorta.
503 2891 602 2960 Ad
632 2892 822 2984 cujus
849 2893 988 2962 litis
1029 2892 1533 2981 intelligentiam
1582 2886 1892 2957 nonnihil
1934 2889 2015 2956 de
2052 2889 2382 2979 virginum
2428 2891 2509 2958 il-

225 3009 442 3078 larum
487 3008 1005 3098 Anglicanarum
1061 3009 1354 3078 instituto
1411 3013 1475 3078 et
1538 3005 1815 3077 exordiis
1876 3002 2329 3095 attingendum
2388 3014 2500 3075 est.

221 3123 660 3214 migraverant
721 3125 881 3194 olim
911 3173 920 3184 .
950 3125 1020 3192 in
1103 3122 1524 3194 Germaniam
1561 3145 1585 3210 ,·
1652 3121 1977 3212 fugiendae
2049 3122 2511 3211 persecutionis

227 3261 444 3326 cama,
505 3239 754 3308 nobiles
805 3241 1104 3331 quiedam
1155 3241 1441 3328 virgines
1490 3238 1849 3326 catholicae,
1908 3243 2101 3327 atque
2132 3235 2223 3306 ibi
2260 3235 2343 3304 ad
2385 3237 2513 3304 fon-

233 3373 412 3422 mam
439 3355 592 3423 vitae
625 3357 1001 3424 communis
1025 3352 1346 3442 adunatae,
1393 3358 1458 3422 et
1484 3353 1847 3423 constitutis
1887 3351 2015 3420 sibi
2041 3351 2377 3422 nonnullis
2408 3353 2513 3443 pie

231 3468 492 3539 vivendi
531 3446 802 3560 regulis,
856 3476 997 3540 tum
1039 3470 1235 3538 variis
1283 3468 1429 3536 aliis
1467 3468 1715 3558 pietatis
1760 3466 2090 3560 operibus,
2159 3473 2301 3546 tum
2357 3466 2517 3533 edu-

224 3584 456 3655 candis
507 3586 838 3677 praecipue
883 3583 1119 3676 puellis
1169 3581 1642 3654 incumbebant
1666 3581 1875 3675 (bulla
1927 3582 2246 3666 Quamvis
2286 3582 2509 3670 justo,

225 3701 274 3792 ξ
313 3701 415 3792 4).-
455 3700 892 3792 Propagatum
917 3699 1072 3770 inde
1107 3699 1284 3768 varia
1311 3699 1382 3768 in
1417 3698 1559 3766 loca
1602 3700 2000 3768 institutum.
2046 3695 2189 3766 Sub
2237 3694 2513 3764 Pontifi-

235 3823 386 3886 catu
435 3816 709 3886 demum
759 3815 1116 3887 lunoeentii
1161 3813 1313 3902 XII,
1369 3837 1525 3886 cum
1579 3816 2053 3885 nonnullorum
2109 3817 2242 3881 tam
2306 3813 2513 3881 eccle-

229 3925 636 3997 siasticorum
671 3948 874 4018 quam
903 3925 1314 3996 saecularium
1355 3923 1722 3996 Germaniae
1762 3927 2143 4018 principum
2184 3920 2264 3991 ad
2293 3920 2512 3990 sedem

227 4041 670 4136 Apostolieam
699 4043 925 4112 delatae
963 4043 1228 4112 fuissent
1272 4047 1529 4136 preces,
1569 4041 1809 4133 quibus
1856 4042 2133 4133 huJusce
2178 4038 2513 4128 virginum

215 4155 746 4248 -Anglicanarum
793 4155 1076 4228 instituti
1109 4157 1517 4230 confirmatio
1566 4155 1927 4250 petebatur,
1959 4154 2199 4246 praevio
2238 4154 2307 4222 S.
2340 4151 2509 4220 Con-

231 4273 629 4363 gregationis
677 4273 952 4344 Concilii
1000 4275 1320 4360 examine,
1380 4300 1419 4342 ι(
1452 4271 1817 4366 approbatae
1866 4271 2134 4340 fuerunt
2179 4265 2513 4360 praedicta-

243 4411 282 4452 «
305 4407 460 4456 rum
502 4390 840 4480 virginum
881 4387 1170 4478 regulae3
1205 4409 1559 4480 earumque
1602 4385 1981 4482 approbatio
2018 4384 2253 4456 deinde
2283 4403 2321 4451 a
2364 4381 2513 4452 Cle-
