2834 4959
412 327 537 380 190
980 327 1323 378 ΤΒΑΩΤΔΤΠὸ
1366 329 1446 376 DE
1494 329 1643 376 mun
1685 329 2102 376 REGULAMUM.

410 473 485 534 ut
504 467 857 554 erigeretur
882 462 953 532 in
977 462 1365 553 reliqionem
1392 463 1604 531 trium
1629 473 1933 532 votorum
1956 463 2388 532 solemnium.
2421 463 2488 533 S.
2519 465 2668 534 Cou-

408 579 690 673 gregatio
744 578 1209 670 Episcoporum
1260 583 1325 646 et
1372 577 1806 668 regularium,
1839 580 1945 648 cui
1972 579 2426 648 examinandae
2477 603 2667 669 preces

408 697 769 766 commissas
815 696 1097 781 fuerant,
1124 693 1377 763 censuit
1416 714 1552 762 esse
1603 693 1672 761 id
1715 716 1755 762 a
1783 693 2092 763 Pontifice
2140 694 2661 780 concedendum3

409 811 581 901 quod
616 817 681 879 et
714 809 981 902 perfecit
1006 809 1356 900 Gregorius
1384 806 1538 890 XV,
1563 807 1754 877 citata
1792 808 1992 877 bulla.

498 925 673 995 Idem
705 925 1019 994 concessit
1054 923 1409 1014 Gregorius
1457 920 1584 991 XV
1611 923 2098 1012 congregationi
2153 921 2541 993 clericorum
2581 947 2663 992 re-

412 1041 739 1134 gularium
768 1040 1152 1111 Scholarum
1181 1038 1471 1122 Piarum,
1524 1038 1977 1110 constitutione
2001 1041 2085 1107 In
2109 1061 2449 1130 supremo,
2479 1040 2554 1108 18
2573 1061 2664 1107 no-

414 1160 695 1228 vembris
724 1156 920 1227 1621.
972 1153 1133 1224 Eam
1158 1175 1391 1246 nempe
1416 1155 1618 1222 erexit
1644 1155 1715 1221 in
1737 1153 2116 1242 reliqionem
2145 1155 2364 1222 trium
2394 1167 2663 1223 votorum

414 1275 829 1360 solemnium,
888 1279 959 1340 ut
1006 1291 1299 1360 expresse
1341 1269 1413 1336 in
1460 1267 1630 1336 dicta
1689 1267 2147 1337 constitutione
2185 1268 2452 1337 dicitur.
2495 1267 2664 1359 (Duas

414 1391 631 1460 citatas
658 1385 955 1475 Gregorii
986 1383 1113 1455 XV
1140 1383 1623 1453 constitutiones
1645 1384 1926 1472 reperies
1945 1383 2013 1450 in
2043 1381 2366 1452 Ballario
2393 1405 2658 1466 romano,

416 1510 589 1571 tomo
620 1500 701 1569 13
732 1527 747 1584 ;
778 1501 1063 1591 priorem
1089 1499 1326 1589 pagina
1364 1496 1531 1586 3933
1563 1498 1978 1588 posteriorem
2011 1499 2264 1589 pagina
2291 1497 2470 1588 404.)

506 1613 818 1684 Praedicto
860 1633 1053 1704 sensu
1126 1610 1403 1702 intelligi
1463 1611 1896 1680 communiter
1975 1612 2186 1681 solere
2245 1611 2556 1703 reliqionis
2605 1619 2660 1680 et

420 1734 951 1827 conqreqationis
977 1733 1303 1824 reliqiosae
1328 1731 1646 1800 vocabula
1693 1733 2000 1822 supponit
2027 1737 2291 1801 sanctus
2321 1731 2658 1800 Franciscus

418 1849 719 1928 Salesius,
747 1849 907 1916 dum
937 1849 1029 1916 sic
1062 1846 1484 1916 Visitationis
1510 1847 1821 1915 moniales
1845 1847 2206 1934 alloquitur
2237 1873 2254 1915 τ

515 1990 549 2028 α
596 1964 653 2031 Il
688 1986 727 2053 y
763 1984 801 2032 a
828 1985 909 2032 eu
956 1963 1325 2051 cy-devant‚
1365 1968 1432 2029 et
1469 1983 1512 2050 y
1557 1983 1594 2029 a
1627 1983 1860 2032 encore
1887 1983 1972 2030 en
2019 1983 2092 2030 ce
2141 1969 2358 2054 temps
2397 1961 2498 2029 des
2537 1980 2658 2027 con-

427 2106 463 2144 «
493 2079 859 2169 gre'gations
888 2077 968 2146 de
1020 2077 1294 2146 femmes
1332 2077 1704 2145 consacrees
1751 2077 1786 2144 a
1839 2076 2031 2157 Dieu,
2089 2097 2180 2144 en
2233 2076 2401 2145 deux
2446 2081 2654 2143 sortes:

428 2220 465 2260 α
495 2215 605 2262 car
654 2194 747 2261 les
797 2213 958 2260 unes
1010 2198 1125 2258 ont
1177 2192 1275 2260 ete
1327 2190 1590 2258 etablies
1631 2211 1713 2258 en
1753 2189 1914 2259 titre
1957 2188 2038 2258 de
2085 2191 2401 2283 reliqion,
2443 2211 2545 2280 par
2591 2187 2658 2253 les

433 2335 466 2374 α
495 2329 684 2376 voeux
702 2304 1047 2375 solemnels
1072 2333 1091 2392 3
1116 2313 1177 2373 et
1193 2304 1287 2372 les
1309 2310 1524 2373 autres
1549 2325 1633 2372 en
1657 2304 1910 2392 titt-este
1929 2305 2182 2397 simple
2210 2302 2653 2397 eonqre'qation,

436 2451 472 2490 α
494 2446 583 2494 ou
628 2445 743 2514 par
796 2424 886 2492 les
926 2443 1115 2490 voeux
1154 2421 1443 2512 simples,
1494 2443 1580 2490 ou
1628 2443 1742 2512 par
1794 2422 2154 2509 l’oblation,
2213 2445 2301 2492 ou
2350 2444 2460 2514 par
2507 2416 2655 2507 quel·
2750 2407 2751 2414 '

437 2563 471 2602 α
500 2559 630 2628 que
678 2543 859 2607 autre
910 2543 1075 2606 sorte
1134 2535 1215 2604 de
1265 2536 1623 2627 profession
1673 2537 1908 2605 sacree.
1967 2537 2082 2622 Or,
2129 2557 2273 2608 mes
2329 2533 2655 2605 tres-cheres

437 2684 471 2720 u
510 2652 753 2737 Soeurs,
801 2658 977 2720 votre
1024 2651 1484 2740 congregation
1539 2673 1578 2719 a
1623 2652 1721 2720 ete
1789 2652 2050 2744 jusqu’a
2101 2654 2367 2742 present
2405 2651 2480 2718 de
2531 2651 2655 2714 cette

432 2796 469 2836 (ι
498 2768 772 2840 seconde
820 2774 1066 2837 sorte...
1123 2765 1283 2836 Mais
1343 2765 1656 2860 depuis...
1719 2775 1931 2836 nostre
2002 2765 2381 2837 Saint-Pere
2435 2761 2572 2830 Paul
2619 2757 2655 2822 V

437 2906 471 2946 α
502 2881 632 2949 m’a
661 2880 937 2948 commis
976 2899 1141 2969 pour
1185 2878 1397 2968 eriget
1419 2883 1634 2946 vostre
1663 2877 1912 2946 maison
1953 2899 2039 2946 en
2089 2878 2253 2948 titre
2298 2876 2377 2947 de
2399 2870 2652 2961 reliqion.

439 3021 475 3062 α
500 3017 655 3064 avec
723 3000 929 3064 toutes
1012 2993 1105 3061 les
1176 2993 1606 3083 prerogatives
1687 2993 1846 3062 dont
1913 2995 2253 3085 jouyssent
2328 2992 2418 3060 les
2487 2993 2654 3055 autres

436 3137 472 3178 (ι
504 3111 720 3180 ordres
756 3109 1091 3200 religieux,
1140 3115 1203 3174 et
1246 3129 1319 3176 ce
1361 3127 1510 3176 sous
1540 3107 1604 3176 la
1647 3106 1824 3196 regle
1867 3107 1958 3175 du
1988 3107 2278 3197 glorieux
2319 3107 2512 3174 sainct
2545 3101 2652 3165 Au-

440 3253 474 3292 «
506 3227 747 3314 gustin.
780 3251 813 3290 ³>
851 3221 1058 3314 (Saint
1079 3222 1385 3306 Francois
1412 3221 1494 3290 de
1521 3219 1721 3306 Sales,
1756 3222 1992 3312 Reyles
2005 3244 2184 3313 pom·
2207 3223 2298 3292 les
2324 3217 2650 3309 reliqieuses

430 3339 607 3408 dela
640 3337 1025 3423 Visitation,
1051 3337 1328 3429 preface,
1360 3357 1611 3405 oeuvres
1639 3336 2010 3428 completes‚
2047 3343 2206 3406 tom.
2241 3338 2310 3419 4,
2341 3353 2493 3426 page
2519 3325 2642 3405 474,
2748 3349 2749 3430 ζ

432 3457 589 3526 edit.
640 3453 876 3544 Guyot,
915 3453 1141 3543 1853.)

520 3570 615 3640 Ex
640 3570 746 3637 his
770 3589 960 3661 porro
988 3573 1053 3636 et
1096 3565 1454 3653 similibus,
1493 3587 1642 3656 quae
1687 3566 1872 3635 facile
1899 3567 2166 3655 congeri
2194 3567 2466 3657 possent,
2493 3557 2649 3623 docu-

434 3687 692 3767 mentis,
722 3685 873 3754 satis
902 3689 1095 3773 patet,
1142 3703 1261 3750 nec
1290 3681 1645 3763 immerito,
1705 3700 1825 3749 nec
1847 3679 2184 3749 arbitrario
2227 3673 2491 3772 prael'atis
2515 3670 2650 3736 locu-

436 3801 719 3872 tionibus
746 3797 925 3886 affigi
964 3817 1225 3865 sensum
1248 3817 1445 3888 quem
1480 3795 1786 3864 diximus.

522 3916 598 3986 ΙΙ.
632 3913 814 4000 Quid
828 3931 1070 3982 onnuus
1090 3910 1403 3980 vocabulo
1422 3911 1643 3978 veniat
1662 3909 2216 4001 intelliqendum?
2233 3945 2320 3960 -
2333 3897 2642 3975 Suaresius‚

439 4038 579 4122 post
610 4031 1015 4121 Cajetanum‚
1048 4025 1650 4098 denominationem
1681 4025 1862 4096 illam
1909 4025 2103 4094 habet
2131 4031 2430 4114 tanquam
2451 4025 2640 4103 genuS,

434 4148 557 4217 sub
586 4169 713 4238 quo
752 4157 1061 4238 tanquam
1096 4145 1337 4234 species
1386 4142 2042 4232 comprehendantur,
2095 4147 2236 4210 tum
2285 4129 2504 4223 ntiqio
2532 4123 2642 4213 fOr·

438 4262 633 4330 malis
658 4261 753 4352 (id
780 4269 895 4346 est,
948 4253 1317 4330 institutum
1363 4257 1609 4327 habens
1633 4256 1974 4328 essentiam
2001 4261 2197 4326 status
2235 4239 2499 4338 religiosi
2521 4253 2638 4305 cum

438 4377 593 4444 votis
618 4375 1064 4465 solemnibus),
1118 4381 1261 4442 tum
1300 4374 1726 4465 eonqreqatio
1782 4369 2049 4464 proprie
2085 4366 2380 4481 reliqiopa
2435 4354 2506 4446 (id
2545 4351 2632 4420 0⁵¹²
