2834 4959
485 313 564 372 86
1059 321 1398 368 ‘falernus
1436 323 1517 369 nn
1553 321 1703 400 man
1748 320 2169 370 assummum.

484 471 518 509 t(
545 449 794 511 tantum
823 441 1184 531 promissio,
1217 441 1406 533 cujus
1436 448 1734 510 naturam
1768 464 1894 510 non
1923 443 2231 512 immutat
2268 445 2703 516 constitutioin-

485 585 519 624 α
537 559 781 628 ducens
793 559 930 626 vim
955 556 1252 626 irritandi
1273 559 1769 627 matrimonium
1789 541 2213 648 subsequens.
2242 557 2403 629 Item
2424 567 2701 631 ostensum

486 701 522 743 α
543 680 639 744 est
673 675 898 744 eodem
929 694 1208 742 numero
1246 681 1467 742 votum
1498 695 1682 765 posse
1710 672 1852 742 fieri
1878 695 1950 743 ex
1980 673 2267 764 simplici
2294 673 2587 763 solemne,
2610 685 2701 746 ete

485 815 522 856 α
549 789 895 876 contrario,
947 791 1085 858 sine
1161 793 1517 859 mutatione
1586 811 1663 859 ex
1732 795 1911 882 parte
1964 794 2147 859 actus
2220 792 2556 860 voluntatis
2612 813 2701 859 vo-

485 930 522 971 «
560 905 766 974 ventis
805 929 824 989 3
877 927 1034 995 ergo
1067 907 1330 976 evidens
1398 907 1665 996 signum
1731 911 1849 986 est,
1915 905 2027 974 illa
2087 909 2231 975 vota
2308 927 2436 975 non
2500 905 2702 974 differre

493 1047 524 1086 οι
545 1022 784 1114 specie.
841 1021 934 1090 Ex
987 1043 1118 1111 quo
1181 1024 1377 1090 etiam
1449 1021 1637 1090 facile
1692 1020 2077 1110 intelligitur
2130 1021 2336 1111 qualis
2388 1023 2465 1089 sit
2524 1021 2701 1090 divisio

491 1162 528 1204 α
553 1136 684 1206 voti
707 1138 776 1204 in
799 1121 1076 1228 'simplex
1103 1143 1165 1204 et
1196 1136 1507 1205 solemne.
1546 1135 1693 1206 Non
1721 1145 1813 1205 est
1848 1137 2022 1206 enim
2079 1138 2338 1226 generis
2372 1137 2441 1204 in
2464 1137 2699 1226 species:

489 1278 525 1319 α
576 1256 698 1324 erit
731 1275 884 1343 ergo
909 1252 1118 1320 solum
1161 1252 1435 1342 subjecti
1464 1254 1533 1320 in
1587 1253 1962 1323 accidentia.
1992 1276 2026 1319 2>
2068 1251 2452 1343 (SuaresiuS,
2476 1249 2549 1319 de
2579 1249 2700 1318 Beli·

475 1371 692 1462 9ionc,
737 1374 1010 1439 tractatu
1038 1371 1104 1453 7,
1131 1367 1178 1436 l.
1212 1368 1280 1454 2,
1311 1392 1370 1440 c.
1411 1370 1517 1454 11,
1553 1391 1619 1437 n.
1654 1369 1751 1460 8.)

569 1487 1018 1558 Conommun
1047 1484 1158 1556 lv.
1193 1525 1282 1540 -—
1303 1486 1505 1556 Ratio
1550 1486 1765 1554 curin
1790 1487 2099 1554 societate
2134 1487 2288 1553 Jesu
2313 1495 2533 1554 votum
2552 1481 2697 1550 casti·
2760 1486 2763 1646 Ι

487 1605 648 1673 tatis
667 1605 1159 1675 scolasticorum
1181 1629 1316 1674 non
1349 1605 1438 1674 sit
1457 1605 1769 1690 solemne,
1814 1605 2115 1695 quamvis
2139 1595 2607 1672 inhabilitatem
2624 1601 2699 1666 in·
2760 1647 2762 1706 ᾗ

490 1717 692 1789 ducat
719 1720 813 1789 ad
853 1722 1365 1790 matrimonium
1392 1720 1807 1811 subsequens,
1842 1732 1939 1788 est
1970 1719 2129 1811 quia
2154 1741 2289 1787 non
2312 1716 2547 1786 inducit
2576 1715 2700 1781 hanc

493 1845 991 1915 inhabilitatem
1023 1846 1325 1916 absolute
1349 1847 1421 1914 in
1436 1858 1858 1938 perpetuum.
1894 1883 1983 1897 —
2006 1843 2294 1925 Etenim,
2324 1865 2396 1912 ex
2422 1843 2603 1926 dictis,
2626 1859 2699 1904 vo-

490 1971 630 2033 tum
661 1962 944 2031 solemne
973 1963 1276 2031 castitatis
1304 1985 1439 2032 non
1468 1962 1680 2032 differt
1702 1983 1739 2030 a
1769 1961 2079 2054 simplici,
2104 1961 2235 2028 nisi
2274 1981 2387 2052 per
2408 1959 2529 2026 vim
2552 1973 2694 2046 quam
2762 1973 2765 2130 η

487 2080 546 2148 ei
607 2079 854 2148 confert
894 2078 995 2146 lex
1043 2078 1370 2164 Ecclesiae,
1434 2079 1927 2146 matrimonium
1976 2077 2373 2167 subsequens
2436 2067 2693 2140 irritandi.
2763 2133 2764 2158 χ

493 2198 665 2288 Ergo
691 2196 748 2266 si
773 2206 994 2264 votum
1019 2196 1338 2285 ejusmodi
1364 2195 1891 2266 scholasticorum
1922 2195 2111 2286 plene
2130 2203 2197 2264 et
2246 2193 2535 2264 absolute
2556 2187 2695 2256 inha·
2762 2165 2764 2284 l

494 2313 776 2382 bilitaret
841 2313 919 2380 ad
973 2311 1369 2402 subsequens
1424 2311 1939 2398 matrimonium,
1998 2315 2161 2378 esset
2222 2308 2518 2378 solemne.
2576 2301 2697 2388 Ergo

496 2430 639 2496 ideo
685 2429 991 2498 duntaxat
1017 2448 1150 2496 esse
1177 2427 1375 2496 simul
1422 2433 1623 2518 potest
1656 2427 1925 2517 simplex
1971 2434 2035 2496 et
2091 2423 2487 2494 matrimonii
2533 2415 2696 2485 subse-

493 2543 750 2633 quentis
777 2543 1191 2627 irritativum,
1243 2545 1394 2632 quia
1420 2544 1591 2612 hanc
1636 2545 1768 2609 vim
1806 2538 2103 2611 irritandi
2146 2563 2281 2611 non
2322 2537 2503 2608 habet
2552 2529 2695 2598 abso-

499 2661 639 2730 lute
662 2681 774 2728 seu
804 2662 872 2728 in
923 2651 1334 2751 perpetuum',
1365 2659 1475 2726 sed
1521 2659 1929 2728 solummodo
1970 2678 2125 2726 eum
2178 2657 2301 2728 hae
2342 2648 2693 2722 restrictione,

498 2777 794 2867 quandiu
820 2789 1048 2845 votum
1067 2775 1358 2866 durabit,
1391 2776 1457 2844 id
1480 2783 1601 2856 est,
1628 2776 1921 2866 quandiu
1966 2781 2189 2845 votum
2222 2772 2383 2841 illud
2411 2787 2529 2836 non
2554 2760 2697 2832 solvet
2764 2820 2766 2830 .

473 2894 754 2962 societas
781 2893 1228 2962 scholasticum
1279 2893 1688 2962 dimittendo.

1417 3217 1694 3289 CAPUT
1743 3218 1851 3287 lll.

1011 3436 1088 3480 mi:
1135 3434 1272 3480 von
1321 3435 1742 3480 PAUPERTATIS
1778 3431 2223 3478 SOLEMNITATE.

581 3649 666 3721 Ut
689 3649 984 3741 apprime
1019 3648 1464 3738 intelligantur
1514 3673 1661 3741 quae
1690 3650 1769 3718 de
1810 3648 2211 3719 solemnitate
2242 3643 2440 3727 hujus
2459 3629 2571 3700 voti
2606 3627 2699 3688 sta-

501 3764 738 3834 tuenda
763 3771 936 3852 sunt,
983 3764 1433 3854 praemittenda
1486 3772 1579 3834 est
1626 3765 1799 3834 notio
1842 3766 1923 3833 de
1972 3763 2236 3832 materia
2304 3753 2521 3848 ipsius,
2566 3745 2617 3808 ‘³¹
2648 3731 2701 3798 ¹¹³

498 3881 691 3948 variis
735 3881 1125 3972 paupertatis
1171 3881 1480 3972 gradibus
1513 3906 1529 3950 :
1563 3888 1708 3950 tum
1760 3880 2250 3972 expendendum
2303 3872 2372 3940 in
2415 3883 2533 3957 quo
2580 3867 2697 3923 ⁰⁰¹1‘

495 3993 670 4061 sistat
719 3994 1010 4086 ejusdem
1064 3996 1200 4067 voti
1245 3996 1635 4066 solemnitas.
1690 3995 1861 4066 Hinc
1917 3994 2243 4088 praesentis
2288 3983 2501 4078 capitis
2548 3971 2701 4040 disce·

499 4115 848 4205 ptationem
882 4117 1340 4187 distribuemus
1385 4121 1457 4188 in
1511 4125 1843 4211 sequentes
1882 4113 2347 4210 paragraphos:
2382 4107 2439 4173 1⁰
2467 4097 2701 4188 ‘1¹³³'nam

494 4237 576 4305 sit
602 4241 889 4328 materia,
942 4249 1084 4312 tum
1110 4251 1377 4331 remota,
1431 4251 1569 4313 tum
1600 4244 1916 4336 proxima,
1954 4243 2084 4313 voti
2136 4227 2545 4334 paupertati&
2574 4215 2626 4280 ἴ
2646 4203 2705 4271 de

497 4355 690 4422 variis
723 4357 1028 4448 gradibus
1079 4363 1489 4453 paupertatis,
1542 4369 1606 4431 et
1650 4363 1920 4452 quinam
1962 4358 2044 4430 ad
2091 4340 2587 4430 constituendum
2610 4325 2707 4392 ⁵1⁸⁶
