2834 4959
1174 388 1380 435 lNDEI.
2296 386 2418 441 689
2468 412 2483 421 -

243 511 530 575 religiosos
542 513 692 575 ipsos,
713 510 802 571 qui
813 511 1118 560 conventum
1137 511 1260 559 ante
1278 508 1641 573 dispersionem
1658 509 1959 573 incolebant,
1978 509 2067 561 sed
2088 512 2261 575 etiam,

240 604 314 651 iis
334 602 457 651 vita
475 598 676 659 iunctis,
697 600 752 648 in
767 599 1150 661 congregatione
1167 597 1414 661 religiosa,
1445 600 1589 661 cujus
1610 611 1725 663 pars
1740 600 1947 651 eratiile
1969 604 2265 653 conventus.
2331 604 2425 655 370

175 704 212 767 ,ξ
237 703 338 753 111.
356 702 528 754 Casus
552 700 876 771 regularium,
894 712 1111 765 quorum
1125 701 1434 753 monasteria
1455 700 1660 753 fuerunt
1678 701 1892 753 Romani
1910 700 2163 754 Ponunois
2180 715 2267 755 au-

241 792 505 841 ctoritate
524 791 785 841 alienata..
959 823 1000 842 ..
1105 824 1120 839 .
1135 822 1150 839 .
1169 823 1213 840 ..
1450 824 1499 841 ..
1518 824 1560 841 ..
1612 828 1627 841 .
1644 826 1657 840 .
1928 826 1941 840 .
2088 824 2128 841 ..
2150 824 2192 844 ..
2330 794 2423 843 370

171 880 494 944 Propo-sitio
523 881 585 933 1.
618 880 710 930 Jus
733 877 1135 929 conventualiter
1163 823 1416 929 existendi
1440 880 1493 930 1ιι
1515 878 1685 942 aliqua
1706 825 1909 930 invitate
1928 880 2098 944 potest
2118 890 2267 943 regn-

239 968 460 1019 laribus
486 968 688 1019 concedi
707 970 762 1019 1ιι
787 958 850 1017 eo
879 978 1054 1028 anau,
1081 966 1216 1030 qued
1241 967 1450 1018 valeant
1482 969 1635 1018 etiam
1666 970 2083 1019 communitatem
2116 980 2265 1020 suam

245 1056 319 1107 de
351 1069 470 1107 uno
490 1058 542 1107 in
572 1056 730 1105 alium
749 1056 964 1107 civimtis
983 1054 1172 1115 iocum,
1198 1057 1351 1117 prout
1377 1054 1505 1107 utile
1530 1054 1787 1119 duxerint,
1812 1056 2082 1109 transferre
2090 1091 2258 1109 ......
2322 1059 2412 1109 371

171 1146 492 1211 Pmpositio
523 1146 611 1196 11⁸2
644 1146 670 1195 J
675 1158 734 1196 us
764 1144 1166 1197 conventualiter
1207 1144 1457 1195 existendi
1498 1146 1551 1195 in
1579 1144 1749 1209 aliqua
1776 1146 1996 1205 civitate,
2022 1158 2127 1197 non
2151 1149 2265 1197 tan-
2346 1147 2351 1156 “

246 1240 378 1286 tum
401 1239 571 1301 potest
599 1238 650 1285 in
671 1234 908 1299 praedicto
929 1246 1081 1285 sensu
1110 1234 1427 1299 regularibus
1441 1235 1675 1298 conectit,
1694 1234 1784 1287 sed
1804 1234 1868 1285 de
1888 1234 2023 1286 facto
2049 1237 2121 1287 lta
2142 1236 2265 1298 ipsis

245 1328 608 1379 conceditur.
640 1341 700 1378 ae
717 1322 929 1391 proinde
952 1328 1036 1389 ius
1063 1325 1187 1378 illud
1224 1338 1328 1378 non
1351 1329 1431 1377 est
1470 1324 1733 1392 alligatum
1753 1326 1902 1378 alicui
1925 1326 2261 1378 determinato

247 1417 482 1469 aediflcio
509 1420 600 1469 aut
628 1418 736 1468 loco
758 1419 1402 1469 civitatis..............
1833 1442 1846 1468 '-
1866 1449 2255 1469 ............
2326 1420 2415 1469 371

175 1506 490 1571 Propo-sitio
513 1508 618 1557 illa.
645 1506 889 1557 Alienatio
922 1505 1238 1566 monasterii,
1271 1503 1488 1555 Romani
1515 1497 1770 1555 pontificis
1792 1466 2089 1557 auctoritate
2105 1505 2256 1566 facta,

244 1608 348 1657 per
369 1608 431 1645 se
458 1596 614 1645 solam
642 1606 745 1645 non
774 1595 976 1657 perimit
993 1596 1076 1654 ‚ius
1094 1592 1405 1654 regularium
1433 1568 1830 1644 conventualiter
1858 1596 1911 1643 in
1934 1594 2111 1669 eadem
2140 1595 2261 1645 civi-

245 1687 366 1735 tate
396 1683 645 1733 existendi
663 1713 2249 1736 ...................................................
2322 1687 2415 1735 372

121 1777 132 1785 ·
174 1771 486 1835 propositio
523 1770 630 1821 Νι.
681 1769 938 1821 Romanus
985 1768 1218 1821 Pontifex
1261 1770 1573 1833 regularium
1610 1771 1823 1831 alicujus
1848 1773 2061 1822 civitatis
2081 1784 2259 1824 mona·

243 1859 472 1909 sterium
509 1858 751 1919 alienans,
793 1872 916 1909 non·
935 1858 1216 1909 censendus
1243 1862 1322 1909 est
1343 1861 1565 1921 privatos
1586 1858 1713 1909 velle
1740 1858 1851 1909 illos
1872 1858 2125 1923 regulares
2148 1862 2263 1922 jure

243 1951 660 2003 conventualiter
679 1950 926 2004 existendi
944 1954 998 2001 in
1015 1949 1103 2001 illa
1119 1954 1342 2013 civitate,
1355 1950 1529 2003 aliisve
1544 1950 1743 2013 iuribus
1756 1953 1847 2001 ant
1858 1952 2143 2015 privilegiis,
2161 1953 2257 2003 nisi
2296 1992 2309 1999 -

241 2046 301 2095 id
320 2057 564 2109 expresse
585 2044 808 2097 declaret
813 2078 2249 2099 ..............................................
2322 2043 2423 2097 375

173 2151 208 2213 5
239 2149 328 2202 IV.
363 2150 442 2200 De
457 2150 768 2213 regularibus
793 2163 1014 2215 quornm
1044 2151 1427 2201 monasteriam
1448 2148 1629 2201 Galliis
1638 2153 1689 2198 et
1714 2148 1879 2211 Belgio
1901 2148 2115 2213 fuerunt
2138 2147 2256 2199 alie-

239 2243 392 2300 nata,
427 2243 481 2289 et
502 2242 600 2303 qui
609 2240 764 2291 bodie
783 2240 950 2291 denuo
967 2242 1024 2291 in
1041 2240 1104 2291 iis
1120 2238 1408 2302 regionibus
1427 2237 1605 2289 domos
1622 2237 1717 2307 sibi
1734 2241 2047 2301 comparant,
2062 2248 2121 2288 ac
2138 2248 2257 2287 eon·
2294 2256 2301 2261 ·

238 2328 552 2381 ventualem
585 2330 746 2379 vitam
769 2328 1068 2379 instaurant
1068 2360 1332 2379 .........
1342 2364 1348 2367 -
1354 2356 2251 2377 .............................
2322 2329 2410 2377 377

175 2417 483 2477 Proposirio
519 2418 580 2461 ιι.
611 2416 984 2466 concordatum
1013 2418 1134 2467 anni
1168 2418 1307 2477 1801,
1336 2416 1643 2467 monasteria
1662 2414 1969 2479 regularium
1992 2412 2256 2465 alienando

241 2514 340 2551 nec
360 2498 628 2561 regulares
650 2501 786 2561 ipsos
811 2502 1105 2562 suppressit,
1133 2513 1228 2549 nec
1249 2502 1459 2552 sustulit
1484 2502 1589 2553 ulla
1612 2506 1839 2567 ipsorum
1858 2506 1973 2567 jura
1996 2508 2087 2553 aut
2106 2505 2257 2567 privi—

237 2590 397 2652 legia,
437 2590 642 2649 excepto
661 2586 768 2636 solo
795 2588 850 2637 in
875 2586 1009 2636 bona
1029 2586 1248 2637 alienata
1263 2590 1376 2647 iure
1385 2620 2246 2645 ............................
2321 2595 2408 2642 377

173 2681 483 2749 Propo-sitio
514 2680 600 2730 11⁸.
629 2680 895 2731 Decretum
938 2678 1216 2729 cardinalis
1255 2679 1485 2743 Caprarae
1528 2682 1648 2729 anni
1693 2680 1831 2740 1803,
1860 2680 2113 2740 regulares
2136 2696 2255 2731 con-

231 2784 482 2831 cernens,
509 2780 606 2821 nec
625 2780 712 2819 eos
737 2768 1032 2833 suppressit,
1055 2780 1150 2817 nec
1167 2780 1344 2818 eorum
1358 2770 1478 2829 jura
1500 2771 1592 2819 aut
1611 2766 1868 2830 privilegia
1890 2767 2097 2817 sustulit
2104 2803 2243 2819 .....
2318 2774 2403 2825 381

171 2862 475 2928 propositio
501 2860 610 2910 111ι.
649 2857 860 2909 Articuli
899 2856 1136 2917 organici,
1160 2869 1258 2907 nec
1291 2858 1616 2919 supprimere
1636 2855 1894 2917 religiosos
1916 2854 2135 2915 ordines,
2158 2868 2252 2907 nec

231 2962 434 3002 eorum
451 2952 564 3010 iura
586 2949 814 2999 minuere
836 2947 1108 3009 potuerunt
1118 2975 2242 2999 ....................................
2317 2950 2409 2998 382

167 3038 402 3103 Proposi
411 3036 604 3086 tiolV1.
629 3037 683 3087 Si
704 3036 1085 3093 monasterium,
1105 3035 1167 3095 in
1198 3000 1368 3096 aliqua
1395 3032 1603 3083 civitate
1624 3031 1796 3085 Gallim
1815 3039 1909 3095 aut
1930 3035 2079 3099 Belgii
2102 3049 2298 3089 cano·

233 3129 350 3177 nice
368 3128 628 3184 erectum,
643 3127 804 3174 totam
827 3124 1261 3185 congregationem
1281 3123 1713 3187 constituerit‚1us
1730 3126 2129 3177 conventualiter
2148 3129 2247 3179 exi-

233 3214 424 3266 stendi
455 3215 510 3263 1ιι
551 3212 728 3263 eadem
763 3214 964 3265 civitate
999 3214 1278 3276 permansit
1296 3214 1350 3266 in
1379 3210 1565 3261 ultimo
1593 3213 1745 3263 etiam
1770 3212 1923 3276 huius
1948 3218 2249 3267 monasterii

229 3304 473 3366 professo
496 3302 766 3364 superstite
775 3335 2237 3355 ...............................................
2305 3307 2398 3357 383

168 3394 473 3456 Ρηοροςίέίο
502 3391 581 3445 Vt.
613 3390 665 3439 Si
688 3392 1067 3451 monasterium,
1099 3392 1154 3441 in
1181 3390 1352 3453 aliqua
1378 3392 1583 3441 civitate
1604 3388 1777 3441 Galliae
1803 3395 1895 3441 aut
1922 3390 2069 3455 Belgli
2092 3406 2239 3446 cano-

229 3488 348 3535 nice
364 3484 602 3535 erectum
617 3480 769 3533 luerit
787 3492 904 3545 pars
919 3481 1313 3543 congregationis
1332 3478 1590 3543 religiosas,
1612 3479 1787 3531 multis
1804 3481 2133 3534 conventibus
2150 3486 2243 3535 aut

227 3575 514 3639 provinciis
527 3573 774 3635 conflatas,
793 3584 949 3637 penes
967 3584 1080 3623 eam
1095 3573 1535 3635 congregationem
1550 3573 1827 3635 permansit
1840 3574 1927 3635 ius
1938 3579 2243 3627 conventua-

229 3664 349 3717 liter
371 3662 629 3714 existendi
657 3664 710 3713 in
738 3675 800 3713 ea
825 3664 1043 3723 civitate,
1069 3674 1187 3711 cum
1210 3660 1447 3712 omnibus
1466 3661 1645 3723 priscis
1658 3661 1855 3724 juribus
1872 3668 1925 3712 et
1948 3661 2236 3725 privilegiis,

229 3756 452 3819 excepto
469 3752 576 3803 solo
599 3753 654 3803 1ιι
679 3751 810 3802 bona
833 3749 1053 3803 alienata
1081 3754 1192 3812 lure
1201 3782 2223 3803 .................................
2296 3753 2387 3803 384

177 3840 470 3908 Proposieio
489 3840 595 3915 ξφ.
627 3840 737 3891 Non
760 3842 1001 3905 poterunt
1021 3844 1192 3891 tamen
1216 3838 1361 3891 ullibi
1379 3838 1651 3903 regulares,
1672 3839 1861 3903 absque
1878 3837 2127 3891 ordinarii
2146 3852 2235 3903 ap-

233 3933 548 3992 probatione,
566 3929 886 3983 saecularium
907 3928 1244 3979 confessiones
1263 3928 1462 3989 audire,
1481 3931 1577 3979 aut
1594 3928 1901 3991 praedicandi
1918 3927 2057 3979 verbi
2078 3928 2233 3979 divini

235 4032 426 4071 munus
451 4019 588 4071 obire
597 4048 2223 4073 .....................................................
2300 4020 2391 4069 385

113 4152 352 4205 SEGTIO
372 4154 459 4204 111.
493 4152 567 4203 De
589 4152 832 4203 hodierna
851 4152 1138 4203 conditione
1159 4151 1503 4215 religiosarum
1524 4150 1833 4202 familiarum
1850 4148 2041 4213 Galliae,
2064 4150 2230 4215 quoad
2246 4150 2263 4169 '

239 4251 404 4301 slatus
423 4245 635 4311 religiosi
662 4244 929 4295 essentiam
950 4244 1003 4292 et
1021 4244 1258 4291 votorum
1289 4240 1659 4291 solemnitatem
1672 4271 2218 4292 ..................
2293 4242 2381 4291 387

115 4354 410 4405 Sub-ectio
441 4356 480 4407 1.
509 4356 581 4409 De
603 4352 848 4426 ¹hodierna
871 4351 1219 4415 religiosorum
1243 4350 1419 4403 Galllae
1447 4351 1735 4403 conditione
1759 4351 1925 4415 quoad
1953 4352 2223 4403 essentiam

241 4446 406 4493 status
423 4444 655 4507 religiosi,
674 4454 870 4497 necnon
889 4445 1120 4495 votorum
1138 4441 1511 4494 solemnitatem
1518 4473 2211 4494 .......................
2282 4444 2369 4493 387

357 4550 400 4594 1.
2073 4547 2136 4595 kt
