2834 4959
432 363 554 420 590
1013 367 1352 415 'ruac‘rssus
1397 368 1478 413 nr.
1512 367 1663 414 anns
1710 367 2127 414 anonumum.

425 491 674 562 dentini
712 489 945 559 decreti
976 487 1211 558 verbis».
1241 488 1312 558 ld
1343 511 1533 578 porro
1560 486 2053 578 intelligendum
2080 489 2341 558 videtur
2380 490 2455 559 de
2490 495 2681 566 dona-

431 607 720 676 tionibus
749 627 894 695 quae
930 605 1156 672 novitii
1203 603 1373 672 bona
1428 606 1797 672 minuerent
1830 603 2263 684 notabiliter:
2302 609 2474 696 juxta
2514 611 2681 680 dicta

431 722 752 813 superiuS,
795 719 1230 810 propositione
1257 719 1324 787 2.
1353 717 1800 788 Nihilominus
1828 719 1977 787 vide
2003 721 2179 810 apud
2215 719 2496 791 Feri-aris
2516 726 2681 816 (voce

429 837 823 924 novitiatus,
859 859 925 904 n.
958 835 1042 904 57
1049 835 1069 925 )
1097 843 1486 903 memoratas
1514 837 1826 923 quasdam
1854 835 2343 922 declarationes,
2366 863 2509 930 quae
2522 844 2681 932 parvi

429 944 622 1012 etiam
650 943 963 1012 momenti
997 941 1373 1010 donationes
1397 941 1729 1010 excludere
1760 941 2083 1010 videntur.
2110 941 2299 1031 Nota,
2333 967 2684 1016 excommu-

431 1061 822 1128 nicationem
854 1059 1036 1126 illam
1089 1060 1158 1124 in
1185 1057 1410 1124 dantes
1450 1063 1509 1122 et
1541 1057 1919 1148 recipientes
1961 1058 2209 1148 aliquid
2240 1062 2318 1128 de
2354 1061 2543 1130 bonis
2578 1085 2679 1132 no-

430 1177 598 1261 vitii,
621 1195 754 1244 non
787 1175 1037 1242 incurri
1057 1174 1196 1263 ipso
1223 1174 1412 1256 facto,
1450 1194 1567 1240 nec
1588 1194 1724 1240 esse
1750 1179 2138 1241 reservatam
2164 1176 2297 1242 sedi
2320 1177 2681 1266 Apostolicae

433 1293 767 1388 (Ferraris,
793 1295 936 1362 loco
959 1294 1100 1375 cit„
1129 1315 1196 1360 n.
1225 1293 1362 1380 60).

523 1410 897 1478 Pnorosrno
911 1407 1115 1476 XXP.
1136 1445 1225 1459 -·-
1243 1413 1442 1476 Docet
1466 1410 1525 1474 F
1522 1406 1762 1474 erraris
1771 1419 2083 1496 parentes
2100 1420 2167 1475 et
2183 1411 2677 1500 consanqztineos

433 1551 568 1595 non
590 1549 777 1616 posse
803 1525 1007 1591 etiam
1033 1523 1112 1592 de
1150 1524 1336 1590 bonis
1357 1523 1489 1590 suis
1502 1522 1799 1612 propriis
1821 1521 2081 1612 aliquid
2090 1521 2245 1591 dare
2260 1527 2674 1610 monas-terzo,

434 1642 514 1710 ob
542 1641 912 1731 inqressum
937 1635 1182 1706 novitii
1197 1638 1268 1705 in
1292 1637 1394 1705 rel
1397 1637 1717 1727 iqionem‚
1747 1659 1941 1724 excep
1950 1650 2016 1706 to
2040 1637 2205 1705 victu
2228 1651 2289 1704 et
2312 1641 2670 1709 vestitu.—
2752 1633 2757 1640 ’

433 1759 528 1826 Ita
573 1757 863 1824 decisum
917 1776 956 1823 a
1011 1755 1209 1823 Sacra
1265 1753 1776 1843 Congregatione
1826 1751 2103 1854 Concilii
2147 1753 2333 1822 refert
2386 1757 2675 1825 laudatus

433 1871 720 1942 Feri-aris
750 1871 928 1964 (voce
967 1869 1381 1953 Novitiatus‚
1413 1891 1481 1935 n.
1518 1869 1653 1958 57).
1688 1868 1767 1936 Et
1794 1875 2057 1944 notetur
2090 1869 2171 1938 ab
2200 1871 2419 1939 eodem
2454 1869 2675 1940 Ferra-

435 1990 536 2058 rio
573 1989 641 2056 id
680 1985 1086 2078 prohibitum
1118 1984 1392 2072 intelligi
1420 1983 1541 2050 sub
1579 1983 1753 2051 dicta
1789 1986 2475 2054 excommunicationis
2508 2008 2671 2077 poena

437 2108 508 2174 in
553 2106 773 2172 dantes
819 2110 880 2171 et
926 2101 1332 2190 recipientes.
1393 2097 1807 2168 Contrarium
1852 2105 2076 2168 tamen
2132 2101 2427 2170 docuisse
2468 2099 2674 2169 Suare-

437 2220 608 2287 sium
669 2193 732 2284 et
783 2217 968 2299 εἰὶσε,
1026 2216 1172 2283 vide
1225 2215 1399 2304 apud
1456 2213 1937 2282 'Pamburinum
1976 2214 2083 2307 (de
2151 2219 2322 2285 Iure
2370 2217 2668 2300 abbatum,

439 2339 614 2400 tomo
643 2329 709 2412 3,
737 2331 977 2419 disput.
1015 2329 1086 2407 6,
1115 2352 1180 2418 q.
1221 2329 1328 2414 10,
1362 2351 1432 2395 n.
1467 2328 1605 2418 21).
1638 2328 1799 2398 Mihi
1828 2349 1928 2398 res
1956 2331 2067 2398 illa
2094 2353 2231 2400 non
2264 2335 2478 2422 liquet.

525 2447 899 2513 Pnorosmo
923 2443 1155 2512 XXll⁸.
1177 2479 1267 2494 —
1285 2443 1421 2510 Sub
1441 2446 2119 2515 excommunicatione
2142 2451 2361 2537 Papa>
2392 2459 2679 2516 reservata

430 2545 846 2653 prohibitum
876 2570 1076 2628 estne
1111 2559 1451 2649 requlares
1490 2559 1793 2650 aliquam
1812 2563 2109 2652 pecunioe
2142 2578 2489 2632 summam
2520 2585 2557 2630 a
2573 2584 2679 2654 pa-

437 2677 729 2746 rentibus
753 2675 1008 2743 novitii
1037 2677 1339 2768 exiqant‚
1353 2699 1481 2766 pro
1506 2678 1832 2763 convivia,
1854 2679 2189 2748 occasione
2214 2681 2582 2749 vestitionis
2600 2677 2679 2745 rel

432 2797 856 2889 professionis
881 2796 1218 2887 faciendo.
1264 2834 1355 2848 —
1393 2797 1462 2864 ld
1506 2798 1771 2886 quidem
1803 2819 1932 2867 non
1964 2799 2343 2890 prohibetur
2388 2805 2450 2868 vi
2484 2799 2677 2868 decreti

435 2911 826 2996 Tridentini,
855 2912 964 2981 sed
993 2920 1435 3002 extravagante
1476 2915 1658 2981 Sane
1704 2912 1780 3005 (l,
1813 2913 1893 2982 de
1926 2915 2284 3006 Simonia).
2322 2915 2494 2984 Vide
2530 2913 2671 3006 apud

439 3027 723 3096 Ferraris
758 3027 920 3117 (loco
965 3027 1185 3109 citato,
1229 3049 1298 3096 n.
1337 3028 1473 3119 63).
1508 3027 1601 3096 Ex
1646 3011 1969 3100 contraria
2000 3039 2219 3099 tamen
2264 3039 2681 3101 conventuum

439 3143 926 3214 consuetudime
963 3143 1026 3210 id
1065 3143 1258 3212 licere
1287 3149 1507 3212 tenent
1535 3142 1877 3214 Suaresius
1906 3151 1967 3214 et
2000 3146 2111 3216 alii
2154 3147 2331 3238 (vide
2378 3147 2680 3216 Tamburi·

439 3279 626 3342 num,
657 3258 796 3325 loco
824 3257 1036 3342 citato,
1071 3279 1138 3324 n.
1180 3257 1310 3348 19).

526 3369 900 3440 Pnorosmo
943 3371 1199 3440 xxm.
1259 3411 1348 3423 -
1411 3373 1694 3456 Quando
1738 3375 2030 3443 novitius
2080 3376 2273 3445 bonis
2316 3378 2446 3447 suis
2484 3373 2679 3444 debito

437 3486 631 3556 modo
655 3491 1067 3557 renuntiavit
1113 3493 1180 3558 in
1204 3493 1509 3580 favorem
1536 3493 1953 3576 monasterii,
1970 3517 2061 3562 an
2076 3497 2347 3586 possint
2378 3497 2541 3564 bona
2562 3493 2679 3558 lzaec

436 3605 838 3672 monasterio
871 3605 1080 3694 tradi,
1114 3605 1401 3696 depositi
1426 3609 1658 3692 titulo,
1705 3613 2241 3680 controvertitur.
2276 3652 2371 3666 -
2414 3613 2679 3682 Rationes
2795 3681 2796 3694 χ

435 3741 552 3809 pro
580 3728 641 3786 et
669 3727 889 3788 contra
908 3721 1053 3789 vide
1073 3724 1243 3812 apud
1277 3723 1966 3816 Schmalzgrueber(in
1990 3728 2257 3796 titulum
2300 3729 2382 3799 de
2420 3724 2679 3818 Περαία·

435 3833 642 3918 riba-9,
666 3857 729 3903 n.
772 3833 946 3927 121).
976 3834 1276 3906 Diximus
1301 3837 1370 3906 in
1391 3842 1696 3929 favorem
1722 3843 2128 3929 monasterii,
2160 3847 2435 3936 exempli
2464 3843 2675 3934 gratia;
2795 3839 2796 3856 l

433 3951 584 4038 quia
607 3951 782 4019 idem
811 3957 902 4020 est
929 3950 1008 4020 de
1037 3973 1431 4043 quocunque
1454 3955 1605 4039 alio,
1636 3959 1745 4024 eui
1768 3957 2049 4027 novitius
2066 3959 2240 4028 bona
2266 3982 2382 4028 sua
2410 3957 2668 4026 dedisset.

433 4063 618 4146 Quod
689 4074 902 4134 tamen
977 4076 1301 4158 nequeant
1351 4071 1663 4141 moniales
1717 4073 2107 4143 novitiarum
2178 4099 2439 4144 suarum
2486 4071 2671 4154 doteS,

431 4183 628 4249 etiam
679 4179 864 4250 titulo
893 4183 1189 4274 depositi,
1249 4191 1396 4254 ante
1446 4187 1907 4276 professionem
1944 4191 2112 4281 apud
2156 4212 2224 4258 se
2262 4191 2538 4268 retinere,
2574 4183 2671 4252 de-

344 4349 352 4366 .
433 4296 698 4364 claravit
735 4293 803 4364 S.
835 4296 1258 4388 Congregatio
1285 4299 1560 4372 Concilii
1604 4303 1778 4392 (vide
1814 4305 1988 4395 apud
2017 4305 2332 4395 Ferraris,
2368 4324 2511 4374 voce
2544 4300 2665 4372 No·

435 4409 736 4492 vitiatae,
771 4435 836 4478 n.
876 4412 961 4478 64
990 4423 1047 4480 et
1077 4413 1216 4503 65).
