2834 4959
386 374 504 433 500
941 374 1280 425 meu-rus
1316 376 1397 425 ns
1435 376 1588 425 suan
1639 373 2064 423 stamnum.

380 472 755 571 institutum
794 518 1021 583 suum,
1071 518 1195 566 nec
1244 500 1471 566 votum
1499 493 1790 565 solemne
1818 494 2219 586 paupertatis
2239 497 2608 571 emitterent
2643 529 2664 573 ε

378 616 562 707 atqui
586 614 751 683 nulli
780 634 855 683 ex
884 612 988 681 his
1026 610 1391 681 rationibus
1417 610 1618 680 tribui
1665 614 1892 701 potest,
1920 610 2097 699 quod
2128 610 2318 681 hodie
2341 614 2673 686 solemni-

378 736 503 802 tate
520 731 589 798 in
614 730 844 799 Galliis
861 733 1121 798 careant
1144 726 1467 797 dictarum
1493 726 1883 794 monialium
1902 732 2072 794 vota.

472 848 536 916 1⁰
584 843 1071 914 solemnitatem
1112 863 1243 912 non
1270 842 1546 934 impedit
1586 839 1689 910 lex
1717 840 1930 911 civilis
1959 839 2213 927 Gallim,
2247 850 2441 933 prout
2465 867 2674 937 supra

376 962 519 1031 tuse
546 960 755 1052 quoad
790 966 933 1029 vota
955 960 1247 1029 virorum
1276 958 1622 1049 probatum
1647 962 1766 1026 est.

466 1076 537 1143 2⁰
560 1074 785 1165 Neque
830 1074 1303 1145 solemnitatem
1333 1072 1654 1163 impedire
1681 1070 2042 1140 censendus
2085 1076 2182 1141 est
2225 1072 2486 1157 modus,
2530 1098 2670 1165 quo

378 1192 759 1263 earumdem
796 1190 1184 1260 monialium
1237 1194 1595 1258 conventus
1646 1187 1719 1255 in
1745 1185 1958 1256 Gallia
2005 1188 2343 1258 instaurati
2385 1198 2568 1273 sunt,
2597 1197 2671 1260 ut

378 1306 573 1378 modo
600 1306 1045 1400 probavimus.

467 1421 535 1491 3⁶
558 1420 783 1512 Neque
832 1418 1187 1512 impeditur
1210 1424 1515 1488 votorum
1565 1416 1968 1503 solemnitas,
2017 1416 2101 1487 ob
2129 1417 2546 1490 deficientem
2593 1424 2664 1491 in

374 1538 671 1627 ipsarum
720 1532 1142 1603 conventibus
1197 1534 1568 1604 clausuram
1621 1533 2038 1603 canonicam.
2083 1532 2156 1601 Id
2197 1528 2394 1603 etiam
2451 1558 2661 1627 supra

376 1651 825 1743 probavimus.
894 1683 899 1691 ·
1536 1653 1550 1663 '

465 1766 534 1833 4·
552 1764 845 1835 Tandem
868 1764 1103 1834 falsum
1128 1771 1223 1833 est
1258 1764 1341 1833 ab
1365 1763 1522 1855 ipsis
1545 1764 1753 1835 emitti
1775 1769 2000 1833 votum
2051 1763 2456 1855 paupertatis,
2487 1786 2654 1835 cum

372 1881 743 1950 intentione
793 1868 1142 1951 retinendae
1172 1879 1533 1950 habilitatis
1579 1880 1661 1949 ad
1692 1879 2086 1949 dominium.
2129 1877 2200 1947 ld
2242 1879 2648 1950 documentis

374 1999 647 2067 omnino
672 1999 862 2066 certis
883 1996 1055 2065 infra
1082 1996 1444 2065 firmamus.
1481 1992 1738 2063 Volunt
1789 2017 1828 2064 e
1865 2002 2092 2095 contra
2121 2017 2258 2065 sese
2307 1996 2646 2087 incapaces

374 2114 721 2202 cujuslibet
748 2112 1155 2202 proprietatis
1182 2130 1297 2178 seu
1318 2109 1592 2178 dominii
1613 2108 1891 2193 efficere,
1929 2107 2010 2177 ad
2035 2108 2345 2178 terminos
2367 2110 2648 2177 instituti

374 2232 439 2294 et
465 2224 1001 2293 constitutionum
1026 2246 1321 2293 suarum.
1372 2223 1508 2292 Nec
1536 2230 1772 2292 curant
1802 2224 1978 2314 quod
2010 2225 2114 2294 lex
2137 2224 2346 2293 civilis
2377 2246 2518 2292 eam
2543 2224 2658 2292 in-

376 2338 793 2431 capacitatem
820 2340 889 2405 in
918 2338 1075 2431 ipsis
1115 2337 1279 2407 nolit
1324 2358 1693 2426 agnoscere.
1765 2337 1937 2429 Ergo
1979 2340 2262 2409 rationes
2287 2340 2658 2431 praemissae,

374 2476 519 2545 quae
544 2454 694 2523 solae
721 2452 1061 2541 excogitari
1110 2472 1289 2541 posse
1326 2452 1655 2539 videntur,
1711 2460 2016 2524 votorum
2074 2454 2467 2523 solemnitati
2512 2473 2646 2522 non

376 2568 650 2637 obstant.
688 2566 859 2657 Ergo
902 2573 1194 2637 remanet
1223 2573 1295 2636 ut
1320 2567 1746 2638 solemnitatis
1776 2570 2057 2639 deiectus
2095 2570 2300 2661 repeti
2339 2574 2636 2657 nequeat,

376 2682 602 2753 nisiex
622 2680 947 2753 voluntate
970 2682 1137 2752 sedis
1160 2682 1567 2774 Apostolicae.
1605 2683 1774 2754 Cum
1805 2706 2040 2777 nempe
2083 2684 2265 2753 sedes
2294 2680 2656 2775 Apostolica

378 2798 668 2867 instituta
706 2797 845 2866 baec
870 2796 1314 2889 approbando,
1349 2800 1417 2868 in
1451 2806 1838 2892 perpetuum
1881 2801 2278 2893 disposuerit
2307 2808 2448 2870 vota
2473 2801 2542 2866 in
2577 2798 2653 2865 iis

377 2916 691 2986 institutis
711 2919 831 2985 rite
853 2916 1085 2987 emissa
1113 2918 1425 2987 solemnia
1453 2918 1611 3008 fore,
1643 2920 1770 2989 nisi
1791 2918 2193 2989 voluntatem
2215 2920 2382 2989 banc
2405 2924 2652 2986 mutas·

376 3038 492 3116 set,
521 3039 584 3099 et
602 3032 987 3101 contrariam
1018 3032 1231 3122 quoad
1244 3032 1587 3103 hodiernas
1603 3034 1739 3103 illas
1763 3034 1993 3105 Galliae
2018 3035 2336 3104 moniales
2361 3050 2648 3122 expresse

376 3142 773 3230 declarasset,
812 3144 1028 3217 adhuc
1053 3146 1242 3215 bodie
1268 3168 1385 3237 pro
1413 3148 1814 3218 solemnibus
1863 3150 2155 3240 ipsarum
2181 3155 2326 3220 vota
2347 3144 2648 3216 habenda

376 3256 610 3327 forent.
2042 3349 2078 3381 s

1449 3490 1606 3587 gv.

378 3658 420 3707 A
446 3654 595 3709 Sacra
614 3657 991 3710 Poenltentiaria
1018 3656 1203 3723 pluries
1225 3658 1540 3713 declaratum
1557 3663 1654 3725 est,
1703 3674 1795 3724 pro
1821 3661 2132 3715 solemnibus
2151 3662 2384 3715 habenda
2415 3672 2506 3713 non
2528 3670 2646 3711 ense

1061 3746 1309 3799 dictarum
1336 3746 1510 3800 Galliae
1531 3749 1828 3801 monialium
1851 3754 1991 3803 vota.

460 3946 558 4019 De
633 3947 965 4019 existentia
1034 3954 1098 4018 et
1172 3936 1668 4021 authenticitate
1750 3949 2272 4021 declarationum
2340 3944 2640 4041 ejusmodi

372 4063 637 4134 nullum
688 4070 881 4135 exstat
934 4063 1211 4135 dubium
1255 4067 1327 4133 in
1374 4064 1588 4135 Gallia
1642 4071 1704 4134 et
1757 4064 2006 4158 Belgio,
2039 4088 2115 4136 eo
2152 4066 2330 4159 quod
2370 4061 2642 4135 declara-

370 4182 577 4252 tiones
627 4182 769 4251 illas
814 4180 1135 4251 ediderint
1171 4188 1468 4251 auctores
1514 4183 1638 4252 fide
1687 4184 1962 4255 omnino
2009 4184 2215 4275 digni,
2278 4188 2341 4253 et
2399 4173 2637 4272 publici

364 4296 537 4382 juris
589 4320 693 4368 eas
743 4300 937 4368 etiam
985 4297 1251 4369 iecerint
1300 4296 1629 4391 Episcopi,
1657 4301 1736 4369 ad
1793 4323 1954 4393 quos
1985 4300 2242 4370 directae
2272 4305 2438 4369 sunt.
2471 4292 2634 4373 Qua-

370 4416 631 4498 propter
656 4434 739 4481 ne
759 4410 834 4480 in‘
854 4413 1236 4484 stabilienda
1258 4437 1329 4484 re
1350 4414 1622 4485 omnino
1646 4422 1820 4487 certa
1845 4416 2160 4488 inutiliter
2190 4418 2622 4489 immoremur,
