2834 4959
1097 381 1252 432 rm
1295 383 1558 443 omnm,
2333 385 2413 442 59
2424 387 2459 442 5

274 531 308 574 α
351 503 660 575 Probavit
689 503 960 595 quidem
986 504 1356 596 Apostolica
1404 507 1585 577 sedes
1609 506 2039 582 lectisnmam
2074 508 2458 584 oblatorum

195 623 589 706 «familiam,
623 623 692 690 in
733 641 868 712 qua
899 619 968 689 id
1001 619 1146 711 lege
1171 625 1499 696 sancitum
1528 633 1645 716 est,
1682 632 1757 698 ut
1784 628 2096 698 omnium
2140 628 2461 702 bonorum

189 761 228 802 «
253 735 602 828 cujuslibet
621 735 858 806 Oblati
864 734 1366 808 administratio
1385 739 1481 809 ad
1494 743 2078 836 conqreqationem
2077 746 2463 838 pertineat,

195 877 232 922 t(
257 851 1066 945 ipsorumqueproprietas
1080 873 1282 944 penes
1303 853 1438 922 Obl
1441 867 1587 926 atos
1612 877 1871 948 semper
1888 872 2284 945 remaneat;
2300 863 2465 952 quin

197 990 240 1031 «
265 965 399 1036 ulla
441 967 520 1038 de
571 969 900 1039 bonorum
958 967 1555 1062 beneficiorumque
1604 972 2011 1044 abdicatione
2062 976 2462 1067 praescriptio

207 1085 353 1154 «sit.
389 1083 586 1171 Hinc,
615 1084 698 1154 ad
722 1082 992 1154 oratoris
1019 1082 1519 1175 postulationem
1554 1089 1867 1161 tuendam
1888 1111 2190 1161 summus
2214 1090 2465 1162 ordinis

211 1223 242 1264 α
268 1198 572 1288 magister
621 1196 1098 1286 animadvertit,
1153 1221 1271 1290 per
1309 1201 1681 1293 simplicem
1706 1204 2219 1294 professionem,
2267 1227 2470 1298 quam

150 1353 164 1362 -
211 1314 476 1385 «oblati
527 1320 866 1406 peragunt,
909 1336 1047 1384 non
1095 1315 1322 1384 induci
1369 1315 1839 1390 beneficiorum
1881 1321 2308 1410 vacationem,
2361 1322 2473 1391 sed

185 1457 242 1497 .«
271 1432 484 1502 solum
549 1452 664 1522 per
722 1428 1114 1508 solemnem.
1169 1429 1557 1520 Testemque
1605 1432 1791 1501 affert
1823 1433 2263 1505 Benedictum
2317 1435 2473 1508 XIV

213 1570 246 1608 «
267 1548 494 1636 (const.
525 1547 640 1614 Ea:
674 1567 802 1638 quo
826 1544 1136 1628 dilectus,
1175 1544 1218 1636 ξ
1244 1545 1588 1638 Denique).
1622 1547 1838 1618 Refert
1862 1551 2107 1642 quippe
2150 1539 2473 1636 Pontifex,

215 1687 248 1728 tt
276 1662 644 1733 dubitatum
667 1661 886 1747 fuisse,
907 1683 999 1730 an
1027 1671 1184 1730 vota
1206 1662 1563 1752 simplicia,
1588 1686 1739 1752 quae
1779 1687 1823 1732 a
1853 1665 2099 1735 clericis
2150 1668 2481 1759 requlari-

213 1801 246 1841 «
279 1776 392 1844 bus
423 1774 754 1844 societatis
770 1778 922 1844 Jesu
928 1785 1093 1866 post
1113 1774 1450 1844 biennium
1462 1777 1885 1867 probationis
1911 1780 2345 1866 mittuntur,
2381 1783 2485 1850 be·
2517 1809 2535 1820 ·

215 1915 251 1956 α
282 1889 672 1980 neficiorum
721 1891 1134 1986 vagationem
1177 1889 1561 1959 inducerent
1586 1913 1615 1973 ‚·
1661 1913 1737 1960 ac
1780 1893 2169 1982 neqativam
2226 1907 2485 1964 senten·

225 2029 262 2070 ιι
292 2003 460 2072 tiam
475 2002 684 2093 fuisse
700 2002 1133 2074 communiter
1147 2015 1507 2098 receptam.
1540 2003 1978 2074 Decreverunt
2004 2004 2252 2075 idcirco
2278 2001 2491 2078 *socie-

220 2139 256 2182 «
289 2117 432 2186 tatis
457 2117 759 2208 praesides
796 2117 865 2185 in
895 2118 1178 2208 generali
1213 2119 1709 2210 congregatione
1762 2120 1995 2210 quinta
2038 2119 2213 2211 (can.
2247 2121 2387 2212 59),
2417 2129 2493 2191 ut

215 2231 592 2323 «completo
621 2230 1009 2324 probationis
1041 2234 1334 2322 bienni0,
1366 2236 1750 2327 priusquam
1774 2239 1920 2304 vota
1942 2234 2271 2324 simplicia
2298 2235 2493 2305 emit-

222 2375 258 2414 «
287 2355 447 2433 tant,
474 2345 792 2418 beneficia
831 2351 1208 2420 renuntient
1252 2351 1545 2442 ejusdem
1573 2357 1857 2440 tyroneS,
1880 2373 2014 2442 qua
2046 2371 2123 2420 ex
2148 2353 2495 2422 renuntia-

218 2491 258 2529 (ι
280 2465 452 2533 tione
480 2463 788 2533 duntaxat
805 2485 1004 2534 vacua
1021 2465 1134 2534 illa
1153 2465 1626 2535 denuntiantur
1645 2463 1979 2558 (Sanchez.
1996 2518 2078 2548 ..,
2104 2466 2498 2556 Pitonius..,

219 2603 256 2646 α
287 2577 740 2670 RigantiuS..).
822 2580 921 2649 Iis
982 2580 1055 2649 in
1139 2579 1580 2669 reliqionibus
1671 2603 1785 2649 seu
1880 2585 2501 2674 conqreqationibus

228 2719 263 2758 α
289 2695 529 2786 (inquit
576 2693 871 2785 Nigrina,
911 2698 1181 2763 tractatu
1227 2691 1306 2760 de
1371 2692 1725 2762 Vacatione
1754 2693 2245 2784 beneficiorum,
2310 2722 2369 2767 c.
2405 2699 2499 2789 8),

232 2837 267 2879 α
294 2813 369 2882 in
405 2811 640 2904 quibus
679 2811 1019 2882 emittitur
1039 2809 1366 2904 professio
1409 2821 1718 2879 votorum
1754 2810 2196 2900 simplicium,
2229 2824 2293 2881 et
2339 2835 2505 2904 pro-

222 2957 256 2997 «
281 2930 443 3021 fessi
478 2932 762 3001 retinent
811 2929 1187 3001 dominium
1215 2931 1360 3001 sine
1399 2952 1526 3000 usu
1550 2941 1617 3018 et
1656 2926 2268 3014 administratione,
2297 2944 2509 3021 prout

222 3073 258 3114 t(
280 3060 380 3118 est
408 3047 826 3140 conqreqatio
850 3048 1451 3127 Missionariorum‚
1492 3057 1556 3116 et
1576 3067 1769 3116 usum
1786 3045 1929 3115 sine
1945 3042 2272 3132 dominio,
2293 3060 2508 3138 prout

222 3191 260 3232 ι
294 3175 392 3233 est
417 3161 651 3254 reliqio
671 3163 1086 3232 Jesuitarum
1105 3175 1262 3232 ante
1299 3175 1625 3255 quartum
1655 3173 1909 3246 votum,
1946 3159 2147 3230 nullo
2174 3160 2371 3229 modo
2394 3183 2508 3270 va:

217 3257 264 3346 ἰ(
297 3293 455 3350 cant
473 3279 786 3369 beneficia
809 3279 1270 3348 ecclesiastica.

320 3420 358 3460 t(
387 3393 638 3466 Verum
687 3395 1111 3484 intelligenda
1155 3393 1296 3462 haec
1329 3398 1483 3462 sunt
1520 3392 1601 3461 de
1666 3391 1997 3462 beneficiis
2054 3393 2501 3486 simplicibus.
2622 3387 2627 3390 ’

225 3536 268 3576 «ι
301 3507 371 3578 Si
399 3531 682 3599 namque
711 3513 953 3598 ‚agatur
1017 3509 1096 3578 de
1147 3509 1226 3577 iis
1283 3527 1431 3598 quae
1480 3507 1843 3576 residentiae
1892 3507 2103 3596 legem
2163 3509 2497 3599 injiciunt,

227 3651 268 3691 «
303 3635 610 3692 tenentur
627 3624 922 3716 professi
939 3623 1186 3715 (subdit
1203 3621 1260 3690 N
1267 3620 1491 3713 igrius)
1513 3620 1716 3691 libere
1737 3621 1874 3692 illa
1900 3622 2241 3692 dimittere
2268 3624 2341 3692 in
2358 3645 2503 3694 ma-

229 3766 270 3806 «
299 3739 495 3807 nibus
529 3738 908 3821 Ordinarii,
937 3739 1046 3808 vel
1092 3737 1233 3807 alio
1263 3735 1459 3806 modo
1487 3735 1826 3829 resiqnare
1837 3757 1868 3824 ;
1896 3738 2056 3829 quia
2083 3739 2345 3811 rationi
2372 3761 2509 3808 non

228 3880 266 3921 ι(
297 3853 634 3939 conqruit,
655 3861 736 3920 ut
750 3875 873 3944 per
897 3853 1277 3923 electionem
1304 3862 1524 3922 status
1542 3851 1975 3946 perfectionis
1995 3852 2254 3922 ecclesia
2280 3851 2509 3944 patia-

231 3994 270 4035 «
304 3977 417 4036 tur
434 3961 906 4036 detrimentum
943 3967 1018 4035 in
1071 3963 1571 4058 spiritualibus.
1602 3967 1821 4037 Aliter
1854 3965 2253 4035 Ordinarius
2282 3977 2505 4056 potest

236 4107 273 4148 κ
301 4081 399 4150 sic
417 4077 760 4172 professis,
785 4081 1064 4150 servatis
1106 4081 1447 4152 servandis
1488 4081 1849 4152 terminum
1886 4092 2366 4172 competentem
2398 4079 2507 4149 de-

235 4221 272 4262 «
305 4215 586 4282 cernere,
609 4204 688 4263 ut
717 4193 814 4263 ad
858 4194 1207 4266 ecclesiam
1250 4196 1549 4281 redeant,
1603 4217 1719 4265 seu
1752 4194 2067 4286 beneficia
2094 4193 2507 4281 dimittant;

242 4333 274 4373 α
301 4334 427 4401 quo
445 4310 666 4403 elapso
695 4321 916 4402 potest
952 4311 1347 4382 ordinarius
1369 4311 1756 4386 beneficium
1784 4309 1921 4380 alii
1954 4313 2269 4402 conferre.
2312 4310 2507 4403 (Ton-

243 4450 278 4488 «
302 4425 548 4508 dutius‚
579 4425 659 4495 de
684 4427 1054 4520 Beneficiis,
1083 4448 1142 4497 c.
1179 4425 1320 4517 42.)
1353 4451 1388 4492 »
