2834 4959
1085 375 1234 424 rans
1281 379 1498 426 enm.
2290 381 2412 438 us

159 495 316 564 illam
365 513 562 583 agere
606 492 678 560 in
737 493 1034 578 urbibus,
1087 469 1276 587 atque
1327 499 1398 566 in
1458 501 1736 592 propriis
1788 503 2005 589 etiam,
2062 509 2419 596 paternisve

159 611 406 680 aedibus.
645 618 652 626 '

231 726 480 794 Rasum
506 724 646 794 lv·.
681 763 774 776 —
799 725 1162 836 Exstitisse
1171 728 1522 818 prioribus
1547 731 1853 798 Ecclesioe
1884 735 2293 825 temporibus
2318 761 2425 808 ve-

157 864 248 910 ros
279 841 612 932 reliqiosos
647 840 818 908 satis
856 841 1212 924 constabit,
1263 843 1326 908 si
1354 840 1681 934 probetur
1723 847 2052 916 eoestitisse
2092 850 2417 938 homines,

157 957 268 1045 qui
312 955 543 1046 triplex
591 953 942 1027 consilium
987 957 1449 1046 evanqelicum
1495 971 1799 1028 voventes
1834 983 1965 1030 sese
1996 966 2131 1031 Deo
2164 963 2427 1038 dicave-

159 1068 320 1155 rint,
351 1079 724 1160 acceptante
745 1067 1004 1159 aliquo,
1035 1069 1304 1138 nomine
1329 1072 1471 1156 Dei,
1508 1072 1681 1141 hanc
1708 1097 1936 1143 eorum
1967 1076 2421 1154 traditionem.

163 1224 252 1236 —
297 1183 448 1252 Nam
491 1185 580 1253 ibi
616 1181 1068 1272 agnoscendus
1115 1188 1209 1252 est
1249 1207 1442 1255 verus
1490 1193 1691 1257 status
1728 1190 2090 1280 religiosuS‚
2138 1196 2253 1264 ubi
2302 1205 2431 1270 tota

163 1305 356 1370 exstat
392 1305 584 1368 status
630 1296 918 1388 religiosi
971 1299 1242 1368 essentia
1294 1321 1406 1369 seu
1459 1301 1835 1374 substantia.
1888 1304 2011 1374 Sed
2059 1315 2185 1378 tota
2231 1313 2432 1400 hujus

164 1417 356 1480 status
377 1411 729 1480 substantia
757 1410 1018 1502 praecise
1043 1412 1122 1481 ad
1154 1414 1347 1482 modo
1385 1415 1669 1504 exposita
1696 1415 2026 1487 reducitur
2059 1442 2078 1490 ε
2112 1423 2432 1496 nimirum

163 1527 235 1596 ad
267 1533 476 1595 votum
507 1527 590 1594 de
635 1526 878 1617 triplici
921 1528 1191 1596 consilio
1235 1527 1633 1619 evangelico,
1673 1537 1737 1601 et
1762 1534 1840 1603 ad
1885 1535 2291 1607 traditionem
2332 1539 2435 1608 sui

161 1640 278 1711 Deo
304 1644 567 1732 factam,
595 1647 660 1710 et
680 1641 761 1710 ab
785 1641 1002 1734 aliquo
1023 1642 1141 1711 Dei
1165 1645 1435 1713 nomine
1454 1653 1876 1738 acceptatam,
1906 1659 2097 1740 prout
2119 1655 2437 1746 superiori

163 1759 422 1829 sectione
449 1759 870 1849 probavimus
901 1783 918 1826 :
951 1781 1130 1848 ergo·

241 1872 488 1943 Reum
511 1871 596 1941 V.
629 1911 718 1924 —
745 1872 1112 1964 Scriptores
1154 1872 1272 1963 qui
1293 1886 1550 1963 neqant
1580 1877 1909 1945 exstitisse
1936 1890 2093 1946 ante
2119 1892 2435 1968 quartum

165 2000 282 2055 aut
313 1988 572 2054 tertium
595 1988 911 2057 saeculum
938 1985 1297 2055 monachos
1321 1985 1434 2055 vel
1453 1987 1887 2056 anachoretas
1898 1993 2178 2082 proprie
2197 1989 2430 2080 dictos,

161 2124 286 2170 non
317 2100 454 2172 ideo
491 2101 793 2172 censendi
817 2113 978 2170 sunt
1023 2124 1266 2193 neqare
1293 2101 1503 2170 etiam
1530 2101 2001 2195 reliqiosorum
2043 2129 2115 2173 eo
2147 2117 2437 2200 tempore

161 2221 591 2306 existentiam,
621 2218 762 2288 nisi
790 2219 964 2287 clare
993 2217 1070 2286 id
1107 2217 1360 2286 dicant.
1395 2257 1488 2272 —
1512 2217 1683 2288 Nam
1710 2242 1786 2289 ex
1823 2222 2048 2312 regula
2078 2224 2291 2301 tertia,
2322 2245 2441 2316 po·

167 2343 410 2404 tuerunt
447 2359 522 2405 eo
562 2344 850 2427 tempore
882 2337 1015 2403 veri
1057 2334 1344 2422 religiosi
1377 2337 1672 2419 existere,
1713 2337 1877 2427 quin
1916 2339 2161 2408 fuerint
2196 2361 2450 2430 mona-2

167 2452 254 2520 chi
285 2459 390 2520 aut
420 2452 847 2523 anachoretae.
889 2444 1077 2521 Unde
1121 2453 1234 2541 qui
1287 2455 1559 2522 sustinet
1599 2453 1817 2544 priora
1861 2453 2167 2525 Ecclesiae
2198 2438 2453 2526 saecula'

170 2567 478 2636 monachis
548 2573 614 2636 et
660 2565 1056 2634 anachoretis
1117 2569 1423 2654 caruisse,
1480 2568 1609 2637 hoc
1665 2571 1807 2658 ipso
1853 2573 1987 2640 solo
2041 2594 2173 2640 non
2234 2581 2427 2666 negat

171 2703 342 2750 veros
377 2683 682 2753 exstitisse
736 2680 1104 2771 religiosos;
1159 2688 1347 2770 atque
1394 2682 1553 2750 adeo
1606 2683 1733 2750 nisi
1780 2685 2171 2755 sufficienter
2197 2689 2435 2778 patefa-

173 2798 294 2864 ciat
329 2820 737 2889 quoscunque
778 2800 969 2865 etiam
1016 2797 1344 2886 religiosos
1388 2815 1505 2864 sua
1546 2797 1887 2886 negatione
1937 2801 2424 2892 comprehendi,

175 2933 296 2980 non
341 2915 446 2983 erit
487 2915 576 2983 iis
630 2911 1054 3003 scriptoribus
1104 2912 1657 2995 adnumerandus,
1716 2913 1827 3003 qui
1892 2915 2079 2982 tertio
2121 2914 2429 2983 duntaxat

173 3034 268 3096 aut
301 3037 520 3121 quarto
561 3029 800 3099 saeculo
835 3026 1170 3116 religiosos
1204 3027 1501 3094 inductos
1528 3025 1775 3094 volunt.
1826 3026 1895 3095 ld
1939 3035 2156 3102 autem
2205 3028 2425 3099 sedulo

171 3143 588 3215 adnotandum
631 3143 967 3229 duximus3
1008 3140 1160 3229 quia
1209 3140 1538 3230 provocari
1580 3139 1738 3209 solet
1780 3140 1863 3209 ad
1913 3141 2227 3230 quosdam
2282 3163 2425 3210 ma-

173 3261 280 3343 gni
305 3259 576 3328 nominis
613 3258 926 3337 doctores,
967 3257 1148 3344 quasi
1195 3255 1653 3346 religiosorum
1684 3254 1985 3323 omnium
2016 3257 2419 3326 existentiam

173 3373 473 3460 prioribus
504 3374 684 3442 hisce
721 3370 1123 3463 temporibus
1151 3371 1474 3460 rejiciant,
1520 3393 1672 3441 cum
1712 3377 1927 3438 tamen
1970 3393 2197 3442 eorum
2226 3395 2421 3466 argu-

172 3493 450 3559 mentatio
500 3493 676 3560 circa
725 3487 892 3557 solos
941 3483 1191 3556 coenobi
1203 3493 1292 3554 tas
1344 3490 1407 3551 et
1458 3485 1869 3556 anachoretas
1928 3493 2053 3556 tota
2102 3497 2411 3560 versetur.

169 3601 322 3675 Talis
359 3615 480 3690 est,
513 3604 695 3673 verbi
745 3601 974 3693 gratia,
1008 3598 1393 3669 Antonellus
1437 3601 1505 3669 in
1542 3623 1660 3670 sua
1712 3600 1791 3669 de
1828 3596 2081 3672 Ascetis
2116 3606 2419 3674 disserta—

169 3719 344 3790 tione.
371 3721 432 3790 ls
469 3721 651 3790 enim
693 3717 776 3788 ad
819 3724 1122 3810 quartum
1175 3738 1378 3807 usque
1422 3716 1737 3785 saeculum
1788 3716 2173 3788 desideratos
2208 3717 2420 3818 ,fuisse

169 3836 498 3905 coenobitas
529 3857 644 3904 seu
687 3833 1041 3926 monachos
1078 3832 1388 3916 sustinet3
1440 3825 1629 3922 atque
1670 3840 1857 3902 antea
1904 3835 2070 3903 solos
2115 3833 2421 3904 exstitisse

173 3963 422 4020 ascetas.
453 3952 692 4021 Atvero
719 3947 893 4040 quod
919 3955 1140 4016 ascetae
1166 3947 1262 4016 illi
1300 3946 1439 4015 veri
1478 3947 1765 4037 religiosi
1794 3970 1926 4017 non
1956 3949 2219 4030 suerint,
2261 3971 2423 4018 nus-

175 4061 330 4150 piam
355 4067 590 4136 asserit.
620 4064 700 4134 Et
729 4063 1157 4132 nihilominus
1183 4063 1513 4152 scriptoris
1540 4061 1719 4131 illius
1756 4061 2129 4130 auctoritate
2154 4067 2423 4154 quidam

177 4178 470 4264 nituntur,
514 4187 590 4249 ut
623 4177 1070 4272 quorumlibet
1105 4177 1560 4266 religiosorum
1604 4175 2003 4246 existentiam
2033 4199 2073 4244 e
2106 4180 2424 4270 prioribus

185 4287 456 4366 Ecclesiae
479 4295 734 4366 saeculis
761 4292 1133 4365 excludant:
1193 4277 1201 4284 ⁸

395 4535 440 4581 1.
2128 4527 2193 4575 10
