2834 4959
331 313 456 371 536
917 313 1258 362 mern-ts
1293 314 1376 362 nn
1413 313 1567 361 suun
1612 309 2026 358 arsummu.

333 461 544 532 pares,
573 439 707 508 duo
733 435 1058 525 disposuit
1071 432 1289 502 Sixtus
1314 433 1408 516 V,
1434 452 1721 522 quorum
1752 449 1969 498 unum
1988 429 2211 519 vigere
2238 452 2381 502 non
2406 435 2634 523 desiit,

331 559 610 630 alterum
633 556 1016 642 abrogatum
1049 559 1143 620 est
1171 575 1190 620 ε
1215 551 1557 644 prohibuit
1598 569 1839 640 nempe
1876 569 1963 616 ne
1989 547 2061 616 in
2088 549 2475 641 religionem
2496 559 2633 629 ad..

333 674 780 755 mitterentur3
821 675 885 738 et
925 668 1193 758 insuper
1219 669 1473 736 irritam
1502 665 1784 735 decrevit
1808 684 2033 734 eorum
2064 665 2527 742 admissionem
2552 680 2628 744 et

331 793 616 860 secutam
667 784 1146 877 professionem.
1209 782 1386 852 Huic
1428 787 1646 852 autem
1688 779 1847 850 Sixti
1898 781 1963 850 V
1997 780 2259 852 decreto
2292 784 2627 875 derogavit

333 904 631 973 Clemens
659 898 810 970 vill
853 898 1330 990 (constitutione
1369 899 1455 966 In
1501 918 1833 989 suprema,
1866 895 1911 962 2
1942 897 2121 986 junii
2152 898 2389 992 1602),
2414 905 2629 993 quoad

331 1016 816 1108 pronuntiatam
843 1014 1232 1084 nullitatem
1281 1012 1697 1084 admissionis
1746 1019 1813 1081 et
1864 1011 2301 1103 professionis,
2334 1023 2405 1086 et
2456 1019 2631 1088 circa

332 1133 505 1201 hanc
529 1137 776 1223 partem
801 1133 910 1222 J'us
937 1137 1124 1200 antea
1145 1129 1374 1220 vigens
1419 1128 1697 1198 reduxit.
1742 1129 1833 1197 At
1874 1149 2029 1197 vero
2058 1131 2279 1218 quoad
2302 1133 2632 1204 illiceita-

337 1258 468 1318 tem
495 1247 904 1316 admissionis
941 1254 1002 1316 et
1028 1267 1252 1338 poenas
1283 1247 1356 1316 in
1373 1246 1819 1328 admittentes,
1858 1242 2021 1314 Sixti
2045 1242 2108 1314 V
2126 1245 2627 1335 dispositionem

331 1365 403 1433 in
427 1385 546 1434 suo
561 1363 784 1450 vigore
801 1363 1090 1452 reliquit.

425 1479 646 1548 Tertio
677 1477 1106 1547 :Tenendum
1123 1497 1278 1566 ergo
1304 1475 1590 1546 validam
1614 1476 1973 1546 hodiedum
1998 1499 2132 1548 esse
2152 1479 2629 1553 admissionem

333 1597 396 1662 et
427 1591 890 1682 professionem
909 1613 1039 1659 aere
1064 1589 1278 1659 alieno
1298 1596 1717 1681 gravatorum
1764 1613 2335 1690 quorumcunque3
2378 1619 2419 1662 «
2454 1597 2621 1687 quia

341 1731 378 1774 α
397 1707 550 1797 jure
589 1707 860 1795 antiquo
907 1705 1119 1775 valida
1172 1712 1336 1793 erat,
1383 1712 1473 1789 ut
1516 1713 1829 1797 tanquam
1880 1713 2125 1778 eertum
2165 1711 2434 1779 tradunt
2478 1712 2624 1782 Me-

341 1848 380 1890 «
399 1822 670 1909 dinam,
690 1819 918 1892 Petrus
937 1842 976 1890 a
1003 1820 1288 1890 Navarro
1327 1871 1370 1890 ..
1405 1827 1469 1889 et
1488 1821 1599 1892 alii
1627 1823 1803 1915 apud
1832 1822 2207 1894 Sanchez...
2235 1849 2274 1892 n
2312 1827 2631 1918 (Tambu-

336 1937 544 2020 rinus,
611 1934 690 2004 de
721 1939 882 2004 Jure
927 1934 1280 2021 abbatum,
1319 1943 1479 2004 tom.
1507 1935 1578 2020 3,
1606 1937 1775 2028 disp.
1810 1937 1877 2021 6,
1906 1959 1971 2027 q.
2005 1937 2078 2019 3,
2106 1960 2178 2006 n.
2212 1939 2357 2031 11.)

435 2055 688 2134 Quarto
701 2073 724 2120 .·
743 2051 974 2122 micita
987 2051 1340 2121 hodiedum
1363 2058 1657 2122 remanet
1676 2051 1985 2121 admissio
2006 2053 2635 2143 ingentiaerealieno

341 2173 783 2254 gravatorum,
811 2167 926 2254 qui
957 2166 1264 2234 solvendo
1293 2165 1577 2256 impares
1602 2172 1788 2249 sunt3
1817 2165 1971 2255 quia
2001 2166 2158 2235 istos
2198 2169 2444 2237 admitti
2466 2189 2630 2260 pro-

340 2281 560 2350 hibuit
581 2279 798 2349 Sixtus
824 2279 916 2368 V,
938 2300 1151 2369 neque
1182 2279 1533 2368 prohibitio
1560 2280 1673 2349 illa
1696 2301 1995 2370 unquam
2024 2282 2279 2352 sublata
2302 2291 2417 2352 est.

434 2395 688 2478 Quinto
720 2419 748 2461 .·
772 2393 1128 2463 Prohibitio
1156 2392 1292 2475 illa,
1317 2393 1675 2462 hodiedum
1710 2398 1961 2484 vigens,
1991 2397 2419 2486 intelligenda
2453 2398 2641 2470 vide-

341 2517 449 2578 tur
471 2511 667 2576 etiam
709 2510 772 2575 in
804 2529 984 2590 casu,
1015 2527 1145 2597 quo
1179 2507 1433 2578 debitor
1460 2530 1596 2578 non
1619 2518 1827 2602 speret
1852 2534 1919 2582 se
1945 2515 2425 2604 acquisiturum
2455 2517 2639 2586 unde

343 2622 588 2692 solvat:
625 2643 778 2691 nam
806 2621 1103 2693 SixtusV
1124 2643 1260 2692 non
1285 2623 1627 2715 distinguit
1648 2627 1943 2696 intereos
1958 2629 2077 2718 qui
2097 2650 2281 2719 spem
2300 2629 2487 2697 illam
2524 2631 2641 2700 ha·

343 2737 526 2818 bent,
557 2745 618 2806 et
643 2759 750 2808 eos
773 2738 1046 2826 quinon
1065 2737 1351 2823 hahent3
1389 2737 1499 2808 sed
1528 2739 2101 2811 indiscriminatim
2132 2742 2469 2831 religionis
2496 2743 2637 2812 adi-

347 2854 490 2916 tum
516 2845 910 2936 praeclusum
943 2845 1149 2915 voluit
1171 2844 1904 2917 debitoribus-solvendo
1934 2850 2315 2940 imparibus.
2340 2849 2427 2920 Et
2440 2849 2543 2920 ita
2568 2871 2643 2920 ex

347 2961 510 3034 Sixti
537 2960 600 3032 V
624 2961 1195 3030 constitutionibus
1229 2961 1527 3050 sequitur
1554 2963 1803 3052 aliquid
1840 2985 1879 3032 a
1893 2965 2047 3054 iure
2069 2967 2413 3035 >communi
2440 2975 2643 3036 autea

347 3078 594 3166 vigenti
626 3075 994 3144 diversum:
1024 3082 1207 3144 antea
1244 3075 1423 3144 enim
1454 3077 1627 3147 licite
1654 3077 1909 3148 admitti
1956 3087 2253 3171 poterant
2278 3081 2637 3170 debitores,

347 3191 590 3282 quibus
615 3191 798 3260 nulla
822 3189 1176 3280 effulgebat
1217 3213 1364 3281 spes
1401 3191 1753 3282 aliquando
1784 3194 2103 3280 solvendi,
2132 3195 2537 3267 remanendo
2560 3198 2641 3265 in

351 3305 609 3375 saeculo.
638 3305 1086 3376 Nihilominus
1127 3304 1328 3396 aliqui
1369 3315 1678 3398 putarunt
1700 3310 2105 3402 interpretari
2138 3333 2317 3402 posse
2354 3309 2527 3380 Sixti
2564 3311 2639 3380 V

349 3417 860 3511 prohibitionem
887 3419 966 3490 de
991 3421 1125 3490 solo
1148 3441 1330 3510 casu,
1357 3443 1489 3512 quo
1506 3421 1757 3492 debitor
1786 3445 1969 3516 spem
1992 3425 2261 3494 haberet
2276 3425 2641 3515 aliquando

349 3531 826 3624 solvendi(vide
855 3533 1369 3621 Tamhurinum‚
1399 3536 1540 3606 loco
1566 3537 1825 3628 citato);
1868 3539 2044 3628 quod
2094 3559 2135 3608 a
2173 3537 2430 3610 Sixtino
2457 3543 2639 3608 textu

348 3650 642 3720 alienum
675 3650 842 3720 mihi
867 3649 1140 3722 videtur.
2332 3723 2347 3742 ‚

277 3853 284 3862 .
437 3769 640 3838 Sexto
664 3789 688 3837 .·
743 3765 890 3838 Non
938 3766 1170 3834 desunt
1225 3766 1514 3857 theologi
1554 3768 1670 3858 qui
1712 3769 2079 3860 putaverint
2130 3769 2633 3860 intelligendam

347 3905 483 3957 esse
512 3885 744 3954 dictam
799 3881 956 3954 sixti
987 3882 1050 3953 V
1099 3883 1633 3973 prohibitionem,
1668 3884 1747 3953 de
1794 3885 1875 3953 iis
1898 3887 2017 3976 qui
2060 3884 2262 3978 culpa
2296 3907 2425 3952 sua
2478 3881 2629 3950 facti

349 4007 503 4074 sunt
527 4000 832 4070 solvendo
867 4000 1176 4091 impares,
1198 4021 1332 4097 nou
1355 4001 1438 4071 de
1466 3999 1609 4070 aliis
1634 4000 1741 4090 (de
1762 4021 1895 4090 quo
1930 4001 2075 4070 vide
2106 3998 2623 4080 Tamburinnm,

303 4175 306 4178 .
346 4115 492 4188 loco
511 4115 754 4206 citato).

437 4233 552 4304 lV.
627 4231 724 4300 Ds
774 4253 1062 4304 onnoxns
1129 4252 1475 4302 nannetum
1546 4251 1792 4301 numm
1846 4253 1971 4302 rno
2042 4243 2627 4302 Anninusrlmtout·

349 4385 440 4404 —-
464 4353 524 4418 1⁰
539 4347 684 4420 Non
713 4355 966 4420 tantum
991 4348 1314 4420 illicitam
1341 4349 1581 4418 horum
1605 4348 2069 4420 admissionem
2095 4347 2304 4416 voluit
2324 4343 2539 4416 Sixtus
2564 4335 2625 4406 V
