2834 4959
1086 375 1238 427 PARS
1286 377 1584 426 SECUNDA.
2347 377 2470 436 285

260 495 521 564 Prima
566 493 769 560 ratio.
819 531 913 546 --
958 519 991 560 α
1042 493 1207 566 Cum
1260 499 1329 567 in
1378 521 1543 570 nova
1583 500 1848 570 ecclesia
1895 501 2154 594 sepeliri
2191 504 2472 578 debeant

172 637 211 678 ι
236 609 553 678 fidelium
608 629 901 712 corpora,
958 611 1315 685 ministrari
1360 620 1878 699 sacramenta...‚
1931 636 2010 686 ex
2062 619 2304 708 quibus
2351 645 2470 714 po-

110 818 117 824 ,
173 753 207 790 α
234 731 363 794 test
411 725 720 814 generari
762 726 1211 816 praejudicium
1261 730 1567 818 parocho,
1626 728 1806 799 illius
1851 751 2202 804 consensus
2246 737 2335 806 ita
2377 747 2476 810 est

172 871 209 912 a
238 843 681 932 necessarius,
734 849 833 911 ut.
872 845 1119 935 absque
1182 868 1260 915 eo
1324 847 1620 920 fundatio
1691 853 1844 920 novi
1901 857 2274 926 monasterii
2341 881 2474 928 non

176 985 219 1026 a
252 961 680 1028 sustineatur.
730 985 765 1024 n
814 959 1021 1048 (Tom.
1076 967 1142 1049 1,
1188 963 1466 1034 consult.
1527 964 1682 1052 179,
1713 987 1783 1036 n.
1819 967 1960 1060 52.)
2009 968 2090 1038 Et
2129 981 2474 1064 postquam

176 1080 425 1166 praeter
454 1073 724 1165 parochi
766 1095 1153 1146 consensum
1194 1085 1424 1147 caetera
1467 1080 1664 1150 etiam
1699 1084 2012 1173 requisita
2039 1093 2466 1177 enumeravit,

176 1193 279 1262 sic
307 1189 637 1260 concludit
680 1188 977 1280 (ibidem,
1010 1212 1078 1260 n.
1130 1190 1239 1284 72)
1271 1215 1287 1262 ε
1340 1219 1377 1259 a
1406 1193 1560 1264 Haec
1583 1197 1806 1266 omnia
1846 1221 1964 1290 pro
1991 1200 2203 1270 forma
2230 1203 2470 1274 funda-

188 1331 229 1372 «
273 1306 476 1373 tionis
506 1305 649 1372 novi
688 1311 1124 1373 conventus...
1161 1309 1399 1376 servari
1447 1308 1708 1395 debent,
1759 1311 1900 1381 sine
1939 1313 2180 1404 quibus
2213 1316 2476 1388 licentia

190 1445 231 1486 «ι
262 1427 327 1488 et
346 1418 646 1488 fundatio
670 1423 825 1486 sunt
847 1419 987 1509 ipso
1010 1422 1157 1508 jure
1183 1420 1386 1490 nulla.
1425 1445 1462 1488 1>

266 1535 427 1617 Quae
502 1533 845 1622 Pignatelli
916 1535 1315 1606 ratiocinatio
1381 1538 1474 1608 sic
1535 1537 1812 1610 breviter
1871 1544 2148 1633 exprimi
2216 1552 2418 1636 potest
2447 1571 2465 1617 ε

169 1649 591 1724 necessarius
628 1655 725 1718 est
770 1669 1121 1724 consensus
1172 1651 1464 1741 parochi,
1521 1654 1578 1721 si
1629 1657 1780 1724 novi
1828 1667 2186 1729 conventus
2234 1664 2470 1733 erectio

170 1767 291 1857 ipsi
334 1765 679 1833 damnum
718 1763 959 1832 inferre
1001 1765 1240 1854 possit3
1278 1768 1460 1856 atqui
1486 1770 1720 1838 erectio
1763 1769 1903 1840 haec
1951 1774 2233 1861 parocho
2265 1777 2467 1844 dam-

174 1902 335 1948 num
381 1878 645 1951 inferre
698 1883 949 1969 potest;
996 1900 1152 1980 ergo
1204 1881 1600 1950 necessarius
1637 1887 1732 1950 est
1775 1884 2043 1973 parochi
2090 1906 2466 1960 cousensus,

178 1994 339 2078 Quis
361 2015 571 2086 porro
620 2015 753 2062 non
792 1993 1002 2064 videat
1050 1996 1367 2084 majorem
1407 1993 1607 2085 hujus
1653 1996 2010 2086 syllogismi
2054 1999 2285 2068 falsam
2325 2022 2473 2068 om-

176 2113 331 2181 nino
354 2114 569 2181 esse?
618 2109 707 2178 Ex
746 2131 821 2180 eo
866 2111 1041 2200 quod
1087 2113 1241 2180 novi
1276 2115 1631 2179 conventus
1656 2113 1893 2182 erectio
1937 2113 2136 2204 possit
2179 2115 2248 2182 in
2284 2115 2474 2185 dam-

174 2247 333 2296 num
394 2225 683 2318 parochi
734 2245 1020 2315 vergere,
1080 2225 1311 2294 merito
1369 2225 1642 2326 quidem
1689 2228 1987 2316 arguitur
2028 2228 2138 2320 jus
2205 2230 2468 2320 parochi

178 2342 649 2435 praejudicium
696 2340 863 2412 illud
896 2339 1269 2432 repellendi.
1322 2340 1409 2409 At
1457 2341 1714 2411 illatum
1763 2343 1890 2412 sibi
1931 2344 2246 2414 damnum
2285 2347 2474 2416 suffi-

176 2461 426 2528 cienter·
470 2455 787 2547 repellere
832 2459 1057 2546 potest,
1116 2453 1502 2546 appellando
1547 2475 1586 2524 a
1635 2457 1888 2526 decreto
1939 2456 2270 2550 Episcopi,
2331 2483 2468 2530 ere-

178 2572 471 2642 ctionem
516 2569 953 2656 concedentis,
1002 2573 1065 2638 et
1106 2567 1440 2660 probando
1466 2567 1612 2638 laedi
1633 2571 1786 2659 jura
1830 2592 1948 2641 sua
1991 2595 2104 2662 per
2147 2575 2470 2664 ejusmodi

180 2690 619 2766 erectionem3
662 2692 728 2756 et
764 2705 1009 2770 revera,
1058 2684 1115 2754 si
1164 2683 1286 2752 hoc
1345 2681 1594 2772 probet,
1647 2681 1714 2751 S.
1763 2683 2194 2775 congregatio
2257 2691 2469 2760 licen-

186 2805 355 2872 tiam
400 2802 487 2870 ab
534 2799 843 2894 Epipcopo
894 2799 1113 2868 datam
1166 2794 1558 2868 annullabit.
1613 2794 1885 2866 Minime
1931 2808 2146 2870 autem
2207 2825 2466 2876 necesse

188 2923 315 2996 est,
356 2923 433 2984 ut
475 2921 747 3006 nequeat
788 2914 1145 3005 Episcopus
1180 2909 1512 2980 licentiam
1551 2909 1900 2980 concedere
1941 2919 2090 2983 ante
2109 2916 2466 2987 oobtentum

188 3032 459 3124 parochi
486 3050 875 3101 consensum
897 3052 916 3106 ς
949 3027 1105 3118 quia
1125 3026 1279 3094 licet
1304 3024 1508 3117 possit
1553 3023 1912 3116 Episcopus
1937 3023 2267 3096 licentiam
2297 3029 2469 3101 hanc

184 3149 431 3240 absque
486 3147 755 3237 parochi
802 3163 1121 3214 consensu
1161 3141 1369 3215 valido
1414 3140 1790 3228 concedere,
1837 3143 2051 3213 adhuc
2099 3148 2299 3233 potest
2351 3167 2471 3237 pa-

184 3267 429 3334 rochus
466 3265 627 3356 jura
662 3285 779 3332 sua
812 3261 1005 3344 tueri,
1058 3279 1209 3328 casu
1261 3279 1393 3349 quo
1435 3280 1552 3349 per
1575 3257 1899 3348 ejusmodi
1947 3259 2280 3329 licentiam
2323 3284 2471 3334 vere

186 3379 603 3448 laederentur.
652 3375 841 3446 Unde
889 3376 984 3445 sic
1027 3380 1243 3464 aperte
1287 3373 1526 3442 falsum
1573 3372 1821 3442 ostendi
1869 3378 2073 3464 potest
2123 3375 2468 3469 Pignatelli

182 3495 643 3564 ratiocinium:
670 3492 817 3562 ideo
836 3491 1143 3568 duntaxat
1164 3489 1566 3560 necessarius
1583 3485 2002 3578 praetenditur
2023 3494 2291 3582 parochi
2315 3517 2469 3564 con·

178 3631 439 3694 sensus,
460 3617 543 3685 ,ιιι
570 3609 764 3699 possit
795 3607 968 3676 tueri
988 3607 1141 3696 jura
1165 3625 1321 3694 sua;
1352 3604 1464 3673 sed
1500 3605 1654 3695 jura
1681 3624 1796 3674 sua
1824 3603 1990 3674 bene
2037 3610 2200 3676 tueri
2237 3615 2462 3698 potest,

176 3727 441 3797 etiamsi
472 3725 755 3814 pmvius
792 3722 997 3813 ipsius
1025 3740 1375 3789 consensus
1406 3738 1542 3787 non
1563 3720 1974 3808 requiratur:
2005 3741 2159 3808 ergo
2201 3741 2276 3789 ex
2302 3722 2470 3791 dicta

178 3839 437 3908 ratione
460 3857 800 3929 perperam
822 3835 1233 3906 concluditur
1264 3835 1700 3906 necessarium
1737 3857 1875 3906 esse
1911 3836 2228 3927 praevium
2271 3859 2466 3928 paro·

178 3955 295 4024 chi
346 3975 763 4038 consensum,
814 3960 876 4022 et
920 3951 1174 4022 irritam
1216 3951 1357 4040 ipso
1394 3948 1562 4023 sacto
1601 3969 1735 4019 esse
1777 3949 2081 4042 Episcopi
2132 3949 2462 4019 licentiam

176 4075 333 4140 ante
366 4069 547 4138 hunc
568 4087 958 4138 consensum
984 4065 1223 4134 datam.

271 4185 491 4267 Quam
518 4183 763 4254 absona
804 4183 887 4252 sit
922 4180 1087 4250 dicta
1138 4177 1480 4269 Pignatelli
1519 4175 1924 4248 ratiocinatio
1950 4176 2226 4269 perspici
2269 4180 2464 4247 etiam

184 4307 419 4390 potest,
438 4321 597 4370 eam
627 4296 1011 4390 applicando
1062 4296 1241 4364 casui
1282 4289 1871 4364 dismembrationis
1916 4293 2266 4384 parochiae.
2312 4292 2469 4364 Pro-

190 4419 355 4488 iecto
400 4418 781 4507 contingere
846 4420 1049 4506 potest
1100 4419 1197 4496 ut,
1244 4436 1381 4505 per
1438 4410 1802 4503 episcopale
1865 4413 2465 4488 dismembrationis
