<?xml version="1.0" encoding="UTF-8"?>
<!DOCTYPE html PUBLIC "-//W3C//DTD XHTML 1.0 Transitional//EN"
    "http://www.w3.org/TR/xhtml1/DTD/xhtml1-transitional.dtd">
<html xmlns="http://www.w3.org/1999/xhtml" xml:lang="en" lang="en">
 <head>
  <title>
</title>
<meta http-equiv="Content-Type" content="text/html;charset=utf-8" />
  <meta name='ocr-system' content='tesseract 3.04.00' />
  <meta name='ocr-capabilities' content='ocr_page ocr_carea ocr_par ocr_line ocrx_word'/>
</head>
<body>
  <div class='ocr_page' id='page_1' title='image "./tractatusdejure01unkngoog_0199.png"; bbox 0 0 2834 4959; ppageno 0'>
   <div class='ocr_carea' id='block_1_1' title="bbox 955 357 2439 422">
    <p class='ocr_par' dir='ltr' id='par_1_1' title="bbox 955 357 2439 422">
     <span class='ocr_line' id='line_1_1' title="bbox 955 357 2439 422; baseline 0.014 -22"><span class='ocrx_word' id='word_1_1' title='bbox 955 393 974 410; x_wconf 76' lang='grc'><strong>,</strong></span> <span class='ocrx_word' id='word_1_2' title='bbox 1100 357 1251 404; x_wconf 70' lang='lat' dir='ltr'><strong>mas</strong></span> <span class='ocrx_word' id='word_1_3' title='bbox 1295 359 1515 406; x_wconf 69' lang='lat' dir='ltr'><strong>Palm.</strong></span> <span class='ocrx_word' id='word_1_4' title='bbox 2326 363 2439 422; x_wconf 82' lang='lat'><strong>181</strong></span> 
     </span>
    </p>
   </div>
   <div class='ocr_carea' id='block_1_2' title="bbox 141 476 2473 4494">
    <p class='ocr_par' dir='ltr' id='par_1_2' title="bbox 141 476 2473 2300">
     <span class='ocr_line' id='line_1_2' title="bbox 141 476 2454 576; baseline 0.003 -22"><span class='ocrx_word' id='word_1_5' title='bbox 141 485 394 576; x_wconf 72' lang='lat' dir='ltr'><strong>jamnis</strong></span> <span class='ocrx_word' id='word_1_6' title='bbox 435 483 570 548; x_wconf 78' lang='lat' dir='ltr'><strong>etre</strong></span> <span class='ocrx_word' id='word_1_7' title='bbox 619 476 946 546; x_wconf 76' lang='lat' dir='ltr'><strong>convertie</strong></span> <span class='ocrx_word' id='word_1_8' title='bbox 995 478 1402 567; x_wconf 83' lang='lat' dir='ltr'><strong>(conversion</strong></span> <span class='ocrx_word' id='word_1_9' title='bbox 1448 479 1651 568; x_wconf 86' lang='lat' dir='ltr'><strong>qu’on</strong></span> <span class='ocrx_word' id='word_1_10' title='bbox 1702 481 1921 571; x_wconf 77' lang='lat' dir='ltr'><strong>espere</strong></span> <span class='ocrx_word' id='word_1_11' title='bbox 1974 505 2121 554; x_wconf 84' lang='lat' dir='ltr'><strong>sans</strong></span> <span class='ocrx_word' id='word_1_12' title='bbox 2170 509 2253 554; x_wconf 91' lang='lat' dir='ltr'><strong>en</strong></span> <span class='ocrx_word' id='word_1_13' title='bbox 2310 495 2454 562; x_wconf 80' lang='lat' dir='ltr'><strong>voir</strong></span> 
     </span>
     <span class='ocr_line' id='line_1_3' title="bbox 141 591 2453 698; baseline 0.005 -34"><span class='ocrx_word' id='word_1_14' title='bbox 141 601 240 670; x_wconf 80' lang='lat' dir='ltr'><strong>les</strong></span> <span class='ocrx_word' id='word_1_15' title='bbox 279 595 565 686; x_wconf 83' lang='lat' dir='ltr'><strong>signes),</strong></span> <span class='ocrx_word' id='word_1_16' title='bbox 615 592 742 665; x_wconf 87' lang='lat' dir='ltr'><strong>elle</strong></span> <span class='ocrx_word' id='word_1_17' title='bbox 789 591 852 660; x_wconf 90' lang='lat' dir='ltr'><strong>le</strong></span> <span class='ocrx_word' id='word_1_18' title='bbox 893 613 1032 662; x_wconf 86' lang='lat' dir='ltr'><strong>sera</strong></span> <span class='ocrx_word' id='word_1_19' title='bbox 1072 614 1190 683; x_wconf 89' lang='lat' dir='ltr'><strong>par</strong></span> <span class='ocrx_word' id='word_1_20' title='bbox 1240 615 1334 662; x_wconf 92' lang='lat' dir='ltr'><strong>un</strong></span> <span class='ocrx_word' id='word_1_21' title='bbox 1369 615 1455 662; x_wconf 87' lang='lat' dir='ltr'><strong>ou</strong></span> <span class='ocrx_word' id='word_1_22' title='bbox 1495 594 1813 685; x_wconf 81' lang='lat' dir='ltr'><strong>plusieurs</strong></span> <span class='ocrx_word' id='word_1_23' title='bbox 1852 596 2075 668; x_wconf 88' lang='lat' dir='ltr'><strong>ordres</strong></span> <span class='ocrx_word' id='word_1_24' title='bbox 2112 601 2453 698; x_wconf 82' lang='lat' dir='ltr'><strong>religieux,</strong></span> 
     </span>
     <span class='ocr_line' id='line_1_4' title="bbox 142 707 2459 805; baseline 0.004 -23"><span class='ocrx_word' id='word_1_25' title='bbox 142 713 258 805; x_wconf 88' lang='lat' dir='ltr'><strong>qui</strong></span> <span class='ocrx_word' id='word_1_26' title='bbox 303 709 614 782; x_wconf 80' lang='lat' dir='ltr'><strong>offriront</strong></span> <span class='ocrx_word' id='word_1_27' title='bbox 653 709 694 778; x_wconf 73' lang='lat' dir='ltr'><strong>a</strong></span> <span class='ocrx_word' id='word_1_28' title='bbox 740 727 835 776; x_wconf 85' lang='lat' dir='ltr'><strong>un</strong></span> <span class='ocrx_word' id='word_1_29' title='bbox 877 707 1114 798; x_wconf 87' lang='lat' dir='ltr'><strong>peuple</strong></span> <span class='ocrx_word' id='word_1_30' title='bbox 1163 707 1443 797; x_wconf 85' lang='lat' dir='ltr'><strong>degrade</strong></span> <span class='ocrx_word' id='word_1_31' title='bbox 1483 729 1601 799; x_wconf 85' lang='lat' dir='ltr'><strong>par</strong></span> <span class='ocrx_word' id='word_1_32' title='bbox 1641 708 1703 778; x_wconf 91' lang='lat' dir='ltr'><strong>le</strong></span> <span class='ocrx_word' id='word_1_33' title='bbox 1736 710 1875 780; x_wconf 84' lang='lat' dir='ltr'><strong>vice</strong></span> <span class='ocrx_word' id='word_1_34' title='bbox 1920 711 1981 779; x_wconf 91' lang='lat' dir='ltr'><strong>le</strong></span> <span class='ocrx_word' id='word_1_35' title='bbox 2026 718 2337 805; x_wconf 87' lang='lat' dir='ltr'><strong>spectacle</strong></span> <span class='ocrx_word' id='word_1_36' title='bbox 2380 721 2459 792; x_wconf 89' lang='lat' dir='ltr'><strong>de</strong></span> 
     </span>
     <span class='ocr_line' id='line_1_5' title="bbox 141 821 2456 920; baseline 0.003 -22"><span class='ocrx_word' id='word_1_37' title='bbox 141 830 212 898; x_wconf 90' lang='lat' dir='ltr'><strong>la</strong></span> <span class='ocrx_word' id='word_1_38' title='bbox 259 825 578 920; x_wconf 73' lang='lat' dir='ltr'><strong>pauvrete</strong></span> <span class='ocrx_word' id='word_1_39' title='bbox 630 821 1058 912; x_wconf 82' lang='lat' dir='ltr'><strong>evangelique</strong></span> <span class='ocrx_word' id='word_1_40' title='bbox 1115 823 1276 892; x_wconf 89' lang='lat' dir='ltr'><strong>dans</strong></span> <span class='ocrx_word' id='word_1_41' title='bbox 1316 827 1493 894; x_wconf 82' lang='lat' dir='ltr'><strong>toute</strong></span> <span class='ocrx_word' id='word_1_42' title='bbox 1536 823 1601 892; x_wconf 91' lang='lat' dir='ltr'><strong>la</strong></span> <span class='ocrx_word' id='word_1_43' title='bbox 1642 824 1993 916; x_wconf 87' lang='lat' dir='ltr'><strong>splendeur</strong></span> <span class='ocrx_word' id='word_1_44' title='bbox 2036 829 2117 897; x_wconf 90' lang='lat' dir='ltr'><strong>de</strong></span> <span class='ocrx_word' id='word_1_45' title='bbox 2160 853 2229 899; x_wconf 86' lang='lat' dir='ltr'><strong>sa</strong></span> <span class='ocrx_word' id='word_1_46' title='bbox 2274 835 2456 905; x_wconf 70' lang='lat' dir='ltr'><strong>seve-</strong></span> 
     </span>
     <span class='ocr_line' id='line_1_6' title="bbox 149 937 2463 1029; baseline 0.003 -17"><span class='ocrx_word' id='word_1_47' title='bbox 149 944 316 1012; x_wconf 86' lang='lat' dir='ltr'><strong>rite.</strong></span> <span class='ocrx_word' id='word_1_48' title='bbox 359 941 455 1010; x_wconf 86' lang='lat' dir='ltr'><strong>La</strong></span> <span class='ocrx_word' id='word_1_49' title='bbox 486 939 712 1008; x_wconf 84' lang='lat' dir='ltr'><strong>nation</strong></span> <span class='ocrx_word' id='word_1_50' title='bbox 744 939 860 1029; x_wconf 88' lang='lat' dir='ltr'><strong>qui</strong></span> <span class='ocrx_word' id='word_1_51' title='bbox 901 959 942 1006; x_wconf 89' lang='lat' dir='ltr'><strong>a</strong></span> <span class='ocrx_word' id='word_1_52' title='bbox 987 937 1208 1008; x_wconf 89' lang='lat' dir='ltr'><strong>oublie</strong></span> <span class='ocrx_word' id='word_1_53' title='bbox 1238 939 1300 1008; x_wconf 93' lang='lat' dir='ltr'><strong>le</strong></span> <span class='ocrx_word' id='word_1_54' title='bbox 1350 937 1570 1008; x_wconf 84' lang='lat' dir='ltr'><strong>Christ</strong></span> <span class='ocrx_word' id='word_1_55' title='bbox 1611 938 1748 1009; x_wconf 81' lang='lat' dir='ltr'><strong>doit</strong></span> <span class='ocrx_word' id='word_1_56' title='bbox 1786 939 2055 1012; x_wconf 85' lang='lat' dir='ltr'><strong>d’ahord</strong></span> <span class='ocrx_word' id='word_1_57' title='bbox 2098 949 2355 1016; x_wconf 83' lang='lat' dir='ltr'><strong>revenir</strong></span> <span class='ocrx_word' id='word_1_58' title='bbox 2397 973 2463 1021; x_wconf 87' lang='lat' dir='ltr'><strong>se</strong></span> 
     </span>
     <span class='ocr_line' id='line_1_7' title="bbox 159 1051 2463 1150; baseline 0.004 -23"><span class='ocrx_word' id='word_1_59' title='bbox 159 1077 432 1150; x_wconf 54' lang='lat' dir='ltr'><strong>prosser</strong></span> <span class='ocrx_word' id='word_1_60' title='bbox 475 1063 707 1124; x_wconf 85' lang='lat' dir='ltr'><strong>autour</strong></span> <span class='ocrx_word' id='word_1_61' title='bbox 751 1052 832 1124; x_wconf 89' lang='lat' dir='ltr'><strong>de</strong></span> <span class='ocrx_word' id='word_1_62' title='bbox 880 1051 1385 1144; x_wconf 67' lang='lat' dir='ltr'><strong>scau-Baptista,</strong></span> <span class='ocrx_word' id='word_1_63' title='bbox 1441 1054 1560 1145; x_wconf 92' lang='lat' dir='ltr'><strong>qui</strong></span> <span class='ocrx_word' id='word_1_64' title='bbox 1608 1053 1915 1127; x_wconf 86' lang='lat' dir='ltr'><strong>l’attirera</strong></span> <span class='ocrx_word' id='word_1_65' title='bbox 1962 1082 2077 1128; x_wconf 90' lang='lat' dir='ltr'><strong>sur</strong></span> <span class='ocrx_word' id='word_1_66' title='bbox 2123 1061 2217 1132; x_wconf 90' lang='lat' dir='ltr'><strong>les</strong></span> <span class='ocrx_word' id='word_1_67' title='bbox 2268 1063 2463 1136; x_wconf 88' lang='lat' dir='ltr'><strong>bords</strong></span> 
     </span>
     <span class='ocr_line' id='line_1_8' title="bbox 161 1167 2465 1263; baseline 0.003 -21"><span class='ocrx_word' id='word_1_68' title='bbox 161 1173 266 1242; x_wconf 86' lang='lat' dir='ltr'><strong>dn</strong></span> <span class='ocrx_word' id='word_1_69' title='bbox 297 1171 605 1242; x_wconf 80' lang='lat' dir='ltr'><strong>Jourdain</strong></span> <span class='ocrx_word' id='word_1_70' title='bbox 657 1189 777 1260; x_wconf 88' lang='lat' dir='ltr'><strong>par</strong></span> <span class='ocrx_word' id='word_1_71' title='bbox 819 1167 882 1237; x_wconf 90' lang='lat' dir='ltr'><strong>le</strong></span> <span class='ocrx_word' id='word_1_72' title='bbox 925 1167 1160 1260; x_wconf 81' lang='lat' dir='ltr'><strong>simple</strong></span> <span class='ocrx_word' id='word_1_73' title='bbox 1208 1170 1424 1244; x_wconf 81' lang='lat' dir='ltr'><strong>attrait</strong></span> <span class='ocrx_word' id='word_1_74' title='bbox 1468 1169 1667 1239; x_wconf 88' lang='lat' dir='ltr'><strong>d&#39;une</strong></span> <span class='ocrx_word' id='word_1_75' title='bbox 1716 1173 1989 1263; x_wconf 86' lang='lat' dir='ltr'><strong>rigueur</strong></span> <span class='ocrx_word' id='word_1_76' title='bbox 2034 1182 2465 1250; x_wconf 86' lang='lat' dir='ltr'><strong>surnaturelle</strong></span> 
     </span>
     <span class='ocr_line' id='line_1_9' title="bbox 165 1283 2465 1375; baseline 0.003 -17"><span class='ocrx_word' id='word_1_77' title='bbox 165 1295 236 1358; x_wconf 80' lang='lat' dir='ltr'><strong>et</strong></span> <span class='ocrx_word' id='word_1_78' title='bbox 289 1288 486 1359; x_wconf 87' lang='lat' dir='ltr'><strong>d’une</strong></span> <span class='ocrx_word' id='word_1_79' title='bbox 539 1285 811 1375; x_wconf 88' lang='lat' dir='ltr'><strong>antique</strong></span> <span class='ocrx_word' id='word_1_80' title='bbox 859 1283 1186 1354; x_wconf 84' lang='lat' dir='ltr'><strong>austerite.</strong></span> <span class='ocrx_word' id='word_1_81' title='bbox 1255 1283 1357 1352; x_wconf 90' lang='lat' dir='ltr'><strong>On</strong></span> <span class='ocrx_word' id='word_1_82' title='bbox 1412 1289 1711 1354; x_wconf 79' lang='lat' dir='ltr'><strong>trouvera</strong></span> <span class='ocrx_word' id='word_1_83' title='bbox 1760 1309 1908 1358; x_wconf 87' lang='lat' dir='ltr'><strong>sans</strong></span> <span class='ocrx_word' id='word_1_84' title='bbox 1952 1289 2151 1361; x_wconf 79' lang='lat' dir='ltr'><strong>doute</strong></span> <span class='ocrx_word' id='word_1_85' title='bbox 2202 1295 2465 1365; x_wconf 86' lang='lat' dir='ltr'><strong>ailleurs</strong></span> 
     </span>
     <span class='ocr_line' id='line_1_10' title="bbox 161 1398 2461 1500; baseline 0.004 -27"><span class='ocrx_word' id='word_1_86' title='bbox 161 1404 248 1473; x_wconf 90' lang='lat' dir='ltr'><strong>de</strong></span> <span class='ocrx_word' id='word_1_87' title='bbox 297 1403 626 1495; x_wconf 88' lang='lat' dir='ltr'><strong>puissants</strong></span> <span class='ocrx_word' id='word_1_88' title='bbox 673 1419 928 1468; x_wconf 89' lang='lat' dir='ltr'><strong>secours</strong></span> <span class='ocrx_word' id='word_1_89' title='bbox 972 1420 989 1465; x_wconf 73' lang='grc' dir='ltr'><strong>ε</strong></span> <span class='ocrx_word' id='word_1_90' title='bbox 1039 1398 1524 1488; x_wconf 82' lang='lat' dir='ltr'><strong>l’intelligenee‚</strong></span> <span class='ocrx_word' id='word_1_91' title='bbox 1576 1401 1975 1490; x_wconf 81' lang='lat' dir='ltr'><strong>l’erudition,</strong></span> <span class='ocrx_word' id='word_1_92' title='bbox 2034 1406 2461 1500; x_wconf 85' lang='lat' dir='ltr'><strong>l&#39;eloquence,</strong></span> 
     </span>
     <span class='ocr_line' id='line_1_11' title="bbox 159 1513 2465 1614; baseline 0.004 -24"><span class='ocrx_word' id='word_1_93' title='bbox 159 1521 254 1590; x_wconf 80' lang='lat' dir='ltr'><strong>les</strong></span> <span class='ocrx_word' id='word_1_94' title='bbox 299 1519 510 1588; x_wconf 83' lang='lat' dir='ltr'><strong>belles</strong></span> <span class='ocrx_word' id='word_1_95' title='bbox 565 1537 822 1586; x_wconf 79' lang='lat' dir='ltr'><strong>oeuvres</strong></span> <span class='ocrx_word' id='word_1_96' title='bbox 874 1515 954 1584; x_wconf 85' lang='lat' dir='ltr'><strong>de</strong></span> <span class='ocrx_word' id='word_1_97' title='bbox 1005 1513 1072 1582; x_wconf 91' lang='lat' dir='ltr'><strong>la</strong></span> <span class='ocrx_word' id='word_1_98' title='bbox 1119 1514 1366 1584; x_wconf 84' lang='lat' dir='ltr'><strong>charite</strong></span> <span class='ocrx_word' id='word_1_99' title='bbox 1422 1517 1815 1608; x_wconf 84' lang='lat' dir='ltr'><strong>catholique,</strong></span> <span class='ocrx_word' id='word_1_100' title='bbox 1872 1543 2005 1590; x_wconf 90' lang='lat' dir='ltr'><strong>une</strong></span> <span class='ocrx_word' id='word_1_101' title='bbox 2061 1525 2465 1614; x_wconf 84' lang='lat' dir='ltr'><strong>predication</strong></span> 
     </span>
     <span class='ocr_line' id='line_1_12' title="bbox 161 1629 2460 1727; baseline 0.003 -21"><span class='ocrx_word' id='word_1_102' title='bbox 161 1636 645 1727; x_wconf 63' lang='lat' dir='ltr'><strong>perseverante,</strong></span> <span class='ocrx_word' id='word_1_103' title='bbox 689 1631 926 1721; x_wconf 85' lang='lat' dir='ltr'><strong>simple</strong></span> <span class='ocrx_word' id='word_1_104' title='bbox 971 1634 1037 1698; x_wconf 89' lang='lat' dir='ltr'><strong>et</strong></span> <span class='ocrx_word' id='word_1_105' title='bbox 1075 1629 1501 1722; x_wconf 77' lang='lat' dir='ltr'><strong>apostolique,</strong></span> <span class='ocrx_word' id='word_1_106' title='bbox 1550 1635 1880 1722; x_wconf 78' lang='lat' dir='ltr'><strong>preteront</strong></span> <span class='ocrx_word' id='word_1_107' title='bbox 1927 1636 2078 1706; x_wconf 89' lang='lat' dir='ltr'><strong>leur</strong></span> <span class='ocrx_word' id='word_1_108' title='bbox 2126 1663 2460 1714; x_wconf 87' lang='lat' dir='ltr'><strong>concours.</strong></span> 
     </span>
     <span class='ocr_line' id='line_1_13' title="bbox 163 1744 2467 1848; baseline 0.003 -28"><span class='ocrx_word' id='word_1_109' title='bbox 163 1751 316 1820; x_wconf 68' lang='lat' dir='ltr'><strong>Mais</strong></span> <span class='ocrx_word' id='word_1_110' title='bbox 339 1750 416 1818; x_wconf 85' lang='lat' dir='ltr'><strong>le</strong></span> <span class='ocrx_word' id='word_1_111' title='bbox 441 1747 656 1838; x_wconf 79' lang='lat' dir='ltr'><strong>grand</strong></span> <span class='ocrx_word' id='word_1_112' title='bbox 695 1766 920 1815; x_wconf 86' lang='lat' dir='ltr'><strong>oeuvre</strong></span> <span class='ocrx_word' id='word_1_113' title='bbox 954 1744 1081 1835; x_wconf 86' lang='lat' dir='ltr'><strong>(s’il</strong></span> <span class='ocrx_word' id='word_1_114' title='bbox 1121 1751 1302 1842; x_wconf 79' lang='lat' dir='ltr'><strong>entre</strong></span> <span class='ocrx_word' id='word_1_115' title='bbox 1340 1747 1501 1814; x_wconf 87' lang='lat' dir='ltr'><strong>dans</strong></span> <span class='ocrx_word' id='word_1_116' title='bbox 1545 1744 1637 1815; x_wconf 92' lang='lat' dir='ltr'><strong>les</strong></span> <span class='ocrx_word' id='word_1_117' title='bbox 1675 1748 1963 1818; x_wconf 82' lang='lat' dir='ltr'><strong>desseins</strong></span> <span class='ocrx_word' id='word_1_118' title='bbox 1992 1751 2075 1820; x_wconf 91' lang='lat' dir='ltr'><strong>de</strong></span> <span class='ocrx_word' id='word_1_119' title='bbox 2102 1752 2268 1824; x_wconf 91' lang='lat' dir='ltr'><strong>Dieu</strong></span> <span class='ocrx_word' id='word_1_120' title='bbox 2302 1759 2467 1848; x_wconf 89' lang='lat' dir='ltr'><strong>qu&#39;il</strong></span> 
     </span>
     <span class='ocr_line' id='line_1_14' title="bbox 169 1859 2467 1957; baseline 0.003 -25"><span class='ocrx_word' id='word_1_121' title='bbox 169 1864 286 1932; x_wconf 87' lang='lat' dir='ltr'><strong>soit</strong></span> <span class='ocrx_word' id='word_1_122' title='bbox 303 1862 550 1954; x_wconf 78' lang='lat' dir='ltr'><strong>jamais</strong></span> <span class='ocrx_word' id='word_1_123' title='bbox 577 1860 956 1952; x_wconf 87' lang='lat' dir='ltr'><strong>accompli),</strong></span> <span class='ocrx_word' id='word_1_124' title='bbox 987 1859 1046 1928; x_wconf 90' lang='lat' dir='ltr'><strong>le</strong></span> <span class='ocrx_word' id='word_1_125' title='bbox 1087 1860 1296 1949; x_wconf 85' lang='lat' dir='ltr'><strong>grand</strong></span> <span class='ocrx_word' id='word_1_126' title='bbox 1337 1882 1559 1930; x_wconf 79' lang='lat' dir='ltr'><strong>oeuvre</strong></span> <span class='ocrx_word' id='word_1_127' title='bbox 1598 1869 1693 1930; x_wconf 87' lang='lat' dir='ltr'><strong>est</strong></span> <span class='ocrx_word' id='word_1_128' title='bbox 1732 1862 1792 1930; x_wconf 91' lang='lat' dir='ltr'><strong>le</strong></span> <span class='ocrx_word' id='word_1_129' title='bbox 1830 1865 2027 1932; x_wconf 83' lang='lat' dir='ltr'><strong>triom</strong></span> <span class='ocrx_word' id='word_1_130' title='bbox 2039 1868 2167 1957; x_wconf 86' lang='lat' dir='ltr'><strong>phe</strong></span> <span class='ocrx_word' id='word_1_131' title='bbox 2214 1873 2467 1940; x_wconf 77' lang='lat' dir='ltr'><strong>reserve</strong></span> 
     </span>
     <span class='ocr_line' id='line_1_15' title="bbox 175 1975 2465 2070; baseline 0.002 -22"><span class='ocrx_word' id='word_1_132' title='bbox 175 1980 332 2048; x_wconf 80' lang='lat' dir='ltr'><strong>dans</strong></span> <span class='ocrx_word' id='word_1_133' title='bbox 355 2001 434 2048; x_wconf 81' lang='lat' dir='ltr'><strong>ce</strong></span> <span class='ocrx_word' id='word_1_134' title='bbox 451 2000 614 2070; x_wconf 70' lang='lat' dir='ltr'><strong>pays</strong></span> <span class='ocrx_word' id='word_1_135' title='bbox 641 1979 682 2046; x_wconf 73' lang='lat' dir='ltr'><strong>a</strong></span> <span class='ocrx_word' id='word_1_136' title='bbox 721 1977 786 2045; x_wconf 87' lang='lat' dir='ltr'><strong>la</strong></span> <span class='ocrx_word' id='word_1_137' title='bbox 829 1976 1134 2066; x_wconf 77' lang='lat' dir='ltr'><strong>pauvrete</strong></span> <span class='ocrx_word' id='word_1_138' title='bbox 1169 1975 1623 2065; x_wconf 73' lang='lat' dir='ltr'><strong>evangelique.</strong></span> <span class='ocrx_word' id='word_1_139' title='bbox 1676 2001 1711 2044; x_wconf 71' lang='lat' dir='ltr'><strong>&gt;i</strong></span> <span class='ocrx_word' id='word_1_140' title='bbox 1768 1981 2076 2068; x_wconf 72' lang='lat' dir='ltr'><strong>(Proqres</strong></span> <span class='ocrx_word' id='word_1_141' title='bbox 2124 1979 2205 2050; x_wconf 85' lang='lat' dir='ltr'><strong>de</strong></span> <span class='ocrx_word' id='word_1_142' title='bbox 2240 1983 2465 2064; x_wconf 76' lang='lat' dir='ltr'><strong>l’dme,</strong></span> 
     </span>
     <span class='ocr_line' id='line_1_16' title="bbox 175 2088 2473 2186; baseline 0 -20"><span class='ocrx_word' id='word_1_143' title='bbox 175 2117 284 2186; x_wconf 84' lang='lat' dir='ltr'><strong>par</strong></span> <span class='ocrx_word' id='word_1_144' title='bbox 323 2094 636 2166; x_wconf 86' lang='lat' dir='ltr'><strong>William</strong></span> <span class='ocrx_word' id='word_1_145' title='bbox 677 2091 910 2178; x_wconf 87' lang='lat' dir='ltr'><strong>Faber,</strong></span> <span class='ocrx_word' id='word_1_146' title='bbox 961 2092 1174 2181; x_wconf 71' lang='lat' dir='ltr'><strong>preire</strong></span> <span class='ocrx_word' id='word_1_147' title='bbox 1216 2091 1298 2160; x_wconf 91' lang='lat' dir='ltr'><strong>de</strong></span> <span class='ocrx_word' id='word_1_148' title='bbox 1342 2088 1679 2162; x_wconf 86' lang='lat' dir='ltr'><strong>l&#39;Oratoire</strong></span> <span class='ocrx_word' id='word_1_149' title='bbox 1727 2093 1811 2162; x_wconf 91' lang='lat' dir='ltr'><strong>de</strong></span> <span class='ocrx_word' id='word_1_150' title='bbox 1856 2092 2177 2178; x_wconf 86' lang='lat' dir='ltr'><strong>Londres,</strong></span> <span class='ocrx_word' id='word_1_151' title='bbox 2232 2097 2473 2168; x_wconf 83' lang='lat' dir='ltr'><strong>traduit</strong></span> 
     </span>
     <span class='ocr_line' id='line_1_17' title="bbox 177 2206 1591 2300; baseline -0.003 -20"><span class='ocrx_word' id='word_1_152' title='bbox 177 2211 250 2280; x_wconf 85' lang='lat' dir='ltr'><strong>de</strong></span> <span class='ocrx_word' id='word_1_153' title='bbox 271 2210 622 2300; x_wconf 83' lang='lat' dir='ltr'><strong>l&#39;anglais;</strong></span> <span class='ocrx_word' id='word_1_154' title='bbox 653 2207 860 2290; x_wconf 84' lang='lat' dir='ltr'><strong>Paris,</strong></span> <span class='ocrx_word' id='word_1_155' title='bbox 895 2206 1094 2295; x_wconf 81' lang='lat'><strong>1856,</strong></span> <span class='ocrx_word' id='word_1_156' title='bbox 1122 2212 1172 2276; x_wconf 85' lang='lat' dir='ltr'><strong>t.</strong></span> <span class='ocrx_word' id='word_1_157' title='bbox 1207 2207 1271 2295; x_wconf 85' lang='lat'><strong>1,</strong></span> <span class='ocrx_word' id='word_1_158' title='bbox 1303 2230 1368 2297; x_wconf 82' lang='lat' dir='ltr'><strong>p.</strong></span> <span class='ocrx_word' id='word_1_159' title='bbox 1410 2207 1591 2296; x_wconf 88' lang='grc'><strong>197.)</strong></span> 
     </span>
    </p>

    <p class='ocr_par' dir='ltr' id='par_1_3' title="bbox 178 2305 2473 3320">
     <span class='ocr_line' id='line_1_18' title="bbox 253 2305 2471 2416; baseline 0 -20"><span class='ocrx_word' id='word_1_160' title='bbox 253 2325 584 2396; x_wconf 70' lang='lat' dir='ltr'><strong>Senoumt</strong></span> <span class='ocrx_word' id='word_1_161' title='bbox 612 2324 694 2393; x_wconf 90' lang='lat' dir='ltr'><strong>ll.</strong></span> <span class='ocrx_word' id='word_1_162' title='bbox 721 2361 814 2376; x_wconf 90' lang='lat'><strong>--</strong></span> <span class='ocrx_word' id='word_1_163' title='bbox 831 2305 940 2392; x_wconf 69' lang='lat' dir='ltr'><strong>An</strong></span> <span class='ocrx_word' id='word_1_164' title='bbox 960 2323 1016 2390; x_wconf 77' lang='lat' dir='ltr'><strong>ii</strong></span> <span class='ocrx_word' id='word_1_165' title='bbox 1033 2321 1322 2406; x_wconf 54' lang='lat' dir='ltr'><strong>ordinm,</strong></span> <span class='ocrx_word' id='word_1_166' title='bbox 1347 2325 1465 2414; x_wconf 82' lang='lat' dir='ltr'><strong>qui</strong></span> <span class='ocrx_word' id='word_1_167' title='bbox 1474 2325 1877 2416; x_wconf 68' lang='lat' dir='ltr'><strong>primaevam</strong></span> <span class='ocrx_word' id='word_1_168' title='bbox 1904 2325 2219 2396; x_wconf 80' lang='lat' dir='ltr'><strong>instituti</strong></span> <span class='ocrx_word' id='word_1_169' title='bbox 2238 2331 2348 2397; x_wconf 79' lang='lat' dir='ltr'><strong>sui</strong></span> <span class='ocrx_word' id='word_1_170' title='bbox 2367 2331 2471 2397; x_wconf 79' lang='lat' dir='ltr'><strong>in-</strong></span> 
     </span>
     <span class='ocr_line' id='line_1_19' title="bbox 178 2437 2473 2532; baseline 0.003 -25"><span class='ocrx_word' id='word_1_171' title='bbox 178 2443 566 2531; x_wconf 64' lang='lat' dir='ltr'><strong>tem-itatem</strong></span> <span class='ocrx_word' id='word_1_172' title='bbox 602 2437 793 2508; x_wconf 75' lang='lat' dir='ltr'><strong>haud</strong></span> <span class='ocrx_word' id='word_1_173' title='bbox 833 2451 1332 2520; x_wconf 76' lang='lat' dir='ltr'><strong>conservarunt,</strong></span> <span class='ocrx_word' id='word_1_174' title='bbox 1381 2439 1641 2532; x_wconf 74' lang='lat' dir='ltr'><strong>exiquoe</strong></span> <span class='ocrx_word' id='word_1_175' title='bbox 1680 2440 1753 2509; x_wconf 82' lang='lat' dir='ltr'><strong>in</strong></span> <span class='ocrx_word' id='word_1_176' title='bbox 1806 2442 2103 2510; x_wconf 79' lang='lat' dir='ltr'><strong>Ecclesia</strong></span> <span class='ocrx_word' id='word_1_177' title='bbox 2146 2444 2473 2514; x_wconf 82' lang='lat' dir='ltr'><strong>utilitatis</strong></span> 
     </span>
     <span class='ocr_line' id='line_1_20' title="bbox 179 2553 2469 2650; baseline 0.002 -26"><span class='ocrx_word' id='word_1_178' title='bbox 179 2555 482 2626; x_wconf 80' lang='lat' dir='ltr'><strong>censendi</strong></span> <span class='ocrx_word' id='word_1_179' title='bbox 499 2556 672 2625; x_wconf 82' lang='lat' dir='ltr'><strong>sint?</strong></span> <span class='ocrx_word' id='word_1_180' title='bbox 693 2591 786 2608; x_wconf 88' lang='lat'>—</span> <span class='ocrx_word' id='word_1_181' title='bbox 801 2553 1074 2624; x_wconf 86' lang='lat' dir='ltr'><strong>Duobus</strong></span> <span class='ocrx_word' id='word_1_182' title='bbox 1092 2554 1298 2624; x_wconf 88' lang='lat' dir='ltr'><strong>modis</strong></span> <span class='ocrx_word' id='word_1_183' title='bbox 1327 2557 1607 2646; x_wconf 85' lang='lat' dir='ltr'><strong>intelligi</strong></span> <span class='ocrx_word' id='word_1_184' title='bbox 1631 2565 1837 2648; x_wconf 83' lang='lat' dir='ltr'><strong>potest</strong></span> <span class='ocrx_word' id='word_1_185' title='bbox 1860 2559 2104 2648; x_wconf 86' lang='lat' dir='ltr'><strong>aliquis</strong></span> <span class='ocrx_word' id='word_1_186' title='bbox 2130 2560 2469 2650; x_wconf 85' lang='lat' dir='ltr'><strong>religiosus</strong></span> 
     </span>
     <span class='ocr_line' id='line_1_21' title="bbox 185 2670 2469 2766; baseline 0.002 -26"><span class='ocrx_word' id='word_1_187' title='bbox 185 2671 343 2740; x_wconf 90' lang='lat' dir='ltr'><strong>ordo</strong></span> <span class='ocrx_word' id='word_1_188' title='bbox 375 2693 416 2740; x_wconf 86' lang='lat' dir='ltr'><strong>a</strong></span> <span class='ocrx_word' id='word_1_189' title='bbox 447 2673 750 2761; x_wconf 78' lang='lat' dir='ltr'><strong>primaevo</strong></span> <span class='ocrx_word' id='word_1_190' title='bbox 783 2670 1062 2740; x_wconf 84' lang='lat' dir='ltr'><strong>instituti</strong></span> <span class='ocrx_word' id='word_1_191' title='bbox 1113 2672 1220 2740; x_wconf 83' lang='lat' dir='ltr'><strong>sui</strong></span> <span class='ocrx_word' id='word_1_192' title='bbox 1263 2671 1477 2761; x_wconf 86' lang='lat' dir='ltr'><strong>rigore</strong></span> <span class='ocrx_word' id='word_1_193' title='bbox 1527 2670 1833 2740; x_wconf 77' lang='lat' dir='ltr'><strong>defecisse</strong></span> <span class='ocrx_word' id='word_1_194' title='bbox 1888 2695 1907 2739; x_wconf 67' lang='grc' dir='ltr'>ι</span> <span class='ocrx_word' id='word_1_195' title='bbox 1956 2675 2060 2744; x_wconf 75' lang='lat' dir='ltr'><strong>vel</strong></span> <span class='ocrx_word' id='word_1_196' title='bbox 2097 2676 2250 2765; x_wconf 89' lang='lat' dir='ltr'><strong>quia</strong></span> <span class='ocrx_word' id='word_1_197' title='bbox 2294 2677 2469 2766; x_wconf 85' lang='lat' dir='ltr'><strong>rigor</strong></span> 
     </span>
     <span class='ocr_line' id='line_1_22' title="bbox 193 2784 2469 2876; baseline 0.002 -22"><span class='ocrx_word' id='word_1_198' title='bbox 193 2784 306 2855; x_wconf 91' lang='lat' dir='ltr'><strong>ille</strong></span> <span class='ocrx_word' id='word_1_199' title='bbox 329 2786 404 2856; x_wconf 88' lang='lat' dir='ltr'><strong>in</strong></span> <span class='ocrx_word' id='word_1_200' title='bbox 443 2787 790 2874; x_wconf 86' lang='lat' dir='ltr'><strong>nonnullis,</strong></span> <span class='ocrx_word' id='word_1_201' title='bbox 829 2787 964 2856; x_wconf 82' lang='lat' dir='ltr'><strong>sive</strong></span> <span class='ocrx_word' id='word_1_202' title='bbox 999 2785 1373 2856; x_wconf 82' lang='lat' dir='ltr'><strong>auctoritate</strong></span> <span class='ocrx_word' id='word_1_203' title='bbox 1414 2785 1784 2872; x_wconf 82' lang='lat' dir='ltr'><strong>Pontifieia,</strong></span> <span class='ocrx_word' id='word_1_204' title='bbox 1825 2785 1961 2854; x_wconf 86' lang='lat' dir='ltr'><strong>sive</strong></span> <span class='ocrx_word' id='word_1_205' title='bbox 2010 2809 2125 2876; x_wconf 88' lang='lat' dir='ltr'><strong>per</strong></span> <span class='ocrx_word' id='word_1_206' title='bbox 2184 2789 2469 2876; x_wconf 84' lang='lat' dir='ltr'><strong>legitime</strong></span> 
     </span>
     <span class='ocr_line' id='line_1_23' title="bbox 197 2900 2469 2995; baseline 0 -23"><span class='ocrx_word' id='word_1_207' title='bbox 197 2904 626 2995; x_wconf 67' lang='lat' dir='ltr'><strong>praescriptam</strong></span> <span class='ocrx_word' id='word_1_208' title='bbox 653 2904 1215 2988; x_wconf 88' lang='lat' dir='ltr'><strong>consuetudinem,</strong></span> <span class='ocrx_word' id='word_1_209' title='bbox 1239 2901 1617 2972; x_wconf 83' lang='lat' dir='ltr'><strong>moderatus</strong></span> <span class='ocrx_word' id='word_1_210' title='bbox 1644 2901 1805 2987; x_wconf 78' lang='lat' dir='ltr'><strong>fuit3</strong></span> <span class='ocrx_word' id='word_1_211' title='bbox 1834 2902 1937 2970; x_wconf 82' lang='lat' dir='ltr'><strong>vel</strong></span> <span class='ocrx_word' id='word_1_212' title='bbox 1959 2900 2114 2991; x_wconf 88' lang='lat' dir='ltr'><strong>quia</strong></span> <span class='ocrx_word' id='word_1_213' title='bbox 2146 2902 2469 2990; x_wconf 81' lang='lat' dir='ltr'><strong>regulares</strong></span> 
     </span>
     <span class='ocr_line' id='line_1_24' title="bbox 193 3017 2469 3108; baseline 0.001 -24"><span class='ocrx_word' id='word_1_214' title='bbox 193 3017 312 3106; x_wconf 87' lang='lat' dir='ltr'><strong>illi,</strong></span> <span class='ocrx_word' id='word_1_215' title='bbox 349 3025 582 3088; x_wconf 80' lang='lat' dir='ltr'><strong>sanctoe</strong></span> <span class='ocrx_word' id='word_1_216' title='bbox 608 3020 958 3089; x_wconf 82' lang='lat' dir='ltr'><strong>vocationis</strong></span> <span class='ocrx_word' id='word_1_217' title='bbox 995 3041 1129 3088; x_wconf 80' lang='lat' dir='ltr'><strong>suae</strong></span> <span class='ocrx_word' id='word_1_218' title='bbox 1169 3023 1613 3100; x_wconf 86' lang='lat' dir='ltr'><strong>immemores,</strong></span> <span class='ocrx_word' id='word_1_219' title='bbox 1663 3025 1727 3086; x_wconf 86' lang='lat' dir='ltr'><strong>et</strong></span> <span class='ocrx_word' id='word_1_220' title='bbox 1752 3037 1875 3086; x_wconf 87' lang='lat' dir='ltr'><strong>nec</strong></span> <span class='ocrx_word' id='word_1_221' title='bbox 1907 3017 2315 3108; x_wconf 68' lang='lat' dir='ltr'><strong>primaevam,</strong></span> <span class='ocrx_word' id='word_1_222' title='bbox 2349 3039 2469 3086; x_wconf 89' lang='lat' dir='ltr'><strong>nec</strong></span> 
     </span>
     <span class='ocr_line' id='line_1_25' title="bbox 191 3133 2469 3225; baseline -0 -23"><span class='ocrx_word' id='word_1_223' title='bbox 191 3133 470 3224; x_wconf 79' lang='lat' dir='ltr'><strong>legitime</strong></span> <span class='ocrx_word' id='word_1_224' title='bbox 508 3135 905 3206; x_wconf 83' lang='lat' dir='ltr'><strong>moderatam</strong></span> <span class='ocrx_word' id='word_1_225' title='bbox 941 3135 1238 3225; x_wconf 81' lang='lat' dir='ltr'><strong>regulam</strong></span> <span class='ocrx_word' id='word_1_226' title='bbox 1283 3141 1629 3219; x_wconf 86' lang='lat' dir='ltr'><strong>servantes,</strong></span> <span class='ocrx_word' id='word_1_227' title='bbox 1680 3133 2099 3204; x_wconf 81' lang='lat' dir='ltr'><strong>saeeularium</strong></span> <span class='ocrx_word' id='word_1_228' title='bbox 2143 3153 2211 3201; x_wconf 87' lang='lat' dir='ltr'><strong>se</strong></span> <span class='ocrx_word' id='word_1_229' title='bbox 2256 3135 2469 3223; x_wconf 78' lang='lat' dir='ltr'><strong>pravis</strong></span> 
     </span>
     <span class='ocr_line' id='line_1_26' title="bbox 194 3238 1300 3320; baseline 0 -2"><span class='ocrx_word' id='word_1_230' title='bbox 194 3250 478 3320; x_wconf 84' lang='lat' dir='ltr'><strong>moribus</strong></span> <span class='ocrx_word' id='word_1_231' title='bbox 503 3255 568 3319; x_wconf 83' lang='lat' dir='ltr'><strong>et</strong></span> <span class='ocrx_word' id='word_1_232' title='bbox 587 3250 764 3320; x_wconf 65' lang='lat' dir='ltr'><strong>vitiis</strong></span> <span class='ocrx_word' id='word_1_233' title='bbox 800 3238 1300 3320; x_wconf 75' lang='lat' dir='ltr'><strong>commaculant.</strong></span> 
     </span>
    </p>

    <p class='ocr_par' dir='ltr' id='par_1_4' title="bbox 189 3362 2469 4494">
     <span class='ocr_line' id='line_1_27' title="bbox 275 3362 2468 3456; baseline 0 -21"><span class='ocrx_word' id='word_1_234' title='bbox 275 3364 460 3448; x_wconf 85' lang='lat' dir='ltr'><strong>Quod</strong></span> <span class='ocrx_word' id='word_1_235' title='bbox 509 3365 880 3454; x_wconf 85' lang='lat' dir='ltr'><strong>posterioris</strong></span> <span class='ocrx_word' id='word_1_236' title='bbox 931 3366 1164 3456; x_wconf 87' lang='lat' dir='ltr'><strong>speciei</strong></span> <span class='ocrx_word' id='word_1_237' title='bbox 1207 3365 1469 3436; x_wconf 88' lang='lat' dir='ltr'><strong>ordines</strong></span> <span class='ocrx_word' id='word_1_238' title='bbox 1515 3385 1591 3434; x_wconf 89' lang='lat' dir='ltr'><strong>ac</strong></span> <span class='ocrx_word' id='word_1_239' title='bbox 1636 3370 1991 3434; x_wconf 76' lang='lat' dir='ltr'><strong>conventus</strong></span> <span class='ocrx_word' id='word_1_240' title='bbox 2044 3362 2126 3455; x_wconf 88' lang='lat' dir='ltr'><strong>(si</strong></span> <span class='ocrx_word' id='word_1_241' title='bbox 2176 3365 2293 3456; x_wconf 89' lang='lat' dir='ltr'><strong>qui</strong></span> <span class='ocrx_word' id='word_1_242' title='bbox 2343 3387 2468 3435; x_wconf 89' lang='lat' dir='ltr'><strong>un·</strong></span> 
     </span>
     <span class='ocr_line' id='line_1_28' title="bbox 189 3476 2467 3570; baseline -0.001 -20"><span class='ocrx_word' id='word_1_243' title='bbox 189 3497 406 3566; x_wconf 81' lang='lat' dir='ltr'><strong>quam,</strong></span> <span class='ocrx_word' id='word_1_244' title='bbox 455 3480 633 3570; x_wconf 86' lang='lat' dir='ltr'><strong>quod</strong></span> <span class='ocrx_word' id='word_1_245' title='bbox 675 3484 916 3550; x_wconf 82' lang='lat' dir='ltr'><strong>avertat</strong></span> <span class='ocrx_word' id='word_1_246' title='bbox 953 3477 1156 3567; x_wconf 87' lang='lat' dir='ltr'><strong>Deus,</strong></span> <span class='ocrx_word' id='word_1_247' title='bbox 1199 3479 1356 3548; x_wconf 89' lang='lat' dir='ltr'><strong>tales</strong></span> <span class='ocrx_word' id='word_1_248' title='bbox 1399 3479 1697 3566; x_wconf 79' lang='lat' dir='ltr'><strong>evadant)</strong></span> <span class='ocrx_word' id='word_1_249' title='bbox 1738 3476 1914 3547; x_wconf 88' lang='lat' dir='ltr'><strong>haud</strong></span> <span class='ocrx_word' id='word_1_250' title='bbox 1963 3477 2096 3546; x_wconf 85' lang='lat' dir='ltr'><strong>sint</strong></span> <span class='ocrx_word' id='word_1_251' title='bbox 2132 3477 2204 3548; x_wconf 92' lang='lat' dir='ltr'><strong>in</strong></span> <span class='ocrx_word' id='word_1_252' title='bbox 2249 3477 2467 3548; x_wconf 86' lang='lat' dir='ltr'><strong>Eccle-</strong></span> 
     </span>
     <span class='ocr_line' id='line_1_29' title="bbox 189 3592 2469 3686; baseline -0.001 -22"><span class='ocrx_word' id='word_1_253' title='bbox 189 3592 276 3664; x_wconf 78' lang='lat' dir='ltr'><strong>sia</strong></span> <span class='ocrx_word' id='word_1_254' title='bbox 318 3596 544 3684; x_wconf 85' lang='lat' dir='ltr'><strong>utiles,</strong></span> <span class='ocrx_word' id='word_1_255' title='bbox 603 3596 756 3665; x_wconf 86' lang='lat' dir='ltr'><strong>satis</strong></span> <span class='ocrx_word' id='word_1_256' title='bbox 803 3615 920 3686; x_wconf 89' lang='lat' dir='ltr'><strong>per</strong></span> <span class='ocrx_word' id='word_1_257' title='bbox 971 3615 1042 3664; x_wconf 86' lang='lat' dir='ltr'><strong>se</strong></span> <span class='ocrx_word' id='word_1_258' title='bbox 1087 3600 1280 3686; x_wconf 84' lang='lat' dir='ltr'><strong>patet.</strong></span> <span class='ocrx_word' id='word_1_259' title='bbox 1340 3597 1477 3664; x_wconf 88' lang='lat' dir='ltr'><strong>Aut</strong></span> <span class='ocrx_word' id='word_1_260' title='bbox 1522 3593 1985 3676; x_wconf 84' lang='lat' dir='ltr'><strong>reformandos,</strong></span> <span class='ocrx_word' id='word_1_261' title='bbox 2042 3600 2157 3662; x_wconf 86' lang='lat' dir='ltr'><strong>aut</strong></span> <span class='ocrx_word' id='word_1_262' title='bbox 2214 3598 2469 3684; x_wconf 85' lang='lat' dir='ltr'><strong>suppri-</strong></span> 
     </span>
     <span class='ocr_line' id='line_1_30' title="bbox 189 3705 2460 3800; baseline -0.001 -23"><span class='ocrx_word' id='word_1_263' title='bbox 189 3712 454 3782; x_wconf 85' lang='lat' dir='ltr'><strong>mendos</strong></span> <span class='ocrx_word' id='word_1_264' title='bbox 501 3709 876 3780; x_wconf 81' lang='lat' dir='ltr'><strong>istiusmodi</strong></span> <span class='ocrx_word' id='word_1_265' title='bbox 923 3709 1271 3800; x_wconf 75' lang='lat' dir='ltr'><strong>degeneres</strong></span> <span class='ocrx_word' id='word_1_266' title='bbox 1323 3717 1679 3780; x_wconf 77' lang='lat' dir='ltr'><strong>conventus</strong></span> <span class='ocrx_word' id='word_1_267' title='bbox 1738 3709 2009 3780; x_wconf 90' lang='lat' dir='ltr'><strong>omnino</strong></span> <span class='ocrx_word' id='word_1_268' title='bbox 2063 3705 2460 3778; x_wconf 81' lang='lat' dir='ltr'><strong>conceditur.</strong></span> 
     </span>
     <span class='ocr_line' id='line_1_31' title="bbox 195 3823 2467 3916; baseline 0 -23"><span class='ocrx_word' id='word_1_269' title='bbox 195 3824 582 3894; x_wconf 80' lang='lat' dir='ltr'><strong>Adnotatum</strong></span> <span class='ocrx_word' id='word_1_270' title='bbox 647 3831 868 3894; x_wconf 87' lang='lat' dir='ltr'><strong>autem</strong></span> <span class='ocrx_word' id='word_1_271' title='bbox 919 3826 1148 3914; x_wconf 77' lang='lat' dir='ltr'><strong>velim,</strong></span> <span class='ocrx_word' id='word_1_272' title='bbox 1205 3826 1382 3895; x_wconf 87' lang='lat' dir='ltr'><strong>haud</strong></span> <span class='ocrx_word' id='word_1_273' title='bbox 1438 3826 1823 3916; x_wconf 84' lang='lat' dir='ltr'><strong>degenerem</strong></span> <span class='ocrx_word' id='word_1_274' title='bbox 1881 3823 2278 3897; x_wconf 86' lang='lat' dir='ltr'><strong>censendum</strong></span> <span class='ocrx_word' id='word_1_275' title='bbox 2332 3845 2467 3894; x_wconf 87' lang='lat' dir='ltr'><strong>esse</strong></span> 
     </span>
     <span class='ocr_line' id='line_1_32' title="bbox 195 3936 2465 4034; baseline 0.002 -30"><span class='ocrx_word' id='word_1_276' title='bbox 195 3936 404 4028; x_wconf 83' lang='lat' dir='ltr'><strong>ipsum</strong></span> <span class='ocrx_word' id='word_1_277' title='bbox 457 3941 842 4030; x_wconf 84' lang='lat' dir='ltr'><strong>religiosum</strong></span> <span class='ocrx_word' id='word_1_278' title='bbox 896 3941 1222 4027; x_wconf 87' lang='lat' dir='ltr'><strong>ordinem,</strong></span> <span class='ocrx_word' id='word_1_279' title='bbox 1281 3963 1355 4010; x_wconf 87' lang='lat' dir='ltr'><strong>ex</strong></span> <span class='ocrx_word' id='word_1_280' title='bbox 1405 3964 1481 4012; x_wconf 90' lang='lat' dir='ltr'><strong>eo</strong></span> <span class='ocrx_word' id='word_1_281' title='bbox 1532 3944 1707 4034; x_wconf 91' lang='lat' dir='ltr'><strong>quod</strong></span> <span class='ocrx_word' id='word_1_282' title='bbox 1766 3963 1977 4012; x_wconf 88' lang='lat' dir='ltr'><strong>unum</strong></span> <span class='ocrx_word' id='word_1_283' title='bbox 2027 3943 2142 4008; x_wconf 83' lang='lat' dir='ltr'><strong>aut</strong></span> <span class='ocrx_word' id='word_1_284' title='bbox 2190 3937 2465 4008; x_wconf 88' lang='lat' dir='ltr'><strong>alterum</strong></span> 
     </span>
     <span class='ocr_line' id='line_1_33' title="bbox 195 4053 2468 4147; baseline 0.001 -25"><span class='ocrx_word' id='word_1_285' title='bbox 195 4055 386 4146; x_wconf 83' lang='lat' dir='ltr'><strong>ipsius</strong></span> <span class='ocrx_word' id='word_1_286' title='bbox 435 4057 504 4125; x_wconf 90' lang='lat' dir='ltr'><strong>in</strong></span> <span class='ocrx_word' id='word_1_287' title='bbox 543 4056 768 4146; x_wconf 87' lang='lat' dir='ltr'><strong>aliqua</strong></span> <span class='ocrx_word' id='word_1_288' title='bbox 799 4055 1066 4146; x_wconf 81' lang='lat' dir='ltr'><strong>regione</strong></span> <span class='ocrx_word' id='word_1_289' title='bbox 1113 4059 1583 4128; x_wconf 83' lang='lat' dir='ltr'><strong>monasterium</strong></span> <span class='ocrx_word' id='word_1_290' title='bbox 1634 4080 1673 4127; x_wconf 87' lang='lat' dir='ltr'><strong>a</strong></span> <span class='ocrx_word' id='word_1_291' title='bbox 1716 4055 2001 4147; x_wconf 87' lang='lat' dir='ltr'><strong>regulari</strong></span> <span class='ocrx_word' id='word_1_292' title='bbox 2042 4053 2468 4124; x_wconf 87' lang='lat' dir='ltr'><strong>sanctimonia</strong></span> 
     </span>
     <span class='ocr_line' id='line_1_34' title="bbox 201 4169 2466 4264; baseline 0.001 -28"><span class='ocrx_word' id='word_1_293' title='bbox 201 4169 418 4240; x_wconf 83' lang='lat' dir='ltr'><strong>misere</strong></span> <span class='ocrx_word' id='word_1_294' title='bbox 461 4171 841 4242; x_wconf 78' lang='lat' dir='ltr'><strong>defecerint.</strong></span> <span class='ocrx_word' id='word_1_295' title='bbox 897 4169 1110 4242; x_wconf 85' lang='lat' dir='ltr'><strong>Facile</strong></span> <span class='ocrx_word' id='word_1_296' title='bbox 1155 4173 1478 4264; x_wconf 87' lang='lat' dir='ltr'><strong>siquidem</strong></span> <span class='ocrx_word' id='word_1_297' title='bbox 1536 4173 1909 4262; x_wconf 86' lang='lat' dir='ltr'><strong>contingere</strong></span> <span class='ocrx_word' id='word_1_298' title='bbox 1958 4174 2184 4260; x_wconf 82' lang='lat' dir='ltr'><strong>potest,</strong></span> <span class='ocrx_word' id='word_1_299' title='bbox 2236 4175 2311 4238; x_wconf 87' lang='lat' dir='ltr'><strong>ut</strong></span> <span class='ocrx_word' id='word_1_300' title='bbox 2353 4169 2466 4238; x_wconf 88' lang='lat' dir='ltr'><strong>ali-</strong></span> 
     </span>
     <span class='ocr_line' id='line_1_35' title="bbox 201 4285 2467 4379; baseline -0 -26"><span class='ocrx_word' id='word_1_301' title='bbox 201 4286 333 4370; x_wconf 85' lang='lat' dir='ltr'><strong>quis</strong></span> <span class='ocrx_word' id='word_1_302' title='bbox 385 4285 544 4355; x_wconf 90' lang='lat' dir='ltr'><strong>ordo</strong></span> <span class='ocrx_word' id='word_1_303' title='bbox 612 4287 930 4356; x_wconf 83' lang='lat' dir='ltr'><strong>virtutum</strong></span> <span class='ocrx_word' id='word_1_304' title='bbox 985 4294 1050 4357; x_wconf 89' lang='lat' dir='ltr'><strong>et</strong></span> <span class='ocrx_word' id='word_1_305' title='bbox 1105 4287 1599 4379; x_wconf 87' lang='lat' dir='ltr'><strong>apostolicorum</strong></span> <span class='ocrx_word' id='word_1_306' title='bbox 1659 4305 1933 4376; x_wconf 88' lang='lat' dir='ltr'><strong>operum</strong></span> <span class='ocrx_word' id='word_1_307' title='bbox 1998 4285 2209 4354; x_wconf 84' lang='lat' dir='ltr'><strong>nitore</strong></span> <span class='ocrx_word' id='word_1_308' title='bbox 2266 4303 2467 4373; x_wconf 87' lang='lat' dir='ltr'><strong>quam</strong></span> 
     </span>
     <span class='ocr_line' id='line_1_36' title="bbox 213 4398 2465 4494; baseline 0.002 -30"><span class='ocrx_word' id='word_1_309' title='bbox 213 4402 472 4470; x_wconf 83' lang='lat' dir='ltr'><strong>maxime</strong></span> <span class='ocrx_word' id='word_1_310' title='bbox 519 4401 588 4469; x_wconf 91' lang='lat' dir='ltr'><strong>in</strong></span> <span class='ocrx_word' id='word_1_311' title='bbox 627 4398 912 4470; x_wconf 78' lang='lat' dir='ltr'><strong>Ecclesia</strong></span> <span class='ocrx_word' id='word_1_312' title='bbox 959 4401 1314 4494; x_wconf 83' lang='lat' dir='ltr'><strong>splendeat,</strong></span> <span class='ocrx_word' id='word_1_313' title='bbox 1371 4407 1435 4471; x_wconf 85' lang='lat' dir='ltr'><strong>et</strong></span> <span class='ocrx_word' id='word_1_314' title='bbox 1486 4400 1915 4470; x_wconf 88' lang='lat' dir='ltr'><strong>nihilominus</strong></span> <span class='ocrx_word' id='word_1_315' title='bbox 1961 4400 2209 4492; x_wconf 86' lang='lat' dir='ltr'><strong>aliquot</strong></span> <span class='ocrx_word' id='word_1_316' title='bbox 2250 4399 2465 4468; x_wconf 88' lang='lat' dir='ltr'><strong>iterim</strong></span> 
     </span>
    </p>
   </div>
  </div>
 </body>
</html>
