2834 4959
1159 364 1312 411 puts
1351 364 1613 421 Quum.
2382 358 2503 416 681

231 486 446 553 nium.
499 483 716 573 Atque
767 482 1024 575 praxim
1075 483 1260 553 illam
1309 484 1378 553 in
1417 487 1529 575 jus
1580 504 1933 555 commune
1984 486 2265 555 firmavit
2310 486 2516 559 Bene-

227 599 444 669 dictus
469 596 654 667 xlv.
689 596 784 667 De
829 620 988 687 quo,
1011 604 1077 667 et
1121 621 1254 689 qua
1309 602 1516 669 forma
1554 600 1627 667 in
1674 600 1803 669 hoc
1850 623 1998 671 casu
2040 603 2517 692 procedendum

229 716 342 800 sit,
369 714 518 783 vide
547 713 737 799 infre,
769 714 980 803 capite
1013 712 1119 783 13.

323 829 646 899 Hactenus
685 827 1076 918 quaestiones
1109 850 1258 919 quae
1283 829 1730 903 difficultatem
1768 853 1903 901 non
1938 831 2207 903 faciunt.
2241 833 2517 905 Moven-

235 953 344 1013 tur
389 950 608 1014 autem
655 945 827 1013 circa
873 964 1140 1013 sensum
1171 944 1424 1035 proefati
1460 946 1826 1017 Tridentini
1860 948 2129 1034 decreti,
2178 949 2513 1019 nonnuilae

234 1059 376 1131 aliae
403 1060 590 1129 valde
617 1059 936 1130 intricatas
963 1084 986 1131 ι
1011 1060 1097 1130 de
1119 1058 1224 1130 his
1255 1062 1377 1130 sub
1403 1063 1825 1153 sequentibus
1872 1064 2217 1154 capitibus.

1186 1359 1457 1431 CAPUT
1484 1362 1567 1433 X.

238 1586 320 1633 An
383 1586 510 1629 me
567 1584 670 1639 om
712 1584 845 1629 scrr
895 1582 1350 1630 raorsssslosnn
1404 1586 1567 1631 sum
1622 1586 1770 1632 Essa
1828 1586 2195 1649 inunum,
2245 1588 2354 1633 san
2399 1588 2517 1633 rm-

315 1685 460 1739 om‘r
510 1682 683 1727 utun
737 1680 1047 1741 noman,
1105 1682 1306 1728 meme
1369 1686 1615 1731 uum
1666 1685 1747 1731 AD
1817 1685 2107 1731 sfficurnu
2158 1686 2383 1731 aeman
2422 1686 2519 1730 er

317 1780 762 1827 nuanomun
804 1764 1262 1825 conmanere?

334 2010 598 2079 Certum
649 2016 742 2078 est
791 2010 1114 2102 duplicem
1153 2015 1420 2082 existere
1470 2014 1591 2081 hac
1636 2015 1715 2082 de
1758 2034 1831 2082 re
1863 2012 2288 2091 sententiam;
2328 2016 2519 2102 atque

243 2127 399 2193 item
453 2130 703 2193 certum
735 2130 833 2195 est
873 2129 1250 2194 sententiam
1281 2128 1735 2196 affirmativam
1770 2148 1905 2197 esse
1942 2126 2463 2196 communiorem
2496 2154 2513 2197 ε

242 2262 389 2331 quae
433 2242 564 2309 duo
599 2262 674 2308 ex
721 2240 1006 2309 dicendis
1039 2244 1371 2333 patebunt.
1422 2242 1835 2334 Exponemns
1864 2248 2077 2310 autem
2124 2242 2336 2333 primo
2364 2258 2519 2309 sen·-

241 2357 506 2425 tentiam
564 2357 991 2427 affirmantem
1039 2382 1191 2429 cum
1251 2360 1687 2430 fundamentis
1742 2360 1920 2429 suis:
1976 2365 2116 2427 tum
2170 2364 2513 2447 negantem

239 2498 396 2543 cum
423 2474 558 2542 suis
590 2476 746 2543 item
789 2478 1196 2565 argumentis
1238 2481 1627 2571 praecipuis:
1660 2480 1921 2549 tandem
1948 2476 2254 2607 nonnihil
2294 2482 2355 2545 et
2396 2496 2515 2545 nos

237 2614 361 2681 pro
385 2590 648 2661 modulo
685 2596 904 2661 nostro
935 2590 1413 2663 adnotabimus,

1312 2855 1445 2946 gl.

1082 3041 1340 3093 Sententia
1393 3037 1671 3089 affirmans.

333 3252 382 3320 1.
415 3255 808 3345 Est-ponitur
853 3252 1016 3346 quid
1054 3252 1386 3321 sententia
1424 3252 1563 3319 hoec
1601 3260 1847 3317 teneat.
1878 3284 1969 3299 —
1998 3246 2107 3317 Sic
2135 3247 2327 3316 habet
2349 3245 2519 3315 Reis-

231 3369 517 3437 t'enstuel
571 3372 663 3460 (in
701 3371 965 3442 titulum
999 3368 1080 3437 de
1113 3366 1589 3459 Reqularibus,
1622 3387 1691 3433 n.
1728 3364 1859 3434 205
1884 3364 2139 3453 etseq.)
2176 3390 2209 3431 ιι
2234 3364 2407 3445 Quid
2428 3365 2520 3457 fa-

239 3506 288 3547 «
313 3482 622 3553 ciendum
650 3486 914 3554 nulliter
956 3484 1260 3574 professo,
1287 3482 1402 3571 qui
1454 3502 1673 3551 coram
1717 3478 1851 3549 Deo
1900 3485 1964 3547 ot
2012 3480 2083 3547 in
2131 3479 2521 3549 conscientia

243 3620 288 3663 «
321 3597 542 3666 saltem
590 3605 764 3668 certo
814 3600 958 3685 scit,
997 3597 1172 3689 quod
1227 3600 1370 3685 ejus
1428 3595 1738 3686 professio
1784 3593 1868 3663 sit
1922 3592 2129 3677 nulla,
2194 3615 2269 3661 eo
2314 3592 2516 3682 quod,

239 3734 287 3776 κ
311 3715 496 3782 verbi
541 3715 768 3805 gratia,
801 3722 1050 3784 tanturn
1099 3714 1246 3785 ficte
1283 3706 1358 3780 ac
1401 3711 1545 3781 sine
1594 3711 1817 3781 animo
1853 3730 1987 3777 sese
2012 3708 2343 3796 obligandi
2376 3728 2521 3777 eam

249 3856 288 3893 «
316 3834 630 3917 emiserit,
683 3833 783 3900 vel
849 3834 1032 3923 gravi
1081 3838 1256 3901 metu
1287 3829 1544 3919 injuste
1592 3830 1855 3897 incusso
1906 3828 2229 3917 professus
2276 3827 2385 3913 sit,
2414 3824 2519 3895 vel

247 3972 288 4013 «
316 3946 490 4015 aliud
539 3948 872 4018 essentiale
915 3948 1306 4038 requisitum
1339 3945 1543 4035 (verbi
1578 3945 1803 4034 gratia,
1848 3943 2203 4031 legitimam
2244 3940 2519 4031 oetatem)

253 4090 290 4131 α
323 4083 448 4131 non
505 4062 826 4147 habuerit,
883 4070 1006 4133 etc.
1042 4088 1058 4143 ;
1111 4040 1180 4131 et
1233 4068 1453 4129 tamen
1501 4062 1569 4127 in
1626 4060 1765 4127 foro
1818 4064 2075 4130 externo
2130 4056 2207 4126 id-
2250 4056 2521 4147 probare

251 4206 290 4243 «
331 4202 460 4248 non
513 4186 751 4269 potest;
812 4179 918 4249 vel
959 4178 1128 4247 ultra
1188 4176 1719 4267 quinquennium
1768 4172 2133 4241 nullitatem
2184 4172 2517 4261 ignorans,

253 4298 610 4385 «primum
664 4302 806 4385 post
845 4296 1102 4385 lapsum
1156 4291 1591 4383 quinquennii
1634 4288 1817 4360 illam
1868 4286 2242 4377 cognoscit3
2297 4293 2408 4354 aut
2446 4306 2521 4355 ea

259 4434 294 4473 α
317 4412 498 4501 prius
525 4414 808 4503 cognita,
839 4431 1049 4503 usque
1093 4410 1174 4481 ad
1222 4408 1479 4499 lapsum
1506 4404 1947 4495 quinquennii
1976 4402 2521 4493 impedimentum
