2834 4959
306 342 431 399 474
876 345 1215 394 memus
1258 348 1337 393 D}
1382 346 1534 395 lm
1575 344 1996 393 ntem-tmen.

302 476 551 539 starum
604 466 1003 553 institutum,
1042 472 1131 537 'ut
1168 472 1448 559 nequeat
1489 464 1814 536 ullatenus
1857 462 1930 531 id
1977 464 2048 531 in
2089 470 2594 539 controversiam

303 582 563 653 adduci.
622 580 791 651 Sunt
810 579 993 651 enim
1034 602 1181 652 vere
1220 586 1283 651 et
1340 580 1602 673 proprie
1641 578 2094 649 cistercienses
2111 602 2140 661 ‚·
2187 586 2373 671 atque
2431 583 2593 653 talae

306 699 737 771 nominantur
770 703 831 767 et
866 696 1277 767 declarantur
1302 698 1373 766 in
1406 695 1798 767 authenticis
1824 693 2075 763 actibus
2105 694 2274 764 sedis
2319 696 2590 787 Aposto-

302 814 465 883 licae.
498 811 921 883 Coustitnunt
948 834 1184 905 nempe
1206 812 1391 882 illam
1435 809 1964 881 Cisterciensium
1987 808 2354 881 strictioris
2375 812 2592 883 obser-

305 926 557 995 vantioe
578 925 1173 1017 congregationem,
1203 923 1289 996 ab
1327 925 1558 995 abbate
1585 924 1666 993 de
1714 922 1934 993 Rance
1977 923 2339 1009 inductam,
2365 948 2522 1018 quae
2555 951 2594 999 a

305 1040 609 1133 pluribus
656 1040 937 1111 summis
990 1037 1414 1111 Pontificibus
1473 1038 1732 1109 laudata
1783 1038 1937 1119 fuit,
1995 1039 2345 1129 approbata
2399 1051 2604 1134 atque

306 1156 711 1227 confirmata.
794 1154 958 1225 ltem
1044 1156 1127 1225 de
1194 1156 1508 1227 canonica
1565 1155 2006 1225 recentiorum
2053 1158 2606 1229 monasteriorum

308 1270 535 1342 Gauiae
578 1270 904 1341 erectione
930 1270 1216 1340 dubitari
1244 1270 1512 1361 nequit3
1539 1291 1694 1340 cum
1719 1272 1964 1338 constet
1989 1266 2357 1361 Apostolica
2401 1271 2606 1344 fuisse

306 1387 685 1458 auctoritate
730 1386 987 1455 tactam.
1052 1383 1193 1455 lmo
1260 1386 1608 1455 hodiernos
1665 1383 1892 1455 Galliae
1945 1382 2313 1477 Trappistas
2375 1388 2602 1458 abbati

310 1502 679 1573 monasterii
703 1508 943 1572 sauctae
966 1500 1199 1571 Crucis
1228 1496 1614 1587 Jerusalem,
1655 1498 1878 1570 Romae
1900 1496 2245 1580 existentis,
2277 1506 2598 1591 tanquam

306 1617 593 1708 generali
660 1618 981 1711 superiori
1040 1616 1450 1708 aliquatenus
1489 1614 1762 1707 subjecit
1805 1614 1985 1685 sedes
2039 1615 2432 1708 Apostolica5
2494 1616 2588 1685 ita

310 1739 385 1802 ut
422 1736 721 1825 superior
760 1731 1079 1823 generalis
1128 1731 1675 1803 monasteriorum
1715 1728 1944 1800 Galliae
1991 1730 2221 1799 vicarii
2261 1730 2588 1822 qemi-alis

309 1848 637 1936 duntaxat,
680 1870 759 1918 ex
800 1848 1026 1919 eadem
1074 1846 1444 1939 Apostolica
1489 1844 1934 1938 dispositione,
1965 1865 2212 1914 nomen
2265 1866 2340 1915 ac
2389 1851 2607 1936 pote&

310 1968 507 2033 tatem
568 1966 1003 2035 nanciscatur.
1056 1960 1245 2035 Unde
1286 1960 1646 2055 Trappistae
1697 1958 1926 2031 Galliae
1987 1967 2140 2030 sunt
2197 1982 2423 2031 revera
2467 1962 2602 2030 veri

312 2075 792 2160 Cistercienses,
824 2085 889 2147 et
908 2100 1059 2148 vere
1101 2076 1432 2169 pertinent
1457 2075 1536 2147 ad
1559 2076 1932 2145 institutum
1957 2080 2022 2143 et
2063 2074 2362 2145 ordinem
2382 2096 2421 2145 a
2447 2075 2600 2145 sede

309 2191 677 2283 Apostolica
706 2212 861 2261 cum
902 2194 1069 2263 votis
1100 2194 1506 2263 solemnibus
1545 2192 2000 2285 approbatum.
2033 2189 2182 2261 Jam
2207 2194 2462 2262 veroin
2483 2190 2602 2263 sul·

312 2304 673 2397 perior-ibus
698 2306 1019 2397 capitibus
1058 2307 1407 2396 probatum
1437 2314 1532 2376 est
1577 2307 1896 2377 solemnia
1917 2326 2058 2377 esse
2081 2310 2227 2376 vota
2259 2307 2606 2399 reugioso-

309 2440 460 2489 rum
508 2418 811 2488 omnium
858 2418 1109 2505 Galliae,
1168 2438 1452 2511 quorum
1500 2422 1870 2493 institutum
1925 2444 1964 2491 a
2015 2422 2168 2491 sede
2237 2423 2610 2512 Apostoliea

294 2532 771 2625 approbatum,
798 2533 1148 2605 emittenda
1194 2536 1518 2625 ejusmodi
1545 2542 1692 2608 vota
1717 2538 2118 2629 praescribit:
2146 2538 2276 2606 nisi
2305 2560 2607 2629 expresse

311 2647 643 2719 Romanus
691 2648 985 2719 Pontifex
1022 2651 1235 2742 quoad
1280 2650 1530 2743 aliquos
1559 2653 1886 2742 decernat,
1915 2658 2064 2723 vota
2095 2652 2223 2743 ‚illa
2265 2652 2406 2723 fore
2437 2656 2603 2724 dun-

310 2770 477 2835 taxat
502 2764 849 2858 simplicia.
870 2764 1043 2858 Ergo
1072 2768 1351 2838 rationes
1374 2789 1604 2838 omnes
1631 2774 1693 2837 et
1719 2770 2128 2841 auctoritates
2155 2767 2249 2837 ibi
2261 2768 2602 2855 adductae,

318 2888 555 2974 urgent
570 2886 765 2955 etiam
817 2904 936 2977 pro
972 2884 1377 2955 solemnitate
1395 2891 1700 2955 votorum
1725 2906 1766 2956 a
1787 2885 2148 2980 Trappistis
2169 2888 2603 2977 emissorum,

312 3020 431 3089 pro
482 3004 612 3067 toto
656 3004 965 3090 tempore,
1012 3021 1145 3090 quo
1185 3001 1369 3070 sedes
1423 3001 1792 3094 Apowlica
1845 2998 2248 3073 contrarium
2301 3024 2606 3095 etz-presse

310 3136 443 3185 non
498 3114 865 3185 declaravit.
927 3116 1355 3187 Auctoritates
1408 3122 1628 3185 autem
1675 3117 1814 3188 illae
1853 3138 1933 3187 ac
1989 3118 2294 3207 rationes,
2329 3123 2421 3188 tot
2477 3140 2600 3187 nu-

316 3250 497 3298 mero
543 3235 608 3299 et
634 3230 791 3300 tanti
850 3230 1151 3323 ponderis
1188 3236 1365 3315 sunt,
1398 3238 1472 3301 ut
1499 3232 1686 3303 nobis
1727 3234 2180 3325 peremptoriae
2207 3234 2474 3305 omnino
2505 3232 2594 3301 vi·

322 3343 616 3413 deantur.

398 3455 467 3528 3⁰
522 3457 963 3533 Confirmatur
1000 3462 1405 3553 aliquatenus
1443 3482 1524 3531 ex
1571 3460 1916 3555 privilegio
1963 3466 2394 3556 exemptionis
2425 3464 2596 3558 quod

311 3574 403 3643 eis
446 3575 751 3645 asseritur
794 3576 1050 3648 decreto
1084 3576 1244 3645 anni
1294 3576 1497 3662 1834,
1529 3599 1628 3651 n..
1665 3576 1748 3647 10
1777 3578 1924 3669 (sub
1969 3580 2299 3650 numerol
2345 3600 2600 3671 praece-

312 3690 521 3759 dentis
546 3691 939 3783 paragraphi
980 3690 1413 3783 transcripto).
1461 3690 1776 3774 Quamvis
1823 3694 2006 3767 enim
2063 3694 2357 3765 absolute
2397 3694 2596 3787 possit

314 3808 750 3897 congregatio,
808 3808 881 3875 in
935 3828 1063 3898 qua
1100 3807 1424 3899 simplicia
1479 3808 1792 3878 duntaxat
1841 3816 1988 3879 vota
2037 3811 2453 3899 emittuntur,
2515 3809 2594 3879 ab

309 3920 807 3994 Ordinariorum
855 3923 1311 4016 jurisdictione
1360 3924 1583 4008 eximi,
1633 3924 1700 3994 id
1757 3930 1976 3996 tamen
2021 3946 2156 3997 non
2209 3926 2374 3998 solet
2422 3924 2578 3993 fieri.

312 4034 481 4107 Cum
528 4058 685 4129 ergo
737 4062 911 4110 anno
960 4037 1133 4110 1834
1184 4040 1466 4132 exempti
1517 4039 1824 4111 declarati
1870 4041 2143 4131 fuerint,
2193 4042 2456 4132 signum
2492 4042 2584 4108 est

307 4158 466 4223 tunc
490 4156 801 4246 temporis
838 4156 1154 4227 solemnia
1192 4156 1550 4227 existimata
1575 4156 1774 4225 fuisse
1793 4178 2026 4227 eorum
2057 4166 2225 4228 vota.

405 4268 683 4358 Objicies
732 4272 823 4340 1⁰.
854 4306 945 4325 -
974 4270 1065 4340 Ex
1100 4272 1289 4341 citato
1334 4270 1588 4339 decreto
1633 4270 1792 4338 anni
1851 4271 2050 4359 1837,
2101 4276 2354 4343 constat
2395 4267 2588 4341 absti-

310 4380 601 4472 nendum
634 4384 959 4453 censuisse
980 4371 1358 4453 'Romanum
1385 4382 1768 4453 Pontificem
1795 4403 1834 4454 a
1853 4384 2218 4457 dirimenda
2255 4387 2370 4457 illa
2401 4406 2580 4477 qure-
