2834 4959
1123 341 1274 392 PARS
1311 343 1529 394 mnu.
2338 340 2363 394 1
2382 339 2461 395 09

189 461 507 534 difficilior
545 459 767 530 evadit
807 461 946 532 hec
985 464 1209 534 eadem
1247 470 1543 558 quaestio,
1600 466 1715 541 ubi
1758 467 1975 556 agitur
2001 466 2083 534 de
2118 475 2265 538 voto
2308 471 2465 540 obe-

185 579 465 648 dientiae.
497 577 672 646 Nam
699 578 914 668 quoad
955 578 1083 650 duo
1123 582 1250 652 alia
1276 591 1447 670 vota,
1481 589 1657 653 extra
1700 583 2195 652 controversiam
2238 585 2463 656 saltem

181 704 272 768 est
315 698 618 788 proprius
655 694 1084 766 solemnitatis
1121 697 1406 769 effectus.
1472 697 1593 768 Per
1636 703 1861 767 votum
1911 717 2147 790 nempe
2192 721 2315 791 pau
2323 723 2464 792 per-

181 811 360 890 tatis,
409 811 463 878 si
502 809 792 878 sol-ne
840 810 948 893 sit,
991 810 1221 880 induci
1271 809 1765 904 incapacitatem
1816 809 2119 895 dominii,
2164 814 2461 884 unanimi

188 949 510 997 consensu
557 932 787 995 tenent
833 926 1141 996 doctores.
1194 927 1358 997 Item
1407 931 1540 998 voti
1598 929 1903 997 solemnis
1956 929 2261 999 castitatis
2308 931 2465 1002 effe-

197 1050 346 1112 ctus
367 1050 562 1112 certus
599 1048 666 1110 et
695 1039 1052 1112 indubium
1079 1045 1344 1133 signum
1377 1050 1494 1130 est,
1538 1043 1911 1114 inhabilitas
1954 1044 2033 1112 ad
2059 1044 2269 1114 valide
2298 1067 2461 1116 con-

197 1159 576 1227 trahendum
631 1159 1156 1246 matrimonium,
1206 1167 1269 1228 et
1321 1158 1729 1228 matrimonii
1770 1161 1909 1249 jam
1964 1161 2299 1247 contracti,
2350 1164 2460 1232 sed

201 1275 482 1344 nondum
531 1265 994 1358 consummati,
1041 1273 1396 1344 dissolutio,
1456 1275 1576 1343 Ast
1625 1275 1837 1364 quoad
1880 1283 2103 1344 votum
2148 1275 2456 1348 obedien-

199 1391 322 1478 tiae,
365 1411 496 1459 non
523 1391 684 1458 item
722 1389 1116 1459 concordant
1159 1389 1447 1458 doctores
1490 1392 1557 1458 in
1604 1391 1989 1480 assignando
2029 1391 2249 1482 aliquo
2284 1395 2461 1483 ejus-

187 1504 354 1574 modi
395 1503 662 1589 efl'ectu,
719 1503 834 1594 qui
881 1503 1348 1572 solemnitatem
1397 1507 1540 1594 ejus
1588 1507 1948 1586 necessario
1974 1515 2458 1598 ·consequatur,

181 1629 240 1692 et
281 1643 416 1714 quo
483 1624 700 1689 careat
748 1619 924 1688 idem
973 1626 1200 1688 votum
1247 1620 1510 1712 quando
1589 1619 1864 1713 simplex
1920 1629 2233 1692 remanet.
2294 1623 2463 1692 Hinc

183 1739 364 1828 plana
397 1759 510 1806 res
551 1756 686 1805 non
715 1741 810 1802 est
831 1735 1182 1804 discrimen
1211 1737 1539 1825 assignare
1566 1735 1837 1826 simplex
1884 1737 2049 1804 inter
2074 1743 2139 1806 et
2172 1738 2461 1810 solemne

185 1853 560 1922 obedientias
607 1855 861 1934 votnm,
909 1854 976 1920 et
1015 1851 1446 1918 determinare
1494 1851 1559 1917 in
1615 1871 1744 1939 quo
1790 1850 2053 1951 proecise
2094 1852 2461 1948 reponenda

191 1969 272 2034 sit
309 1967 596 2058 ejusdem
639 1965 773 2034 voti
803 1965 1190 2034 solemnitas.
1223 1964 1354 2034 Nos
1394 1967 1465 2034 in
1506 1966 1627 2034 hac
1674 1965 2052 2033 excutienda
2090 1963 2464 2036 difficultate

191 2082 460 2152 Suaresii
501 2083 922 2168 sententiam,
965 2103 1113 2172 quae
1159 2081 1579 2151 communior
1620 2079 1844 2168 evasit,
1896 2099 2265 2170 sequemur.
2316 2077 2461 2161 Quo

187 2207 561 2288 praenotato,
585 2201 696 2285 sit,

265 2313 650 2385 Psorosrrio
675 2315 760 2382 1⁸.
798 2353 888 2366 -
917 2313 1070 2384 Nisi
1093 2311 1385 2380 obstaret
1400 2312 1703 2404 positiva
1741 2311 2059 2380 Ecclesioe
2092 2311 2459 2402 dispositio,

179 2445 392 2520 posset
427 2430 808 2520 reliqiosus,
834 2450 970 2496 non
989 2428 1292 2496 obstante
1315 2439 1467 2494 voto
1498 2426 1920 2509 obedientias,
1942 2425 2161 2496 valide
2188 2438 2253 2495 et
2279 2424 2462 2496 inde-

189 2545 544 2634 pendente»-
569 2569 613 2612 a
637 2544 974 2636 superiore
1003 2565 1148 2622 suo,
1174 2563 1305 2610 sese
1327 2542 1631 2631 obliqare
1650 2543 1856 2610 variis
1876 2543 2456 2634 pmmissionibus,

203 2675 346 2732 tum
365 2687 530 2755 crya
547 2669 772 2750 Deum,
807 2675 952 2732 tum
989 2685 1148 2754 crya
1185 2661 1504 2730 homines.
1538 2697 1629 2714 -
1666 2661 1998 2750 Imprimis
2023 2668 2319 2732 accurate
2352 2661 2463 2731 de-

203 2777 674 2846 terminandum
707 2783 802 2848 est
827 2779 908 2846 de
947 2776 1190 2868 quibus
1213 2773 1756 2866 promissionibus
1785 2795 2078 2865 agamus.
2127 2775 2460 2866 Supponi-

178 2888 350 2961 'mus
391 2915 528 2964 rem
557 2896 930 2986 promissam
980 2915 1114 2961 esse
1163 2893 1246 2962 de
1292 2913 1358 2960 se
1406 2892 1743 2959 honestam
1802 2916 1818 2957 ε
1874 2890 2164 2980 alioquin
2198 2891 2277 2956 de
2311 2891 2463 2979 jure
2538 2911 2561 2933 ⁸

201 3013 472 3083 naturali
521 3010 798 3078 invalida
835 3009 1007 3078 ‘foret
1051 3007 1414 3099 promissio,
1463 3013 1535 3074 ut
1586 3013 1781 3098 patet.
1830 3006 1989 3075 ltem
2035 3001 2471 3096 supponimus

194 3147 324 3194 rem
359 3128 753 3220 promissam
789 3146 922 3193 non
967 3123 1286 3192 adversari
1334 3128 1497 3196 voto.
1526 3122 1913 3212 paupertatis
1951 3147 1967 3189 ε
2020 3119 2076 3188 si
2124 3119 2465 3210 religiosus

199 3243 588 3330 promitteret
615 3240 1030 3309 donationem
1053 3238 1330 3326 alicujus
1358 3236 1500 3324 agri
1528 3257 1596 3304 se
1621 3240 2065 3324 accepturum,
2098 3233 2280 3303 irrita
2304 3234 2465 3304 foret

197 3359 550 3445 promissio,
579 3361 806 3448 utpote
835 3356 914 3424 de
941 3373 1036 3438 re,
1068 3375 1214 3444 quae
1240 3353 1364 3444 ipsi
1393 3352 1476 3420 ob
1510 3360 1733 3420 votum
1768 3352 2156 3442 paupertatis
2178 3351 2341 3421 facta
2369 3359 2463 3422 est

193 3471 425 3542 illicita.
477 3473 644 3542 ltem
687 3471 1118 3562 supponimus
1161 3489 1302 3536 rem
1349 3466 1733 3558 promissam
1773 3485 1907 3533 non
1948 3465 2272 3536 adversari
2317 3471 2462 3534 voto

189 3590 486 3658 castitatis
529 3612 548 3656 t
599 3588 655 3657 si
695 3583 1028 3676 religiosus
1074 3583 1472 3674 promitteret
1523 3582 2034 3666 matrimonium,
2080 3578 2259 3649 irrita
2303 3578 2465 3648 foret

189 3705 564 3789 promissio,
627 3707 700 3770 ut
745 3707 938 3792 patet.
991 3699 1154 3767 Item
1207 3697 1641 3789 supponimus
1691 3697 1759 3764 id
1805 3696 1980 3786 quod
2036 3692 2458 3786 promittitur,

193 3839 320 3885 non
365 3819 569 3888 fuisse
621 3838 662 3886 a
715 3816 940 3906 regula
992 3822 1104 3883 aut
1154 3810 1595 3904 superioribus
1676 3812 1967 3902 legitime
2024 3807 2456 3900 prohibitum;

192 3933 344 4022 quia
413 3953 600 4003 secus
657 3931 996 4024 promissio
1063 3929 1226 3998 soret
1277 3929 1358 3996 de
1410 3949 1481 3996 re
1534 3925 1781 3996 illicita.
1844 3925 1925 3994 Et
1978 3923 2235 3990 tandem
2300 3941 2460 4012 sup-

193 4049 496 4136 ponimus
535 4071 653 4142 per
705 4046 1196 4140 promissionem
1249 4043 1509 4113 nullum
1559 4041 1707 4112 laedi
1748 4042 1858 4131 jus
1902 4037 2300 4122 monasterii,
2353 4043 2465 4106 aut

195 4165 538 4255 cujuslibet
604 4163 866 4234 alterius
918 4183 1244 4255 personoe;
1319 4181 1473 4229 cum
1546 4157 1823 4228 dubium
1896 4153 2167 4223 minime
2230 4153 2311 4222 sit
2364 4159 2461 4222 ta-

197 4277 320 4348 lem
373 4279 874 4372 promissionem
899 4329 918 4366 ‚
974 4283 1192 4368 utpote
1249 4277 1557 4366 injustam
1588 4322 1607 4356 ,
1664 4271 1797 4338 lore
1857 4269 1996 4361 ipso
2058 4270 2223 4340 iacto
2280 4268 2461 4340 inva-

201 4389 412 4464 hdam.
