2834 4959
1103 377 1258 426 mns
1303 377 1567 436 omnm.
2346 375 2469 434 573

166 497 516 586 oriundos,
552 497 836 567 sufficiet
881 517 1140 568 merum
1185 497 1641 570 testimonium
1698 499 2103 590 negativum,
2160 521 2315 571 cum
2376 507 2466 575 ita

166 612 606 695 declaraverit
643 611 862 687 Sixtus
904 613 986 698 V,
1034 613 1104 682 in
1147 613 1487 704 posteriori
1532 635 1651 684 sua
1699 615 2173 686 constitutione.
2246 619 2317 687 4·
2362 617 2474 690 Ad

161 731 554 819 quaesitum,
585 750 680 796 an
705 727 872 796 actis
886 727 1176 819 publicis
1196 739 1449 797 mist·
1468 729 1925 821 postulantem
1952 745 2335 802 accusatum
2360 735 2469 804 vel

163 843 588 935 inquisitum
609 844 838 934 finisse,
875 841 958 910 oh
983 840 1755 934 homicidiumffurtum,
1780 857 1935 934 etc„
1952 846 2193 916 sufficit
2230 851 2469 939 pariter

161 981 202 1028 a
235 960 514 1030 testibus
549 958 952 1050 responderi,
985 980 1054 1028 se
1083 959 1336 1029 nullam
1363 960 1559 1030 talem
1586 964 2063 1032 accusationem
2092 969 2210 1032 aut
2234 965 2464 1055 inqui-

161 1074 480 1144 sitionem
500 1096 792 1163 noscere,
827 1075 1020 1145 modo
1043 1074 1243 1146 simul
1271 1067 1721 1167 profiteantur,
1752 1080 1931 1147 nosci
1958 1100 1999 1145 a
2026 1100 2097 1148 se
2124 1081 2461 1169 postulan-

166 1195 310 1259 tem
353 1196 416 1259 et
455 1211 674 1260 mores
705 1192 876 1282 ejus.
904 1187 1176 1260 Notetur
1209 1197 1430 1260 autem
1468 1193 1549 1262 de
1582 1192 1737 1263 solis
1764 1193 2157 1264 criminibus
2184 1195 2463 1287 publicis

169 1325 314 1376 non
357 1309 576 1374 autem
609 1305 692 1375 de
725 1305 1025 1392 occultis,
1073 1305 1507 1376 necessarium
1550 1327 1711 1396 esse,
1738 1329 1813 1378 ex
1864 1309 2005 1400 lege
2047 1307 2319 1398 Sixtina,
2357 1313 2463 1380 in-

173 1421 680 1510 terrogationem
713 1426 775 1490 et
799 1420 1316 1512 responsionem.
1341 1421 1412 1490 5⁰
1439 1421 1543 1491 Ad
1570 1425 1947 1513 quaesitum,
1980 1447 2073 1492 an
2092 1425 2181 1493 sit
2206 1423 2468 1518 inqenti

170 1557 312 1604 oere
338 1535 568 1606 alieno
604 1547 928 1628 qravatus
962 1547 1027 1605 et
1061 1533 1380 1605 solvendo
1424 1535 1671 1629 impar,
1704 1539 1977 1608 sufficiet
2017 1543 2173 1608 item
2230 1543 2285 1609 si
2331 1563 2467 1612 res-

181 1651 510 1741 pondeant
577 1655 788 1736 testes,
837 1651 964 1720 sibi
1033 1671 1449 1740 nequaquam
1504 1650 1859 1722 innotuisse
1905 1654 2079 1744 quod
2131 1656 2463 1746 postulans

171 1769 244 1834 in
283 1765 398 1836 tali
427 1765 800 1836 conditione
838 1771 1151 1849 versetur,
1187 1763 1489 1854 quamvis
1518 1767 1738 1855 ipsum
1784 1777 2130 1857 pernotum
2152 1770 2454 1840 habeant.

172 1880 244 1948 6ο
278 1881 380 1949 Ad
422 1879 770 1972 quaesitum
831 1901 924 1948 cm
967 1879 1054 1948 sit
1093 1877 1440 1948 reddendis
1482 1880 1855 1949 rationibus
1904 1880 2253 1971 obnoxiae,
2304 1899 2421 1954 etc.
2434 1938 2453 1975 ‚

173 1995 468 2064 sufficiet
515 1993 844 2086 responsio
885 1998 958 2062 ut
1001 1995 1080 2062 ad
1113 1995 1501 2086 praecedenS.
1537 1997 1602 2064 7⁰
1643 1995 1749 2064 Ad
1783 1999 2135 2086 quaesitum
2172 2021 2265 2067 an
2310 2002 2459 2070 reli-

173 2119 448 2208 qionem
501 2115 768 2209 inqredi
816 2118 981 2187 velit
1015 2139 1098 2186 ex
1144 2117 1444 2188 humano
1487 2119 1761 2207 motivo,
1794 2131 1947 2209 etc„
1978 2121 2213 2212 procul
2258 2123 2457 2192 dubio

175 2233 456 2304 sufficiet
505 2235 954 2303 testimoninm
1009 2236 1413 2324 negativum,
1448 2255 1579 2324 quo
1630 2257 1865 2326 nempe
1898 2241 2082 2306 testes
2116 2236 2451 2309 affirment

178 2350 301 2420 sibi
335 2369 752 2441 nequaquam
789 2351 1154 2420 innotuisse
1183 2371 1452 2439 pravam
1494 2349 1701 2420 unam
1744 2351 2127 2444 postulantis
2150 2354 2457 2426 intentio-

174 2487 354 2536 nem.
393 2491 429 2536 ι(
467 2464 656 2552 Quia,
687 2465 907 2556 inquit
955 2463 1316 2552 Sunt-esim,
1347 2487 1471 2536 nec
1510 2465 1632 2536 Dei
1668 2465 1941 2552 vocatio,
1977 2487 2097 2538 nec
2152 2468 2455 2559 religiosa

179 2607 214 2648 ι(
241 2581 516 2654 intentio
534 2586 738 2672 potest
759 2581 907 2651 aliis
921 2581 1010 2650 ite
1033 2603 1170 2650 esse
1195 2586 1368 2660 nota,
1387 2581 1551 2650 utde
1576 2581 1690 2650 illa
1720 2585 1965 2670 possint
1986 2584 2451 2656 affirmativum

179 2722 214 2766 ε(
239 2697 688 2770 testimonium
711 2698 900 2768 ferre.
932 2697 1097 2786 »(Ds
1119 2696 1494 2788 Reliqione,
1518 2702 1675 2768 tom.
1704 2695 1773 2783 3,
1803 2696 1849 2766 l.
1871 2698 1939 2782 5,
1972 2721 2031 2766 c.
2072 2701 2180 2781 10,
2214 2723 2282 2766 n.
2318 2702 2451 2792 16.)

169 2813 236 2884 8⁰
268 2813 380 2884 Ad
408 2815 782 2904 quaesitum,
815 2837 908 2883 an
939 2825 1384 2905 spontaneum
1425 2811 1515 2880 sit
1557 2810 1977 2903 postulantis
2024 2815 2451 2903 propositum

168 2928 568 3022 reliqiouem
601 2929 1041 3021 inqrediendi,
1071 2929 1352 2999 sufficiet
1394 2950 1433 2996 a
1474 2925 1739 2996 testibus
1774 2926 2149 3016 responderi
2187 2925 2449 2998 nullum

171 3045 290 3115 sibi
333 3045 736 3116 innotescere
773 3044 1128 3137 postulanti
1175 3044 1429 3114 illatam
1462 3041 1839 3114 violentiam
1864 3048 1975 3110 eut
2010 3043 2442 3125 coaotionem;

167 3161 366 3230 modo
411 3159 718 3250 adjiciant
763 3159 928 3230 bene
979 3159 1157 3229 nosci
1190 3181 1229 3228 a
1279 3180 1348 3229 se
1390 3158 1849 3251 postulantem.
1881 3157 2050 3230 Cum
2074 3159 2255 3228 enim
2286 3180 2448 3228 con·-

169 3276 434 3368 tingem-
464 3275 688 3367 possit,
719 3282 794 3346 ut
837 3275 1170 3367 postulans
1215 3279 1482 3360 secreto,
1514 3273 1739 3342 insciis
1762 3274 2097 3364 omnibus,
2125 3274 2209 3344 ab
2230 3273 2449 3367 aliquo

168 3363 242 3459 aii
285 3389 678 3480 religionem
749 3388 1194 3480 compellatur,
1245 3386 1471 3457 nullus
1532 3408 1827 3478 unquam
1884 3389 2059 3458 testis
2112 3398 2317 3480 posset
2368 3392 2446 3460 de

167 3503 458 3576 absentia
513 3505 865 3574 coactionis
911 3502 1380 3572 affirmativum
1417 3503 1863 3574 testimonium
1904 3503 2195 3575 absolute
2240 3507 2439 3588 ferre3

170 3621 342 3691 unde
397 3641 653 3690 necesse
693 3625 790 3688 est
835 3626 906 3688 ut
937 3619 1218 3688 sufficiat
1263 3617 1342 3686 de
1379 3619 1507 3687 hoe
1550 3619 1989 3689 testimonium
2036 3621 2440 3709 negativum,

165 3756 322 3805 cum
341 3735 650 3826 praedicta
674 3733 755 3802 de
783 3734 1144 3825 postulante
1167 3732 1398 3802 notitia
1426 3735 1569 3824 conj
1580 3739 1877 3804 unctum.

248 3852 462 3920 Noto.
485 3849 746 3919 —Cum
773 3847 1096 3940 ejusmodi
1121 3847 1655 3938 interrogationes
1678 3839 1815 3918 non
1842 3850 1975 3919 sint
1989 3853 2127 3938 jam
2150 3869 2442 3920 necessa-

167 3968 284 4037 riae
309 3965 390 4036 ad
415 3966 814 4036 validitatem
853 3965 1264 4034 adnnssionis
1307 3969 1373 4033 et
1411 3969 1649 4034 secutae
1674 3963 2114 4054 professionis,
2152 3963 2265 4064 sesi
2302 3973 2442 4034 ten-

166 4087 304 4152 tum
331 4082 414 4151 ed
440 4080 810 4163 nouitatem,
841 4080 900 4148 si
943 4078 1275 4168 contingat
1317 4077 1587 4148 difficile
1634 4077 1867 4148 haberi
1910 4084 2093 4148 testes
2119 4081 2233 4170 qui
2266 4086 2441 4150 certo

163 4197 590 4267 sufficientem
637 4195 1124 4287 responsionem
1183 4194 1266 4262 ad
1317 4195 1541 4262 omnia
1600 4195 1753 4264 dare
1800 4194 2075 4278 valeant,
2148 4216 2281 4265 non
2342 4196 2438 4264 vi·-

161 4307 350 4381 detur
389 4312 769 4404 scrupulose
814 4309 1142 4400 agendum
1184 4335 1200 4376 ι
1257 4329 1411 4378 nam
1458 4307 1577 4376 ubi
1618 4309 1699 4377 de
1756 4311 2091 4401 praeccptis
2142 4311 2440 4382 ecclesia·

165 4426 333 4497 stiois
367 4429 609 4518 agitur,
637 4447 865 4498 verum
889 4445 1144 4516 semper
1165 4430 1459 4493 remanet
1484 4424 1779 4514 generale
1802 4427 2233 4518 principium,
2256 4426 2313 4522 ej
2323 4451 2436 4500 us-
