2834 4959
424 351 549 406 256
998 359 1336 407 TRACTATUS
1381 361 1460 408 m:
1495 361 1644 407 ³1:11ss
1689 359 2100 410 REGULAmUM.

420 478 559 548 licae
598 480 949 550 licentiam.
1006 481 1074 549 ld
1106 481 1173 549 in
1224 483 1466 549 caeteris
1497 481 1693 550 etiam
1742 482 2116 572 regionibus
2162 484 2422 572 exsequi
2461 489 2668 557 animo

416 595 803 664 revolvebat.
858 596 1045 677 Quod
1094 603 1333 679 tamen,
1390 602 1598 664 morte
1636 598 1829 687 paulo
1881 604 2025 689 post
2065 604 2304 684 secuta,
2361 621 2486 668 non
2527 624 2668 692 per-

418 709 591 778 fecit.
2764 773 2765 786 ,

506 823 588 892 ΙΙ.
622 828 968 894 Decretum
992 827 1067 891 S.
1103 825 1650 915 Conqreqationis
1675 847 1871 917 super
1890 825 2243 918 disciplina
2263 829 2555 918 requlari
2573 831 2669 901 de-
2764 899 2765 910 ,

406 954 701 1034 putatoe.
754 981 847 996 —
870 941 993 1011 Die
1038 942 1121 1012 23
1158 943 1470 1012 februarii
1499 944 1669 1012 1717
1707 943 1946 1032 prodiit
1975 943 2190 1014 italico
2238 945 2541 1017 idiomate
2570 951 2672 1019 de-

420 1066 665 1127 cretum
702 1060 977 1149 praefatae
1022 1057 1574 1147 CongregationiS,
1631 1059 1808 1149 quod
1851 1060 1924 1127 in
1963 1059 2165 1128 latina
2203 1057 2437 1148 lingua
2469 1065 2559 1131 sic
2585 1083 2673 1132 re·

419 1170 540 1238 fert
588 1169 875 1240 Ferraris
906 1169 1081 1261 (voce
1138 1170 1542 1254 Οοηυθηταε,
1589 1176 1710 1241 art.
1769 1170 1832 1260 1,
1875 1191 1944 1240 n.
1995 1169 2152 1260 35):
2193 1195 2230 1236 ε(
2253 1169 2668 1244 Generalibus

426 1313 462 1354 a
497 1289 803 1356 ordinum
832 1294 1175 1358 renovatur
1216 1289 1572 1380 prohibitio
1613 1289 1770 1357 alias
1809 1289 2106 1380 injuncta
2138 1309 2270 1358 non
2299 1293 2672 1380 procedendi
2764 1311 2765 1372 ξ

426 1427 459 1468 a
490 1403 571 1470 ad
615 1403 1063 1472 fundationem
1112 1423 1436 1472 novorum
1489 1409 1936 1474 conventuum
2000 1411 2063 1471 et
2111 1406 2672 1493 monasteriorum,
2764 1395 2765 1402 ἵ

424 1541 461 1582 α
492 1517 663 1584 intra
706 1515 955 1586 ltaliam
984 1539 1059 1586 ac
1100 1517 1345 1586 insulas
1392 1518 1778 1607 adjacentes,
1809 1519 1942 1588 nisi
1989 1519 2170 1610 prius
2197 1527 2543 1590 conventus
2583 1522 2674 1589 vel

426 1653 460 1696 tt
498 1633 869 1700 monasterii
916 1631 1237 1702 fundandi
1288 1632 1663 1701 reddituum
1729 1633 2114 1704 sufficientia
2167 1639 2230 1704 et
2275 1633 2676 1706 subsistentia
2764 1621 2765 1626 ἵ

424 1773 457 1812 «
486 1770 705 1818 coram
734 1772 913 1820 sacra
938 1750 1450 1841 Congregatione
1462 1752 1814 1842 justificata
1831 1751 2046 1820 fuerit.
2078 1776 2116 1816 ι
2224 1747 2230 1754 ’

500 1869 611 1939 111.
644 1869 737 1938 Ex
789 1871 1139 1961 praemissis
1178 1871 1702 1962 dispositionibus
1749 1871 1890 1940 haec
1933 1870 2314 1940 deducenda
2337 1870 2672 1941 videntur:

419 1982 477 2048 1ο
522 1981 656 2050 Nec
708 1983 881 2050 licite
918 2005 1038 2051 nec
1066 1982 1271 2052 valide
1317 1989 1524 2073 potest
1564 1983 1729 2071 erigi
1771 2003 1978 2050 novus
2023 1979 2480 2070 religiosorum
2525 2001 2674 2050 con·
2764 2007 2765 2020 ¹

418 2102 639 2163 ventus
694 2097 766 2163 in
821 2096 1003 2164 ltalia
1051 2103 1114 2163 et
1166 2095 1610 2186 adjacentibus
1680 2095 1938 2182 insulis,
1993 2095 2156 2184 quin
2201 2115 2556 2186 expressam
2611 2096 2676 2162 in

414 2210 665 2299 scriptis
731 2210 1057 2279 licentiam
1122 2211 1300 2278 sedes
1356 2209 1722 2300 Apostolica
1785 2209 2189 2280 concesserit.
2255 2209 2323 2278 2⁰
2400 2210 2675 2280 Licentia
2764 2243 2765 2298 5

410 2324 547 2391 haec
588 2343 721 2392 non
766 2325 1141 2392 conceditur
1180 2326 1308 2394 nisi
1348 2324 1538 2414 prius
1565 2346 1745 2394 sacra
1777 2324 2204 2416 Congregatio
2249 2327 2330 2393 ad
2379 2327 2456 2394 id
2497 2325 2675 2418 depu-
2764 2301 2765 2318 ³

410 2443 537 2504 tata
584 2457 725 2504 rem
770 2438 1251 2521 examinaverit,
1306 2443 1368 2507 et
1416 2439 1540 2529 ipsi
1587 2439 1942 2510 constiterit
1989 2461 2166 2510 veros
2212 2461 2348 2508 esse
2391 2447 2464 2508 et
2511 2439 2677 2508 suffi-
2764 2431 2765 2434 ’

410 2552 647 2620 cientes
690 2558 1047 2622 conventus
1072 2575 1184 2623 seu
1241 2554 1619 2622 monasterii
1673 2555 1968 2645 erigendi
2013 2553 2322 2624 redditus.
2375 2553 2452 2623 3ο
2501 2553 2674 2626 secus
2764 2615 2765 2624 2

409 2667 573 2738 facta
628 2669 862 2738 erectio
902 2675 998 2738 est
1046 2669 1183 2760 ipso
1230 2671 1380 2758 jure
1433 2671 1642 2752 irrita,
1695 2675 1758 2737 et
1819 2676 2172 2738 conventus
2225 2691 2494 2738 necnon
2545 2689 2675 2759 per-

408 2797 581 2848 sonae
610 2781 681 2846 in
722 2802 795 2848 eo
842 2779 1141 2868 degentes
1168 2779 1504 2850 Ordinarii
1532 2780 1916 2850 correctioni
1952 2787 2014 2846 et
2053 2780 2456 2850 omnimodae
2491 2779 2674 2872 juris·
2764 2831 2765 2876 3

408 2887 675 2959 dictioni
703 2890 1063 2981 subjacent.
1099 2891 1163 2960 4⁰
1200 2888 1525 2980 Disposita
1563 2892 1634 2960 in
1666 2889 1848 2960 bulla
1897 2889 2374 2960 Instaurandae
2427 2913 2564 2960 non
2589 2888 2676 2957 vi·
2764 2919 2765 2924 1

410 2998 643 3070 dentur
694 3006 1007 3094 attingere
1082 3005 1393 3074 moniales
1416 3058 1436 3090 ,
1501 3006 1612 3075 sed
1683 3005 1990 3075 duntaxat
2048 3005 2346 3074 virorum
2399 3005 2674 3074 ordines.

408 3115 575 3186 Nam
628 3127 1056 3210 praeterquam
1116 3120 1288 3210 quod
1358 3120 1541 3188 nulla
1597 3120 1760 3189 inest
1807 3141 2102 3212 expressa
2153 3120 2233 3188 de
2293 3117 2680 3188 monialibus

412 3232 681 3314 mentio,
732 3233 801 3298 in
848 3231 970 3300 hoc
1017 3251 1209 3299 sensu
1256 3231 1776 3300 constitutionem
1812 3230 2122 3300 intellexit
2163 3229 2536 3318 Fagnanus,
2570 3229 2680 3318 qui
2764 3239 2765 3288 ἐ

414 3364 557 3414 eam
596 3346 1070 3436 compilaverat.
1122 3345 1378 3415 Putavit
1416 3361 1682 3438 nempe.
1723 3351 1919 3438 prout
1955 3367 2151 3438 supra
2185 3345 2500 3426 vidimus,
2548 3363 2681 3412 eam

414 3459 494 3529 ad
522 3461 835 3532 moniales
862 3483 994 3532 non
1014 3461 1291 3532 extendi.
2422 3553 2430 3560 ι
2764 3537 2765 3556 ¹

501 3577 715 3668 Atque
744 3579 917 3648 idem
944 3585 1114 3648 tenet
1138 3577 1442 3647 Ferrante
1479 3575 1852 3668 (Elementa
1859 3576 2041 3668 juris
2069 3573 2396 3660 canonici,
2423 3598 2491 3667 p.
2531 3569 2642 3640 14¹
2661 3620 2679 3655 ,
2764 3579 2765 3644 3

414 3693 566 3762 edit.
600 3693 817 3764 Romae
850 3693 1047 3783 1854)
1078 3721 1093 3763 :
1148 3719 1180 3758 (ι
1220 3693 1375 3762 Haec
1403 3700 1618 3762 autem
1655 3692 1982 3783 requisita,
2012 3692 2252 3780 inquit,
2284 3690 2506 3759 locum
2549 3708 2680 3755 non

391 3819 463 3879 ἀ
490 3814 728 3886 habent
766 3816 837 3882 in
880 3815 1226 3883 fundandis
1254 3814 1546 3905 hospitiis
1587 3812 2012 3904 regularium,
2047 3811 2146 3880 vel
2175 3811 2483 3880 domibus
2521 3829 2671 3878 con-
2764 3841 2765 3866 i

426 3955 461 3994 α
488 3931 879 4020 gregationis
916 3930 1296 3998 clericorum
1332 3928 1772 4014 saecularium‚
1808 3927 1914 3997 vel
1933 3926 2340 3997 monasteriis
2367 3943 2683 4017 quarum-
2764 3931 2765 3958 ³

425 4069 461 4112 ι(
494 4067 749 4136 cunque
776 4045 1211 4118 monialium:
1248 4067 1363 4137 pro
1407 4047 1487 4114 iis
1513 4043 1692 4114 enim
1730 4043 2036 4116 omnibus
2065 4043 2308 4114 sufficit
2341 4040 2682 4113 auctoritas

423 4187 459 4230 t<
486 4161 809 4232 Ordinarii
839 4164 955 4254 (1).
986 4189 1022 4231 ιο
1447 4155 1450 4158 ’

478 4333 546 4392 (1)
578 4331 825 4394 Iosephus
858 4333 1113 4396 Ferrante,
1154 4345 1285 4384 anno
1331 4335 1450 4385 1803
1478 4334 1579 4384 vita
1617 4331 1841 4393 functus,
1877 4332 1963 4392 jus
1991 4341 2194 4384 sacrum
2235 4328 2406 4381 Roma
2429 4325 2611 4376 docuit
2635 4322 2688 4370 tn

418 4417 685 4469 Academia
702 4421 971 4480 sapientiai.
