2834 4959
431 256 466 311 6
1002 264 1340 315 ’ΠΙΑΕΤΑΤῙῘδ
1385 268 1465 314 ΒΕ
1504 267 1655 317 JURE
1700 265 2113 313 REGULARIUM.

407 412 468 449 .α
493 392 726 455 matus.
769 410 802 451 η
840 384 1158 455 Caeterum
1185 385 1235 453 si
1266 388 1412 475 quis
1452 394 1835 479 praesentem
1870 392 2152 453 nostram
2190 388 2694 477 propositionem

423 500 710 590 rejiciat,
771 507 833 570 et
905 500 1091 569 malit
1147 506 1383 569 statum
1434 501 1648 570 dicere
1712 499 2227 592 permanentiam
2278 501 2690 589 quamlibet,

422 617 673 685 etiamsi
699 638 774 686 ex
805 617 1088 685 carentia
1137 617 1511 684 mutationis
1552 621 1678 687 tota
1709 617 2065 707 proveniat,
2110 638 2245 685 non
2272 617 2333 685 ei
2360 617 2693 707 negotium

419 730 848 819 facessemu83
894 729 1004 799 sed
1042 750 1521 820 praemonemus
1562 736 1799 798 statum
1834 730 2104 821 proprie
2131 729 2385 799 dictum
2432 752 2471 799 a
2508 731 2699 801 nobis

418 845 490 914 in
514 846 637 915 hoc
673 850 944 915 tractatu
973 866 1104 913 non
1131 844 1435 934 intelligi,
1482 843 1612 913 nisi
1652 843 2067 913 stabilitatem
2110 866 2185 916 ex
2222 865 2413 913 causa
2438 868 2699 937 perma-

419 950 635 1050 nente,
689 968 754 1029 et
787 983 919 1032 non
962 959 1144 1031 facile
1183 959 1515 1043 mutabili;
1571 965 1637 1028 et
1682 981 1832 1028 cum
1884 958 2141 1029 laudato
2176 958 2501 1043 Suarezio,
2548 988 2583 1027 α
2628 968 2701 1032 ut
2819 990 2820 1007 ἢ

425 1099 461 1139 α
491 1070 622 1145 nori
645 1076 726 1145 sit
767 1074 1047 1145 dubium
1071 1074 1152 1143 de
1189 1074 1621 1165 ambiguitate
1660 1076 1863 1163 vocis,
1910 1075 2336 1166 supponimus
2358 1078 2430 1145 in
2455 1076 2583 1145 hae
2608 1076 2697 1145 si-

427 1218 461 1256 «
490 1192 897 1283 gnifieatione
942 1212 1166 1261 vocem
1205 1190 1388 1261 illam
1420 1192 1489 1259 in
1542 1190 1840 1282 praesenti
1882 1191 2153 1261 materia
2200 1194 2399 1261 sumi.
2430 1216 2466 1258 n
2502 1192 2701 1281 (Loco

419 1306 668 1395 citato.)

503 1421 694 1502 Quod
723 1428 934 1493 autem
967 1420 1138 1490 dicta
1175 1420 1350 1491 vocis
1393 1432 1618 1490 status
1663 1422 2104 1514 interpretatio
2135 1422 2581 1491 communiori
2604 1422 2695 1489 lo-

419 1536 660 1628 quendi
690 1538 839 1606 usui
884 1536 1178 1626 quadret,
1211 1536 1362 1606 satis
1391 1542 1563 1627 patet
1609 1559 1685 1605 ex
1724 1538 1875 1605 divo
1922 1536 2201 1623 Thoma‚
2230 1558 2427 1627 quem
2466 1538 2539 1606 in
2579 1536 2694 1604 hac

415 1674 488 1722 re
511 1652 800 1743 plerique
827 1652 1117 1721 doctores
1163 1658 1550 1742 sequuntur.
1614 1678 1649 1717 ιι
1698 1651 1801 1721 Ad
1854 1658 2121 1733 statum,
2166 1654 2404 1742 inquit,
2467 1653 2695 1741 requi-
2819 1696 2820 1701 κ

429 1792 462 1834 ι(
487 1768 654 1836 ritur
703 1767 1123 1837 immobilitas
1165 1768 1234 1835 in
1278 1789 1353 1836 eo
1403 1768 1579 1856 quod
1631 1770 1907 1858 pertinet
1943 1768 2025 1836 ad
2070 1768 2507 1837 conditionem
2550 1788 2693 1856 per·
2819 1774 2820 1777 ’

427 1908 461 1947 α
488 1904 682 1952 sonae.
711 1910 745 1950 i>
781 1884 872 1974 (2,
907 1884 976 1968 2,
1010 1906 1078 1973 q.
1112 1882 1266 1967 183,
1295 1892 1425 1953 art.
1467 1884 1529 1963 1,
1560 1882 1641 1951 ad
1666 1883 1761 1973 3.)
1789 1884 2001 1971 Atque
2028 1882 2275 1951 ibidem
2304 1884 2376 1949 in
2430 1900 2691 1973 corpore

417 1999 514 2067 sio
556 2021 696 2068 rem
743 1999 952 2089 magis
991 1998 1285 2066 enucleat
1324 2023 1341 2065 ε
1385 2024 1421 2063 ε(
1458 1998 1640 2067 Unde
1685 2003 1747 2065 et
1792 1999 1966 2067 circa
2004 1997 2299 2067 homines
2328 2017 2403 2065 ea
2428 2016 2575 2086 quae
2622 1994 2696 2061 de
2768 2072 2777 2079 ,

425 2139 463 2179 ι(
490 2114 659 2183 facili
707 2115 880 2182 circa
911 2134 1016 2181 eos
1053 2113 1388 2181 variantur
1436 2119 1500 2180 et
1527 2112 1880 2181 extrinseca
1920 2117 2096 2196 sunt,
2134 2133 2267 2181 non
2296 2111 2698 2181 constituunt

305 2280 315 2287 .
430 2254 464 2291 α
487 2232 758 2316 statum;
791 2234 970 2318 puta,
997 2224 1174 2315 quod
1197 2225 1435 2316 aliquis
1464 2226 1545 2295 sit
1593 2227 1772 2295 dives
1818 2226 1919 2295 vel
1953 2248 2223 2318 pauper,
2272 2228 2345 2295 in
2384 2227 2699 2315 dignitate

430 2344 876 2414 «constitutus
911 2342 1015 2410 vel
1049 2342 1364 2432 plebeius,
1412 2342 1513 2409 vel
1550 2342 1603 2412 si
1640 2342 1803 2432 quid
1840 2342 2020 2411 aliud
2080 2350 2175 2409 est
2230 2340 2697 2433 hujusmodi...

289 2514 300 2526 .
433 2482 467 2521 α
495 2458 617 2527 Sed
675 2458 888 2526 solum
916 2456 982 2525 id
1025 2478 1174 2525 vere
1221 2457 1302 2525 ad
1357 2461 1595 2526 statum
1630 2456 1917 2529 hominis
1972 2457 2315 2547 pertinere,
2370 2456 2553 2547 quod
2597 2474 2699 2523 re-

434 2598 468 2638 «
491 2574 681 2663 spicit
715 2572 1174 2662 obligationem
1218 2594 1507 2663 personae
1538 2572 1823 2643 hominis
1852 2572 2070 2665 (prout
2110 2572 2167 2639 si
2199 2572 2435 2661 aliquis
2476 2580 2575 2641 est
2598 2570 2701 2641 sui

433 2715 468 2755 α
487 2690 679 2779 juriS,
718 2688 819 2757 vel
859 2686 1204 2777 alicujus);
1245 2694 1309 2758 et
1342 2688 1468 2757 hoc
1505 2711 1639 2758 non
1666 2710 1748 2756 ex
1788 2688 2023 2779 aliqua
2068 2710 2267 2788 eausa
2300 2686 2448 2773 levi,
2490 2686 2603 2756 vel
2624 2683 2704 2753 de

435 2830 472 2871 α
493 2804 706 2896 facile
727 2801 1214 2888 mutabili‚'sed
1230 2826 1311 2871 ex
1331 2804 1566 2894 aliqua
1580 2814 2040 2895 permanente.
2077 2828 2112 2868 υ

515 2918 770 2990 Dictam
788 2918 1226 2989 conditionem
1229 2919 1841 3009 permanentioe‚eoe
1858 2917 2087 3008 aliqm
2114 2939 2315 2985 causa
2348 2938 2483 2985 non
2498 2913 2704 3007 facile

427 3036 767 3121 mutabili,
808 3055 1030 3104 revera
1070 3056 1320 3124 semper
1361 3054 1703 3103 occurrere
1728 3034 1801 3101 in
1824 3034 1908 3101 iis
1958 3034 2268 3104 existendi
2296 3054 2409 3100 seu
2438 3028 2701 3101 vivendi
2768 3040 2773 3045 ’

427 3151 659 3233 modis,
704 3152 818 3241 qui
844 3162 1064 3218 status
1088 3150 1304 3218 vocari
1351 3148 1579 3233 solent,
1624 3148 1898 3217 ostendit
1921 3146 2155 3217 Suarez
2190 3145 2295 3239 (de
2328 3144 2697 3236 Reliqione‚

424 3272 606 3336 tract.
636 3267 705 3352 7,
727 3266 775 3335 l.
810 3267 872 3353 1,
897 3289 956 3336 c.
991 3267 1056 3350 1,
1088 3287 1156 3333 n.
1190 3264 1232 3333 9
1265 3269 1326 3332 et
1353 3262 1544 3353 seq.).
1582 3260 1757 3330 Patet
1778 3261 1989 3353 quoad
2022 3273 2281 3333 statum
2306 3248 2648 3330 servitutis
2674 3279 2697 3325 .·

413 3384 499 3451 'in
545 3402 618 3449 eo
656 3402 888 3471 nempe
915 3387 1080 3448 statu
1126 3378 1439 3447 retinetur
1480 3398 1729 3463 servus,
1770 3378 1832 3445 vi
1862 3377 2137 3446 dominii
2164 3375 2338 3465 quod
2386 3377 2457 3443 in
2482 3376 2699 3465 ipsum

424 3497 617 3569 habet
639 3498 839 3564 herus
855 3498 1032 3591 ejus.¹
1053 3494 1216 3563 Item
1246 3495 1318 3563 in
1341 3506 1530 3562 statu
1554 3492 1888 3563 libertatis
1914 3494 2199 3563 occurrit
2226 3512 2418 3561 eausa
2446 3490 2687 3582 aliqua,

425 3612 939 3705 permanentiam
984 3606 1056 3677 in
1103 3630 1180 3678 eo
1221 3614 1390 3677 statu
1436 3608 1515 3676 de
1542 3630 1610 3677 se
1658 3608 1975 3677 inducens
2027 3630 2044 3673 ε
2090 3606 2402 3675 libertatis
2452 3604 2700 3673 scilicet

423 3724 873 3797 conservandae
908 3722 1200 3792 naturale
1253 3722 1597 3807 studium3
1656 3748 1693 3788 t<
1728 3746 1877 3814 quae
1928 3723 2189 3795 libertas
2253 3718 2491 3811 (inquit
2541 3716 2701 3787 Sua·
2819 3702 2820 3759 3

434 3866 470 3909 α
494 3863 621 3927 rez,
669 3842 810 3911 loco
856 3838 1069 3929 citato)
1115 3838 1383 3907 difficile
1430 3838 1701 3908 mobilis
1748 3846 1865 3924 est,
1906 3838 2077 3929 quod
2114 3836 2357 3906 suffieit
2389 3833 2469 3902 ad
2496 3833 2697 3902 ratio-

431 3982 467 4023 α
490 3978 643 4026 nem
667 3964 864 4027 status
891 3979 911 4041 ;
943 3955 1094 4025 licet
1131 3975 1210 4023 ex
1233 3954 1559 4023 voluntate
1607 3956 1813 4045 ipsius
1844 3953 2153 4042 hominis,
2196 3952 2295 4021 vel
2336 3952 2402 4019 in
2431 3964 2695 4041 poenam

427 4072 724 4163 «justam
750 4070 989 4141 auferri
1017 4068 1236 4161 possit.
1291 4091 1326 4131 n
1353 4070 1515 4137 Item
1540 4068 1610 4136 in
1636 4079 1823 4137 statu
1864 4067 2133 4160 peceati
2173 4068 2349 4136 adest
2384 4084 2577 4134 causa
2613 4058 2691 4127 de

417 4207 487 4257 ee
515 4186 1022 4277 permanentiam
1063 4186 1136 4255 in
1175 4204 1253 4253 eo
1303 4183 1624 4255 inducens
1664 4209 1681 4252 ι
1714 4186 2001 4277 pronitas
2028 4202 2269 4273 nempe
2295 4178 2375 4251 ad
2410 4176 2687 4252 malum,

415 4324 561 4393 quae
585 4308 922 4395 peceatum
961 4300 1234 4373 mortale
1259 4300 1629 4387 comitatur,
1682 4308 1748 4369 et
1783 4296 2269 4392 impossibilitas
2294 4292 2573 4366 exeundi
2606 4284 2690 4359 ab
