2834 4959
914 353 922 362 ·
1046 338 1196 385 imis
1222 339 1538 386 suenum.
2307 335 2422 392 27t

140 469 499 521 commune
560 448 935 518 vocandum
988 457 1147 524 tunc
1202 451 1562 541 par-ochum
1612 471 1746 520 non
1788 451 2120 545 praecipit:
2180 460 2246 522 at
2285 475 2434 526 vero

140 564 503 634 necessario
538 563 949 632 audiendum
992 585 1127 634 esse
1180 565 1568 658 parochum‚
1627 562 1683 634 si
1727 567 1964 658 agatur
2025 569 2106 640 de
2133 568 2438 658 erigenda

134 678 406 748 ecclesia
456 674 897 766 regularium,
978 677 1063 744 ob
1114 678 1464 768 specialem
1527 679 2024 770 dispositionem
2085 679 2435 752 Clementis

134 791 324 860 vlu:
378 791 457 860 in
506 795 743 860 neutro
791 795 1013 859 autem·
1048 811 1201 858 casu
1249 793 1500 880 requiri
1555 791 1822 882 parochi
1865 815 2278 864 consensum.
2335 793 2434 864 En

133 910 345 1000 ipsius
384 905 631 977 verba:
678 931 712 972 α
740 903 895 974 Haec
950 911 1045 974 est
1070 906 1205 974 sola
1259 905 1621 976 differentia
1665 909 1843 978 circa
1882 911 1994 998 jus
2047 931 2427 992 commune,

138 1053 175 1092 ε(
208 1032 275 1092 et
336 1023 611 1090 formam
658 1020 1089 1090 Clementiam
1121 1023 1339 1110 quoad
1392 1029 1772 1113 conventus,
1811 1026 1968 1116 quia
2010 1026 2255 1096 scilicet
2293 1031 2432 1118 pri-

142 1167 176 1207 α
215 1160 411 1208 mum
455 1137 723 1206 remittit
768 1137 1215 1227 cognitionem
1260 1137 1580 1231 Episcopo
1608 1140 2186 1230 extrajudicialem,
2231 1151 2294 1212 et
2335 1148 2430 1216 sic

146 1281 183 1319 ιι
214 1275 363 1322 non
390 1257 635 1320 tenetur
672 1251 965 1340 aliquem
1020 1273 1293 1322 vocare:
1348 1256 1632 1324 secunda
1684 1275 1838 1324 vero
1889 1257 2156 1326 mandat
2213 1263 2430 1328 vocari

148 1397 183 1436 α
210 1370 526 1438 imeresse
558 1367 895 1436 habentes.
952 1365 1139 1447 Unde
1171 1368 1239 1436 in
1284 1373 1564 1459 utroque
1599 1391 1750 1440 casn
1787 1372 2422 1466 proprie-‚loquendQ

145 1511 179 1552 «
210 1485 447 1554 nullus
484 1483 841 1572 requiritur
878 1503 1225 1550 consensus
1262 1483 1529 1574 parochi
1557 1506 1674 1574 pro
1727 1487 2182 1556 auctorizando
2229 1497 2420 1573 actu3

145 1602 309 1672 «sed
374 1605 629 1668 tantum
684 1597 881 1668 hahet
932 1597 1041 1666 hic
1090 1600 1203 1688 jus
1264 1599 1633 1690 opponendi
1699 1622 1814 1690 pro
1877 1621 1994 1670 suo
2075 1603 2438 1687 interesse3.

147 1743 177 1782 a
202 1723 353 1784 tum
420 1715 579 1804 quia
634 1713 845 1784 dictae.
876 1712 1365 1783 constitutiones
1435 1713 1627 1782 talem
1682 1735 2072 1786 consensum
2121 1738 2250 1788 non
2305 1719 2420 1787 de-

144 1831 526 1900 «mandant
580 1829 719 1918 (sed
768 1828 983 1898 solum
1048 1827 1454 1919 exprimunt,
1514 1833 1589 1898 ut
1663 1830 1981 1920 parochus
2035 1833 2252 1900 vocari
2305 1833 2420 1902 de-

146 1971 177 2010 α
210 1945 391 2033 beat,
418 1946 499 2013 ad
544 1945 851 2014 effectum
905 1944 1301 2034 opponendi,
1349 1949 1698 2033 quatenus,
1731 1965 1924 2012 causa
1967 1944 2248 2034 cognita,
2277 1950 2422 2033 ejus

146 2092 177 2130 α
204 2065 593 2156 praejudicio
640 2063 1065 2152 consulatur),
1118 2069 1260 2132 tum
1307 2062 1506 2133 etiam
1541 2064 1720 2154 quia,
1775 2070 2056 2134 cessante
2095 2064 2206 2132 tali
2255 2085 2422 2154 prae-

145 2211 174 2250 «
188 2186 471 2271 judicio,
526 2185 757 2274 nequit
792 2191 977 2252 actus
1000 2180 1403 2272 impugnari.
1451 2179 1890 2273 Proeterquam
1935 2185 2110 2274 quod
2163 2183 2417 2252 etiamsi

143 2325 172 2364 α
196 2305 501 2392 ageretur
551 2299 629 2368 de
687 2297 1065 2390 praejudIcio
1134 2298 1273 2389 ejus
1320 2298 1636 2383 ecclesiae,
1697 2318 1912 2390 neque
1965 2305 2176 2390 posset
2248 2319 2418 2391 prae-

144 2441 175 2482 «
204 2425 373 2484 stare
398 2436 765 2497 assensum,
816 2414 969 2503 quia
1024 2395 1268 2503 saperet
1318 2414 1770 2484 alienationem
1816 2414 2074 2504 jurium
2120 2415 2416 2485 ecclesia-

144 2559 173 2594 «
204 2534 610 2600 eticorum...
684 2527 873 2600 Unde
922 2528 1263 2598 corollarie
1328 2529 1732 2619 procedendo
1787 2530 1858 2597 in
1932 2530 2058 2600 hac
2133 2553 2229 2618 re,
2299 2525 2415 2622 p'ro

142 2675 177 2712 u
196 2647 521 2716 erectione
580 2643 867 2714 ecclesiae
934 2643 1283 2723 saecularis,
1346 2663 1482 2711 non
1525 2643 1879 2731 requiritur
1931 2645 2150 2712 citatio
2221 2667 2414 2734 paro-

146 2785 183 2825 α
212 2759 353 2847 chi,
404 2779 611 2848 neque
660 2777 1057 2842 consensus3
1114 2757 1228 2826 sed
1286 2761 1540 2824 tantum
1605 2759 1811 2844 potest
1875 2776 1942 2821 se
1991 2778 2314 2846 opponere
2356 2760 2411 2824 si

29 2865 31 2868 ’
148 2901 185 2940 ι(
216 2874 585 2962 cognoverit
628 2877 769 2964 ejus
845 2872 1332 2964 praejudicium,
1390 2875 1456 2939 et
1509 2867 1698 2972 debet
1737 2866 1952 2938 audiri
2009 2872 2148 2957 ejus
2207 2892 2410 2960 oppo-

149 3015 185 3056 α
216 2991 381 3060 sitio.
428 2987 503 3058 ln
560 2988 932 3059 fundatione
974 2995 1197 3056 tamen
1250 2986 1652 3076 regularium
1729 2981 2175 3069 ecclesiarum,
2227 2984 2412 3052 debet

146 3107 569 3176 «necessario
609 3103 821 3187 citari,
883 3109 945 3172 et
1005 3123 1194 3172 causa
1266 3100 1660 3191 judicialiter
1735 3098 2060 3191 expediri3
2137 3105 2200 3167 et
2245 3121 2408 3188 qua-

148 3245 181 3284 «
210 3228 388 3290 tenus
432 3241 573 3288 non
622 3218 992 3288 dissenserit
1062 3217 1407 3308 parochus,
1480 3215 1672 3285 datur
1725 3215 2084 3284 executioni
2151 3212 2408 3282 licentia

148 3360 183 3398 α
216 3337 583 3427 Apostolica
613 3359 633 3403 ε
669 3335 831 3406 alias
860 3334 951 3425 (1)
994 3339 1197 3426 potest
1243 3332 1587 3426 appellare.
1635 3355 1670 3398 n
1709 3328 1905 3421 (Loco
1947 3330 2164 3418 citato,
2197 3352 2265 3399 n.
2319 3329 2406 3401 32

134 3458 201 3520 εἰ
220 3454 540 3636 saffiram
570 3561 1189 3655 Schmalzqrueber.
1237 3597 1325 3614 --
1366 3585 1403 3626 α
1432 3558 1886 3650 Requiritur...
1925 3555 1995 3627 3⁰
2032 3563 2102 3625 ut
2147 3557 2406 3626 accedat

138 3704 173 3743 ι(
194 3701 547 3752 consensus
618 3680 912 3772 parochi,
966 3676 1069 3748 vel
1124 3676 1390 3767 capituli
1426 3699 1432 3706 ·
1463 3696 1659 3766 penes
1718 3673 1891 3766 quod
1955 3671 2188 3740 residet
2248 3691 2404 3738 cura
2497 3717 2511 3724 -

136 3817 171 3858 α
196 3797 594 3886 annuarum,
642 3803 707 3865 et
756 3797 931 3863 intra
990 3795 1185 3884 cujus
1248 3790 1573 3882 parochiae
1632 3789 1874 3859 limites
1931 3785 2398 3856 monasterium

136 3937 171 3976 αι
210 3911 659 3982 aedificandum
676 3918 857 3982 est...
902 3907 1142 3999 Estque
1174 3908 1284 3976 hic
1320 3905 1480 3976 adeo
1508 3907 1930 3991 necessarius,
1959 3910 2032 3973 ut
2057 3902 2298 3991 absque
2326 3921 2402 3968 eo

138 4048 173 4088 ι
204 4025 499 4098 fundatio
514 4033 663 4098 novi
694 4025 1069 4100 monasterii
1095 4044 1229 4092 non
1258 4023 1671 4093 sustineatur.
1713 4019 2192 4112 Pignatellus...
2221 4041 2255 4081 n
2297 4015 2398 4106 (In

136 4141 389 4214 titulum
410 4143 529 4230 36,
555 4143 713 4216 libri
748 4142 789 4224 3
820 4141 1281 4228 meramnum,
1304 4160 1377 4210 n.
1409 4135 1554 4230 35.)

204 4407 269 4464 (1)
284 4403 336 4456 ld
352 4413 446 4474 est,
459 4411 503 4461 sl
531 4407 785 4474 parochus
805 4405 936 4459 nolit
950 4406 1287 4471 acquiescere.
