2834 4959
1079 346 1230 393 rans
1274 347 1489 394 rium.
2297 349 2417 404 179

181 467 480 542 nonnullis
517 466 721 535 etiam
749 466 1024 534 incautis
1051 466 1386 536 catholicis
1417 467 1621 534 menti
1660 467 1990 552 insederit,
2019 469 2199 540 haud
2228 494 2421 562 prava

50 669 52 674 ,
177 591 232 658 in
255 586 426 679 praxi
453 588 854 652 nocumenta
873 582 1142 650 excitare
1179 583 1364 652 facile
1397 582 1621 651 valeat.

245 698 448 768 Suum
498 695 732 787 (aiunt)
769 702 1028 788 tempus
1069 697 1326 766 ordines
1376 697 1474 766 iui
1520 698 1932 790 expleverunt
1974 699 2089 791 (ils
2136 713 2253 770 ont
2286 705 2429 794 fait

175 815 304 884 leur
345 811 618 903 temps);
671 812 900 902 vixque
947 833 1054 882 eos
1093 814 1236 902 jam
1282 814 1745 892 modernorum
1791 815 2179 905 populorum
2218 840 2427 888 mores

177 931 510 1020 patiuntur.
557 925 772 1014 Hujus
816 947 936 1018 ego
969 929 1190 996 asserti
1237 929 1513 998 rationes
1558 921 1928 1018 exquirens,
1982 931 2232 1000 nullam
2281 955 2429 1022 quae

179 1044 342 1112 serio
372 1041 617 1110 obtendi
647 1041 870 1129 valeat,
907 1043 1087 1132 potui
1124 1045 1505 1135 perspicere.
1550 1044 1691 1112 Imo
1718 1044 1841 1134 ipsi
1874 1046 1989 1135 qui
2026 1047 2431 1137 objiciuntur

179 1159 622 1228 modernorum
671 1157 1064 1248 populorum
1104 1181 1314 1228 mores
1359 1159 1623 1228 utiliora
1664 1160 1984 1248 ejusmodi
2024 1164 2427 1250 regularium

183 1276 448 1344 instituta
471 1280 778 1364 arguunt.

269 1395 420 1476 Quid
461 1396 636 1464 enim
675 1393 1004 1464 hodiernis
1037 1395 1292 1488 populis
1333 1399 1699 1486 proprium,
1738 1400 1793 1467 si
1832 1421 1985 1468 cum
2026 1401 2431 1491 superiorum

173 1519 524 1602 temporum
573 1509 868 1580 moribus
908 1511 1359 1580 conferantur?
1395 1511 1598 1582 Multo
1633 1515 1825 1584 latius
1870 1513 2105 1586 diffusa
2145 1516 2431 1596 haeresis,

175 1627 600 1710 incredulitas,
641 1632 705 1695 et
740 1627 822 1694 de
864 1626 1056 1694 rebus
1095 1626 1176 1694 ad
1221 1627 1493 1694 salutem
1532 1629 1769 1698 animae
1814 1630 2291 1719 pertinentibus
2321 1633 2430 1699 in-

173 1744 342 1812 curia
381 1769 400 1811 2
441 1741 620 1832 apud
660 1743 830 1831 ipsos
871 1741 1218 1811 catholicos
1245 1743 1471 1810 minus
1509 1741 1723 1811 vivida
1760 1744 1917 1812 fides
1959 1769 1976 1811 ι
2032 1749 2159 1835 maj
2174 1767 2249 1813 or
2282 1769 2431 1814 sen-

177 1863 440 1930 sualium
475 1861 880 1950 voluptatum
915 1860 1188 1930 inhiatio
1222 1884 1239 1928 :
1291 1859 1673 1950 profundior
1712 1861 1785 1927 in
1822 1882 1923 1928 res
1957 1869 2243 1930 terrenas
2286 1865 2434 1930 vitae

181 1980 604 2050 intellectualis
659 1979 1017 2048 immersio.
1070 1979 1161 2046 At
1197 1979 1299 2046 vel
1335 1999 1413 2045 ex.
1458 1977 1594 2045 istis
1640 1975 1885 2045 morbis
1926 1977 2187 2047 utiliora
2223 1979 2439 2071 profe-

179 2105 296 2181 cto,
325 2099 448 2166 sire
473 2095 864 2185 antiquiora,
911 2095 1046 2162 sive
1081 2093 1441 2163 recentiora
1464 2090 1868 2182 regularium
1896 2091 2217 2160 instituta.
2250 2091 2436 2174 Quod

178 2223 244 2282 ut
263 2221 484 2306 pateat,
525 2213 736 2283 varias
776 2209 1094 2301 ejusmodi
1137 2211 1583 2278 institutorum
1616 2208 1845 2302 classes
1874 2211 2183 2299 tantisper
2210 2230 2439 2278 recen-

179 2352 439 2400 scamus.

255 2444 418 2515 Vitae
464 2443 978 2535 contemplativae
1025 2441 1310 2510 addictos
1351 2441 1633 2526 ordines,
1690 2437 1867 2506 verbi
1915 2438 2121 2528 gratia
2164 2439 2441 2509 Carthu-

177 2560 406 2645 sianos,
443 2583 558 2630 cur
591 2559 856 2651 (quaeso)
899 2558 980 2627 de
1023 2555 1235 2625 medio
1261 2555 1453 2624 hodie
1498 2554 1809 2622 tollendos
1850 2555 2133 2623 asseris?
2170 2555 2277 2624 An
2328 2556 2441 2624 ho-

179 2677 286 2744 die
329 2678 540 2744 minus
593 2699 782 2767 quam
833 2674 988 2744 olim
1033 2673 1186 2764 ipsis
1231 2671 1545 2760 religiosis
1600 2673 1872 2758 prosunt
1914 2671 2192 2756 jejunia,
2247 2671 2436 2738 silen-

183 2793 376 2872 tium,
433 2791 769 2876 austeritas,
838 2788 1046 2858 divini
1099 2785 1298 2858 officii
1356 2783 1738 2864 decantatio,
1814 2782 2105 2870 angelica
2166 2783 2437 2850 demum

187 2905 480 2975 orationis
509 2911 572 2974 et
590 2904 950 2975 solitudinis
981 2903 1150 2970 vita?
1178 2903 1285 2970 An
1315 2899 1536 2968 minus
1566 2895 1757 2965 hodie
1788 2915 1985 2985 quam
2022 2893 2182 2962 olim
2230 2895 2443 2964 Eccle-

187 3022 290 3092 siae
351 3021 554 3108 utiles,
613 3023 728 3113 qui
793 3019 961 3090 sicut
1017 2997 1287 3106 Moyses,
1343 3016 1414 3083 in
1467 3017 1687 3081 monte
1755 3009 2023 3080 brachia
2086 3009 2166 3076 ad
2228 3009 2441 3080 Deum

185 3139 544 3222 attollentes,
595 3126 902 3206 deofsum
953 3130 1398 3227 pugnantibus
1435 3128 1773 3197 victoriam
1812 3125 2217 3216 impetrent?
2266 3125 2440 3193 Num

181 3253 256 3320 ad
283 3253 644 3325 excitandos
683 3275 720 3320 e
751 3248 1193 3319 materialismi
1235 3245 1551 3333 lethargia
1591 3241 1863 3333 populos
1910 3239 2161 3308 validus
2200 3241 2444 3309 clamor

183 3367 362 3438 hodie
407 3392 542 3438 non
591 3369 714 3436 erit
764 3365 1157 3457 stupendum
1213 3361 1376 3429 illud
1424 3361 1745 3437 virorum,
1801 3355 2018 3424 saeculi
2077 3355 2319 3426 divitiis
2381 3366 2443 3426 et

181 3483 602 3575 voluptatibus
639 3478 1160 3562 valedicentium,
1200 3481 1264 3544 et
1299 3473 1380 3542 ad
1416 3465 1723 3563 perpetua
1764 3469 1967 3539 eremi
1998 3471 2253 3540 silentia
2280 3491 2435 3538 con-

185 3597 591 3690 fugientium,
622 3593 1038 3688 exemplum?

261 3715 402 3786 Jam
433 3719 491 3785 si
525 3716 610 3783 de
649 3713 730 3781 iis
768 3717 1022 3802 agatur,
1052 3711 1165 3799 qui
1207 3711 1322 3775 aut
1363 3705 1633 3773 mixtam
1672 3703 1872 3770 vitam
1915 3707 2263 3784 sectantur,
2318 3701 2448 3768 vel·

187 3831 280 3897 uti
327 3815 764 3900 Benedictinae
824 3827 1090 3898 familioe
1147 3825 1389 3914 plures,
1451 3818 1929 3905 cistercienses,
1990 3815 2442 3904 Carmelitani3

187 3951 294 4013 aut
345 3947 614 4014 activam
672 3965 788 4013 seu
836 3939 1273 4034 apostolicam,
1332 3942 1405 4005 ut
1456 3934 2115 4012 praemonstratenses,
2175 3928 2446 4000 Franci-

189 4060 384 4146 mni,
449 4059 864 4130 Dominicani
917 4063 982 4126 et
1033 4055 1338 4141 Jesuitae3
1392 4051 1577 4141 quid,
1633 4070 1774 4131 oro,
1827 4045 2136 4129 occurrit,
2192 4067 2267 4114 ex
2318 4069 2447 4136 quo

195 4178 406 4246 minus
463 4178 657 4248 hodie
723 4195 924 4267 quam
983 4169 1288 4268 anteactis
1342 4165 1743 4257 temporibus
1804 4161 1993 4227 utiles
2043 4159 2449 4230 existimandi

200 4291 372 4359 sint?
409 4293 514 4361 An
547 4295 668 4362 hos
711 4290 862 4360 ideo
901 4287 1209 4357 arcendos
1249 4290 1463 4374 putaS,
1510 4277 1682 4368 quod
1728 4273 2063 4341 saeculares
2100 4273 2453 4344 sacerdotes

205 4407 400 4495 magis
439 4415 617 4499 aptos
669 4425 924 4476 censeas
975 4397 1419 4471 convertendis
1460 4401 1522 4463 et
1558 4390 1787 4482 pietate
1840 4385 2267 4457 informandis
2312 4410 2453 4456 mo-
