2834 4959
425 376 557 433 286
1010 379 1351 429 macrinus
1396 377 1478 426 ΒΕ
1521 377 1671 425 mm
1717 377 2140 426 anonumum

421 506 775 588 decretum,
816 503 1138 592 injustum
1187 498 1471 592 parocho
1506 497 1828 568 damnum
1879 497 2221 568 inferatur.
2266 497 2466 587 Ergo,
2508 501 2567 568 si
2597 521 2708 570 va-

416 619 575 688 leret
628 618 793 686 ratio
854 613 1225 704 Pignatelli‚
1294 613 1869 705 praerequireretur
1936 613 2161 699 etiam,
2219 635 2334 704 pro
2401 615 2710 684 dismem-

417 733 669 805 branda
717 729 1051 824 parochia,
1108 749 1464 800 consensus
1518 727 1805 821 parochi.
1869 725 1949 796 Et
1993 733 2215 798 tamen
2267 739 2512 799 certum
2571 735 2701 814 est,

424 850 701 920 minime
723 849 969 938 requiri
992 867 1381 916 consensum
1428 843 1648 933 illum,
1680 850 1871 936 prout
1897 850 2210 934 tanquam
2253 844 2698 916 indubitatum

420 965 689 1034 tradunt
708 983 935 1033 omnes
964 963 1121 1053 (non
1142 968 1402 1053 excepto
1424 959 1802 1050 Pignatello)
1826 959 2136 1028 doctores.
2167 959 2377 1028 Potest
2393 959 2704 1031 duntaxat

420 1071 745 1163 parochus
770 1068 1095 1162 appellare
1140 1088 1179 1134 a
1205 1068 1456 1137 decreto
1497 1064 2126 1148 dismembrationis;
2167 1064 2430 1158 sed-stat
2473 1067 2702 1137 decre-

426 1194 567 1257 tum
620 1185 813 1271 illud,
866 1183 1158 1276 quandiu
1228 1203 1340 1273 per
1392 1181 1691 1272 superius
1757 1181 2050 1250 tribunal
2103 1179 2520 1252 annullatum
2573 1204 2700 1252 non

429 1303 641 1372 fuerit.

515 1413 819 1487 Secunda
844 1414 1047 1483 ratic.
1082 1449 1168 1465 -
1198 1412 1385 1484 Illam
1419 1411 1704 1480 desumit
1729 1409 2123 1500 Pignatellus
2149 1432 2226 1480 ex
2251 1433 2418 1503 saepe
2445 1434 2702 1482 memo-

426 1536 581 1602 ratis
602 1531 951 1601 Clementis
968 1527 1119 1600 Vlll
1141 1527 1377 1609 verbis,
1400 1539 1468 1596 et
1488 1527 1643 1596 aliis
1658 1527 1964 1596 interesse
1983 1527 2366 1597 habentibus
2388 1549 2416 1596 .·
2445 1553 2482 1594 α
2499 1527 2700 1610 Quod

434 1673 472 1715 a
507 1653 725 1717 autem
780 1644 1039 1737 (inquit)
1092 1663 1131 1711 a
1184 1643 1752 1713 constitutionibus
1813 1664 1946 1711 non
2003 1644 2290 1732 exigatur
2341 1663 2704 1714 consensus

439 1783 474 1826 a
515 1756 778 1850 parochi
828 1757 958 1824 sive
1028 1754 1319 1848 capituli,
1373 1755 1610 1823 falsum
1661 1761 1777 1824 est.
1829 1777 1864 1820 ιι
1925 1752 2009 1822 Et
2079 1759 2416 1844 postquam
2469 1753 2704 1822 citavit

428 1873 779 1947 Clementis
832 1870 979 1942 Vlll
1018 1871 1568 1953 constitutionem,
1621 1867 2002 1958 subiungit:
2059 1895 2096 1935 α
2143 1867 2407 1938 Certum
2447 1869 2698 1961 quippe

436 2017 471 2057 α
508 1999 600 2059 est
630 1987 839 2058 verbis
869 1985 1025 2073 illis,
1061 1997 1125 2054 et
1166 1984 1327 2053 aliis
1356 1965 1668 2054 interesse
1691 1981 2109 2069 habentibus,
2149 1984 2550 2075 parochum,
2575 1985 2702 2053 sive

435 2133 471 2172 α
500 2104 861 2196 capitulum
898 2101 1247 2190 collegiatae
1292 2101 1391 2168 vel
1437 2100 1844 2185 cathedralis,
1893 2099 2396 2190 intelligendum
2442 2119 2604 2169 esse.
2659 2123 2693 2163 n

428 2217 642 2308 (Tom.
700 2217 763 2300 1,
810 2216 1087 2287 consult.
1126 2215 1279 2300 179,
1308 2238 1379 2283 n.
1410 2213 1554 2305 68.)
1587 2213 1660 2282 ln
1699 2215 1877 2284 hisce
1907 2219 2038 2284 tam
2077 2215 2310 2284 validis
2337 2214 2704 2284 assertioni-

427 2332 553 2400 bus
624 2330 949 2400 evidenter
1018 2331 1257 2398 erravit
1328 2329 1755 2418 Pignatellus,
1823 2337 1884 2397 et
1963 2329 2232 2420 quidem
2303 2327 2696 2421 dupliciter:

433 2448 495 2514 1⁰
526 2443 666 2514 Sub
694 2445 797 2512 his
828 2442 1038 2512 verbis
1064 2455 1130 2511 et
1160 2441 1315 2510 aliis
1342 2443 1648 2512 interesse
1671 2443 2068 2514 habentibus
2095 2445 2576 2536 comprehendi
2601 2467 2706 2537 pa-

430 2561 738 2649 rochum,
785 2581 1195 2653 nequaquam
1249 2569 1343 2632 est
1382 2573 1658 2651 certum,
1711 2569 1788 2630 ut
1827 2567 2052 2634 asserit
2091 2565 2394 2655 praefatus
2439 2575 2698 2654 auctor,

428 2677 540 2746 sed
580 2689 1075 2747 controversum
1097 2697 1129 2762 ;
1166 2685 1357 2769 prout
1392 2698 1588 2769 supra
1621 2677 2060 2770 probavimus.
2109 2679 2177 2748 2⁰
2217 2677 2472 2748 Erravit
2519 2682 2710 2750 insu-

428 2815 566 2883 per,
623 2813 973 2862 consensus
1035 2793 1299 2884 parochi
1372 2793 1812 2861 necessitatem
1879 2795 2212 2882 arguendo
2269 2816 2345 2862 ex
2403 2793 2710 2864 Clemen-

426 2911 508 2976 tis
536 2906 682 2978 vlu
716 2907 1195 2978 constitutione.
1234 2906 1405 2988 Quid
1437 2909 1617 2978 enim
1654 2908 1774 2976 hac
1799 2909 2254 2979 constitutione
2279 2909 2656 2982 decernitur
2675 2913 2706 2976 ‘i

438 3047 473 3087 α
498 3024 821 3092 Locorum
869 3021 1243 3092 ordinarios
1287 3044 1421 3091 non
1474 3044 1655 3114 posse
1701 3023 2032 3094 licentiam
2074 3025 2152 3094 ad
2183 3046 2382 3095 novos
2419 3048 2709 3096 conven-

438 3161 471 3202 α
500 3143 603 3206 tus
646 3135 983 3227 erigendos
1024 3137 1369 3228 impertiri,
1400 3136 1535 3206 nisi
1569 3138 1814 3206 vocatis
1847 3149 1914 3206 et
1953 3137 2200 3209 auditis
2248 3151 2698 3209 conventuum

436 3275 471 3316 α
486 3251 829 3340 prioribus
850 3273 964 3320 seu
978 3250 1557 3344 procuratoribus,
1588 3262 1653 3320 et
1689 3251 1847 3322 aliis
1881 3254 2187 3324 interesse
2215 3253 2636 3325 habentibus.
2663 3281 2700 3322 s

428 3362 702 3452 Demus,
735 3368 856 3434 suh
898 3367 1149 3436 ultimis
1196 3368 1407 3435 verbis
1449 3366 1910 3460 comprehendi
1953 3372 2284 3461 parochos.
2329 3371 2506 3453 Quid
2553 3393 2706 3442 con·

424 3479 607 3549 cludi
627 3489 836 3572 posset
852 3483 885 3552 ⁶?
902 3482 1041 3553 Hoc
1066 3479 1279 3553 solum
1296 3507 1313 3550 ε
1337 3481 1662 3554 vocandos
1679 3496 1742 3553 et
1753 3483 2118 3556 audiendos
2135 3487 2328 3558 etiam
2354 3489 2698 3580 parochos.

426 3594 515 3664 At
559 3593 957 3685 Pignatellus
998 3597 1191 3667 infert
1236 3602 1672 3668 necessarium
1727 3603 1998 3691 parochi
2047 3625 2460 3673 consensum.
2517 3603 2704 3673 Unde

424 3711 629 3801 ipsius
678 3712 1077 3782 ratiocinatio
1122 3713 1283 3782 huic
1326 3716 1667 3804 aequivalet
1701 3737 1718 3782 ε
1783 3716 1862 3786 Vi
1911 3717 2343 3788 Clementinae
2384 3718 2710 3789 constitu·

428 3829 627 3898 tionis
670 3828 955 3898 vocandi
977 3840 1044 3898 et
1092 3828 1413 3898 audiendi
1431 3840 1591 3898 sunt
1618 3831 1819 3900 etiam
1851 3834 2136 3922 parochi
2151 3855 2182 3918 ;
2208 3857 2360 3926 erqo
2411 3858 2704 3905 necessa-

426 3944 567 4011 rius
594 3954 691 4012 est
728 3943 1029 4034 ipsorum
1055 3965 1423 4013 consensus.
1470 3943 1543 4014 ln
1573 3967 1704 4035 quo
1729 3946 2064 4016 ratiocinio
2113 3949 2270 4017 adeo
2306 3950 2574 4020 evidens
2615 3953 2703 4016 est

427 4059 875 4150 consequentis
915 4057 1178 4139 falsitas,
1228 4066 1301 4127 ut
1350 4060 1598 4127 mirum
1652 4061 1735 4129 sit
1781 4061 1864 4130 ab
1901 4061 2150 4132 erudito
2190 4065 2524 4155 canonista
2561 4083 2708 4154 per-

426 4181 711 4267 spectam
752 4195 895 4244 eam
928 4195 1059 4243 non
1092 4174 1308 4244 fuisse.
1348 4174 1443 4244 Ex
1487 4195 1563 4243 eo
1604 4175 1776 4267 quod
1817 4177 1964 4268 quis
1992 4179 2231 4271 praevio
2256 4179 2594 4250 vocandus
2641 4183 2704 4245 et

426 4285 795 4358 audiendus
837 4289 944 4377 sit,
998 4309 1409 4380 nequaquam
1451 4291 1744 4380 sequitur
1769 4293 2019 4382 requiri
2053 4295 2258 4386 ipsius
2285 4315 2696 4366 consensum·

426 4398 637 4470 Potest
664 4421 898 4492 nempe
944 4403 1045 4472 lex
1080 4403 1512 4474 ecclesiastica
1559 4425 1676 4496 pro
1719 4405 1936 4476 valore
1972 4414 2151 4479 actus
2181 4412 2509 4502 requirere
2536 4429 2702 4500 prae·
