2834 4959
369 349 492 402 592
909 385 918 403 .
951 355 1292 404 moruus
1335 355 1416 403 m:
1460 355 1610 402 :nnn
1654 353 2068 403 namnum.

365 484 614 545 certum
667 483 764 546 est
819 483 883 546 et
941 477 1106 546 nulli
1159 479 1609 546 controversiae
1670 476 2054 544 obnoxium.
2115 473 2369 545 Constat
2418 481 2651 569 capite

365 592 772 681 Beneficium
807 594 900 685 (4,
927 592 1007 662 de
1049 593 1509 684 Reqularihus,
1552 593 1623 660 in
1674 593 1769 683 6),
1809 593 1877 660 in
1922 613 2055 682 quo
2088 592 2183 660 sic
2214 591 2589 664 decernitur
2620 621 2643 666 z

377 733 412 772 α
439 706 843 776 Beneficium
901 708 1076 776 iltius
1135 711 1248 797 qui
1301 707 1683 796 religionem
1740 707 2111 797 ingreditur
2162 727 2297 774 non
2334 716 2426 776 est
2466 710 2651 779 intra

375 848 410 888 tt
437 823 832 912 probationis
861 845 1108 892 annum
1137 824 1331 892 aticui
1359 823 1850 892 conferendum.
1876 847 1913 886 n

457 936 830 1007 Pnorosmo
867 937 978 1006 11⁸.
1007 975 1098 988 --
1127 939 1280 1008 Non
1307 948 1527 1026 potest
1554 936 1941 1026 beneficium
1972 936 2220 1004 novitii
2240 948 2409 1004 ante
2438 937 2663 1027 ipsius

363 1053 840 1145 professionem
865 1053 1066 1120 alteri
1089 1053 1406 1143 conferri,
1438 1051 1899 1143 quamtumvis
1922 1050 2312 1141 bmeficium
2338 1049 2543 1120 illud
2556 1075 2659 1120 re-

367 1167 763 1258 siqnaverit.
797 1205 888 1220 -
911 1171 1070 1238 Nam
1099 1169 1495 1236 renuntiatio
1547 1165 1865 1234 beneficio
1906 1187 2043 1234 non
2092 1165 2279 1234 aliter
2330 1165 2655 1235 effectum

371 1306 564 1356 suum
607 1284 825 1354 sortiri
874 1288 1075 1374 potest
1117 1303 1318 1371 quam
1367 1281 1761 1350 renuntiatio
1816 1280 2004 1348 bonis
2038 1279 2550 1371 temporalibus3
2582 1281 2649 1348 id

371 1405 488 1480 est,
523 1400 647 1467 nisi
675 1405 920 1468 servata
953 1419 1067 1488 per
1108 1396 1565 1466 Tridentinum
1610 1394 1937 1466 decretum
1976 1395 2189 1487 (initio
2221 1397 2644 1487 praecedentis

373 1513 599 1602 capitis
647 1511 951 1599 relatum)
1005 1513 1370 1600 praescripta
1415 1513 1670 1580 forma:
1724 1512 1881 1601 quia
1934 1511 2033 1601 (ut
2078 1511 2267 1598 infra,
2322 1532 2652 1600 paragra-

374 1627 504 1718 pho
532 1624 601 1714 3,
637 1625 1006 1715 probamus)
1043 1624 1146 1693 lex
1177 1625 1286 1692 illa
1321 1624 1701 1696 Tridentina
1732 1633 2071 1718 utramque
2094 1627 2651 1694 renuntiationem

373 1763 555 1832 aeque
601 1742 858 1832 attingit
895 1767 910 1809 :
985 1742 1092 1810 sed
1143 1743 1530 1812 renuntiatio
1574 1741 1762 1811 bonis
1820 1741 2273 1832 temporalibus
2320 1739 2647 1809 effectum

375 1877 568 1926 suum
591 1857 804 1924 sortiri
841 1857 1090 1946 nequit,
1125 1857 1249 1925 nisi
1287 1868 1511 1924 secuta
1550 1857 1955 1948 professione
1983 1879 2005 1925 .-
2056 1877 2209 1943 ergo
2240 1877 2353 1925 nec
2384 1877 2653 1924 renun-

375 1972 552 2040 tiatio
577 1972 928 2040 beneficiis.

465 2087 838 2155 Puorosmo
895 2087 1035 2154 ΠΡ.
1067 2125 1156 2138 -
1183 2091 1485 2154 Dur-ante
1536 2086 1905 2156 novitiatus
1962 2099 2293 2179 tempore,
2346 2087 2661 2176 beneficii

374 2200 748 2287 functiones
782 2213 848 2268 et
875 2223 1082 2269 onera
1104 2202 1300 2270 alteri
1322 2202 1796 2271 committenda
1822 2217 2006 2290 sunt,
2038 2206 2379 2297 assiquata
2404 2202 2547 2294 ipsi
2574 2227 2663 2272 ea:

371 2314 702 2403 fructibus
741 2315 1040 2406 beneficii
1076 2317 1379 2406 portione
1415 2339 1733 2408 conqrua.
1766 2357 1851 2370 -
1888 2318 2153 2388 Constat
2194 2319 2381 2386 citato
2434 2320 2662 2409 capite

381 2428 769 2518 beneficium
812 2429 904 2519 (4,
959 2429 1039 2496 de
1089 2429 1556 2522 Reqularibus)
1594 2435 1663 2502 in
1702 2455 1833 2523 quo
1870 2435 1963 2502 sic
2003 2433 2367 2504 decernitur
2400 2457 2419 2502 ε
2466 2458 2503 2496 ιι
2533 2432 2662 2502 ln·-

385 2571 418 2606 «
451 2547 634 2611 terim
671 2543 880 2612 eidem
925 2544 1235 2613 beneficio
1266 2569 1377 2636 per
1422 2547 1625 2616 alium
1670 2548 1975 2618 deserviri
2006 2549 2289 2634 debebit,
2326 2551 2657 2638 assignata

389 2687 422 2724 α
449 2659 572 2728 sibi
600 2683 884 2751 congrua
906 2661 983 2730 de
1007 2665 1210 2756 ipsius
1239 2663 1653 2756 proventibus
1682 2667 1995 2756 portione.
2030 2689 2065 2731 n

469 2776 834 2845 Pnorosmo
861 2777 994 2847 ΙΨ.
1018 2817 1111 2832 --
1139 2781 1406 2848 Dictam
1414 2779 1795 2869 portionem
1815 2801 2185 2871 conqruam
2208 2779 2657 2848 determinare

366 2888 658 2978 pertinet
707 2887 800 2955 ad
843 2889 1276 2980 Episcopum.
1331 2925 1422 2939 -
1470 2889 1561 2957 lta
1624 2890 1911 2960 doctores
1952 2893 2415 2960 communiter.
2484 2889 2657 2959 Vide

377 3007 548 3093 apud
577 3003 865 3071 Ferraris
889 3006 1069 3094 (voce
1100 3005 1515 3088 NovitiatuS‚
1551 3026 1617 3075 n.
1652 3005 1789 3096 25).

471 3117 842 3187 Pnorosrrno
871 3118 983 3188 Ψ.
1009 3157 1098 3170 -
1125 3119 1391 3186 Residui
1428 3121 1689 3208 fructus
1732 3119 2031 3210 beneficii
2041 3134 2203 3212 post
2223 3121 2518 3190 solutam
2542 3120 2661 3188 di-

379 3246 556 3299 ctam
575 3255 966 3323 conqruam,
978 3235 1361 3303 reservandi
1374 3247 1553 3316 sunt,
1573 3247 1638 3303 et
1650 3236 2043 3307 restituendi
2050 3237 2294 3306 novitio
2306 3235 2365 3302 si
2370 3237 2660 3324 profes-

377 3346 633 3413 sionem
677 3370 813 3416 non
861 3349 1078 3440 faciat
1103 3373 1129 3414 .·
1169 3351 1226 3416 si
1261 3372 1409 3417 vero
1436 3351 1913 3442 professionem
1946 3353 2205 3443 fecerit,
2236 3373 2346 3420 nec
2376 3347 2455 3416 de
2492 3349 2657 3418 illis

375 3487 465 3532 an
473 3475 576 3532 tea
591 3461 1458 3556 disposueaeit‚acquiruntur
1468 3467 1897 3552 monasteri0‚
1902 3469 2113 3558 juxta
2124 3489 2429 3536 commun
2437 3465 2653 3534 iorem

375 3579 794 3647 sententiam.
837 3617 926 3630 —
953 3579 1028 3646 Id
1069 3581 1557 3652 auctoritatibus
1590 3584 1918 3652 firmatum
1958 3584 2103 3652 vide
2158 3580 2330 3672 apud
2358 3580 2654 3650 Feri-aris

383 3695 546 3783 (loco
561 3695 770 3779 citato,
789 3716 828 3759 n
842 3745 856 3761 .
879 3693 1012 3783 26).
1037 3692 1332 3764 Diximus
1353 3699 1607 3787 acquiri
1624 3699 2020 3768 monasterio
2042 3698 2327 3768 residuos
2348 3698 2601 3766 fructus
2626 3719 2649 3766 z

379 3807 444 3875 id
477 3808 785 3900 intellige,
828 3809 952 3876 nisi
997 3813 1463 3880 monasterium
1508 3813 1591 3880 sit
1638 3815 1907 3904 incapax
1960 3815 2327 3905 possidendi
2367 3815 2437 3881 in
2466 3835 2649 3882 com·

377 3925 591 4010 muni,
646 3931 840 4015 prout
889 3931 1042 3992 sunt
1089 3933 1440 3994 conventus
1494 3927 2014 4018 capuccinorum
2076 3937 2138 3998 et
2191 3929 2516 4000 Minorum
2560 3927 2647 3994 de

376 4040 802 4129 observantia,
833 4042 986 4130 quia
1015 4047 1172 4109 tunc
1199 4042 1565 4134 applicandi
1602 4051 1755 4112 sunt
1792 4046 2077 4115 ecclesiae
2118 4045 2218 4114 vel
2246 4044 2447 4115 causis
2482 4041 2641 4130 piis.

375 4157 650 4245 Insuper
685 4157 967 4224 diximus
1005 4159 1190 4247 juxta
1231 4161 1749 4228 communiorem
1782 4161 2211 4229 sententiam.
2246 4143 2405 4230 Narn
2456 4153 2645 4224 Reit-

379 4269 648 4336 fenstuel
687 4270 957 4339 sustinet
991 4293 1118 4341 non
1151 4275 1405 4362 acquiri
1446 4277 1863 4366 monasterio,
1892 4277 2003 4346 sed
2044 4275 2461 4368 applicandos
2504 4292 2642 4342 esse

379 4384 502 4466 piis
557 4387 766 4452 causis
833 4395 942 4454 aut
999 4386 1320 4472 Ecclesiae‚
1369 4394 1587 4481 utpote
1634 4391 1881 4462 tructus
1930 4415 2106 4462 mere
2158 4389 2637 4462 ecclesiasticos.
