2834 4959
430 355 557 409 384
1014 356 1356 405 metues
1398 360 1482 405 DE
1517 358 1668 407 lm
1709 355 2124 405 mumma.

428 502 712 574 quorum
758 478 1275 569 unumquodque
1314 478 1399 548 ab
1435 479 1584 549 aliis
1623 479 1766 571 (etsi
1817 476 2096 546 instituti
2139 476 2522 571 quaudoque
2563 502 2704 549 om·

432 600 597 665 nino
637 594 901 685 similis)
946 614 1211 685 prorsus
1251 594 1696 685 independens
1735 595 1845 679 sit,
1899 599 1964 662 et
2005 593 2458 684 particularem
2501 618 2576 664 ac
2609 596 2700 665 di-

432 713 731 783 stinctam
768 710 1339 801 congregationem
1368 711 1738 779 constituat.
1777 708 2208 798 Frequentius
2251 710 2318 779 id
2359 711 2428 779 in
2453 712 2697 781 monia-

436 829 601 897 lium
636 824 1065 896 monasteriis.
1108 822 1309 893 Porro
1338 825 1554 915 quoad
1581 824 1908 915 ejusmodi
1937 825 2400 895 monasterium
2425 824 2694 897 dicimus

432 944 861 1035 permansisse
902 939 1462 1009 conventualitatis
1492 942 1650 1030 jura
1684 942 1758 1008 in
1799 941 1942 1029 ejus
1977 939 2317 1023 membris,
2349 947 2694 1031 quantum·

436 1081 697 1150 cunque
732 1058 1065 1149 dispersis,
1112 1056 1249 1126 imo
1284 1064 1347 1126 et
1386 1058 1460 1125 in
1505 1056 1744 1125 ultimo
1783 1057 2080 1147 ipsorum
2119 1057 2476 1148 superstite.
2517 1056 2694 1137 Quod

436 1198 589 1245 cum
642 1195 839 1266 supra
882 1172 1395 1264 probaverimus,
1449 1172 1560 1241 hic
1607 1179 1864 1240 tantum
1911 1173 2208 1263 prasenti
2247 1172 2604 1242 Galliarum
2639 1180 2694 1240 et

438 1288 645 1379 Belgii
686 1288 879 1357 statui
914 1287 1377 1379 applicandum
1408 1286 1834 1375 adnotamus3
1867 1287 2220 1377 siquidem,
2255 1308 2330 1355 ex
2361 1288 2552 1357 modo
2593 1289 2694 1355 de-

438 1406 673 1487 ductis,
740 1403 925 1471 nulla
992 1410 1087 1470 est
1154 1402 1317 1471 ratio
1368 1403 1784 1493 supponendi
1843 1402 2252 1471 intervenisse
2297 1404 2498 1493 quoad
2559 1403 2694 1471 illas

440 1522 733 1607 regiones
772 1516 975 1585 ullam
1020 1515 1472 1605 religiosorum
1509 1517 1958 1587 institutorum
2001 1518 2356 1587 eanonicam
2393 1540 2696 1607 suppres-

442 1634 727 1715 sionem;
778 1631 887 1699 sed
939 1650 1189 1699 meram
1240 1630 1554 1701 duntaxat
1601 1636 2106 1724 oppressionem.
2159 1630 2416 1701 Mortuis
2463 1638 2690 1699 autem

440 1747 749 1818 omnibus
790 1746 1186 1838 ejuscemodi
1224 1748 1600 1816 monasterii
1635 1750 1972 1831 membris,
2021 1770 2134 1839 pro
2169 1747 2423 1815 extincta
2457 1744 2686 1813 haberi

442 1864 631 1935 debet
674 1863 1085 1955 congregatio
1142 1862 1329 1952 haec3
1380 1882 1564 1950 cum,
1615 1884 1696 1931 ex
1734 1863 2098 1954 hypothesi,
2141 1869 2268 1931 tota
2295 1862 2690 1952 congregatio

440 1980 515 2049 in
558 1980 757 2053 hocce
810 1980 1203 2050 monasterio
1253 1980 1649 2048 consisteret.
1705 1978 1892 2048 Unde
1947 1978 2136 2049 hodie
2181 1977 2260 2048 ad
2307 1976 2694 2047 excitandum

442 2098 733 2186 ejusdem
794 2096 1067 2164 instituti
1132 2100 1558 2178 conventum,
1617 2115 1782 2185 opus
1831 2101 1994 2163 esset
2051 2094 2308 2185 proprie
2359 2095 2518 2163 dicta
2559 2116 2693 2161 ere·

444 2210 683 2294 ctione,
731 2229 887 2276 cum
918 2208 1250 2296 requisitis
1294 2210 1377 2277 ad
1419 2230 1564 2277 eam
1607 2208 2126 2294 formalitatibus.
2175 2208 2441 2279 Notetur
2483 2215 2690 2278 tamen

442 2328 795 2390 conventus
846 2321 1265 2408 monialium,
1320 2322 1448 2391 sub
1501 2326 2142 2416 correspondentium
2193 2326 2486 2395 virorum
2535 2324 2692 2394 ordi-

442 2456 609 2503 num
648 2436 1025 2504 auctoritate
1062 2436 1466 2527 constitutoS,
1511 2440 1881 2510 efformasse
1917 2462 2066 2511 cum
2109 2442 2247 2511 istis
2285 2444 2570 2512 virorum
2598 2462 2690 2510 or-

442 2548 734 2637 dinibus,
788 2550 1057 2619 unicam
1104 2550 1393 2643 (propter
1451 2554 1767 2626 unitatem
1827 2555 2188 2648 regiminis)
2239 2558 2544 2627 familiam
2591 2576 2692 2625 seu

442 2665 1035 2755 congregationem.
1116 2664 1303 2736 Unde
1364 2667 1517 2737 licet
1580 2670 1650 2738 in
1717 2671 2112 2763 dispersione
2165 2673 2440 2742 obierint
2487 2692 2692 2742 omnes
2784 2674 2785 2687 ¹

440 2781 753 2851 moniales
804 2781 1085 2871 alicujus
1130 2780 1405 2872 huJusce
1449 2784 1838 2855 conditionis
1889 2789 2288 2875 monasterii,
2337 2805 2692 2879 permanere

442 2899 837 2968 censendum
882 2903 977 2966 est
1026 2896 1097 2965 in
1145 2897 1685 2988 correspondente
1733 2900 2028 2971 virorum
2064 2902 2288 2971 ordine
2317 2901 2434 2995 jus
2484 2899 2694 2973 consti·
2782 2892 2783 2917 ¹

442 3016 669 3083 tuendi
692 3015 789 3104 (in
814 3012 1040 3082 eadem
1060 3013 1315 3081 civitate
1344 3012 1461 3081 ubi
1485 3014 1802 3084 moniales
1831 3016 1964 3086 illae
1985 3017 2324 3108 degebant)
2349 3018 2580 3086 similis
2602 3016 2692 3083 in·
2780 3104 2781 3107 Ἴ

442 3128 647 3197 stituti
676 3129 1035 3197 mulierum
1064 3135 1487 3209 conventum,
1525 3129 1769 3221 absque
1795 3153 1963 3202 nova
1989 3133 2316 3203 Ordinarii
2338 3133 2607 3225 licentia,
2639 3138 2694 3198 et

442 3245 685 3333 absque
708 3244 1038 3333 requisitis
1064 3243 1147 3313 ad
1188 3245 1341 3311 novi
1370 3252 1728 3315 conventus
1770 3248 2162 3319 erectionem
2191 3246 2686 3319 formalitatibus.
2777 3320 2779 3341 Ε

534 3352 907 3427 Psorosmo
936 3358 1051 3428 V·.
1080 3396 1173 3411 -
1194 3358 1274 3427 Si
1300 3361 1782 3431 monasterium
1817 3363 1893 3432 in
1913 3364 2144 3456 aliqua
2171 3364 2442 3435 civitate
2471 3360 2691 3434 Gallice
2777 3352 2779 3377 ³

442 3470 793 3561 autBelqii
812 3474 1121 3542 canonice
1143 3487 1460 3565 creonam,
1486 3478 1696 3569 fuerit
1695 3500 1866 3570 pars
1887 3481 2428 3573 conqreqationis
2447 3478 2687 3569 reliqt'o·
2775 3555 2777 3572 Ι

442 3610 559 3674 sce,
572 3588 720 3656 mul
721 3589 1270 3671 tisconventibus,
1284 3604 1410 3660 aut
1424 3593 1626 3661 etiam
1637 3595 2342 3687 ρνουίηείίςοοηίὶατω,
2357 3592 2685 3687 peneseam
2775 3576 2777 3606 ⁵

444 3705 1021 3795 conqreqationem
1030 3708 1408 3795 permansit
1409 3709 1532 3798 jus
1545 3711 2084 3780 conventualiter
2103 3710 2432 3781 existendi
2445 3712 2511 3781 in
2526 3730 2592 3775 ea
2611 3702 2686 3770 ci·

448 3818 679 3900 vitate,
698 3842 849 3887 cum
862 3818 1085 3887 omnib
1092 3842 1168 3888 us
1171 3822 1420 3913 priscis
1421 3824 1466 3914 j
1469 3824 1699 3894 nribus
1713 3838 1782 3895 et
1789 3827 2195 3919 privileqiiS,
2213 3840 2480 3919 excepto
2489 3822 2614 3894 solo
2631 3818 2685 3885 in

450 3932 622 4001 bona
640 3933 941 4005 alienata
962 3935 1137 4026 jure.
1169 3976 1260 3991 —
1289 3938 1740 4031 Supponimus
1767 3946 2334 4034 congregationem
2352 3946 2546 4036 ipsam
2567 3952 2682 4003 non
2771 3928 2773 3952 ³

445 4045 637 4117 fuisse
667 4072 705 4119 a
732 4053 879 4121 sede
908 4053 1279 4143 Apostolica
1308 4077 1749 4148 suppressam,
1778 4080 1992 4149 neque
2029 4081 2146 4150 per
2173 4060 2472 4128 omnium
2493 4068 2684 4122 mem-

448 4160 717 4232 brorum
754 4186 1025 4237 suorum
1056 4168 1311 4238 obitum
1352 4172 1698 4242 extinctam
1724 4198 1742 4255 ;
1771 4174 1884 4243 sed
1925 4173 2218 4265 legitime
2247 4175 2606 4267 perdurasse
2633 4166 2686 4231 θῐ
2769 4154 2771 4167 ³

452 4286 863 4365 propagatam
929 4303 1065 4351 esse
1120 4304 1329 4376 usque
1378 4286 1460 4356 ad
1525 4288 1906 4381 piaesentem
1964 4288 2166 4361 diem.
2226 4290 2420 4361 Porro
2477 4288 2540 4355 in
2590 4276 2685 4347 tali
