2834 4959
414 344 537 403 338
978 340 1317 390 TRAGTATUS
1362 339 1443 385 ΒΕ
1485 336 1638 385 JURE
1681 335 2097 383 annul-mma.

497 469 713 541 Tertio
743 463 1157 555 denegandus
1182 462 1337 551 ipsis
1368 480 1502 529 non
1535 465 1635 527 est
1675 460 1876 527 status
1899 454 2266 544 religiosus,
2299 475 2376 521 ex
2399 474 2482 523 eo
2505 456 2678 543 quod

400 574 757 652 essentialia
818 578 1017 645 status
1096 566 1507 661 perfectionis
1557 582 1691 633 non
1745 560 2048 631 habeant.
2107 558 2278 629 Nam
2348 560 2416 629 in
2465 562 2676 651 prima

399 699 703 767 tractatus
752 694 930 781 parte
998 684 1398 755 ostendimus
1449 686 1645 749 totam
1715 682 1918 745 status
1993 674 2342 766 perfectiori
2351 677 2406 743 is
2469 698 2672 745 essen-

399 814 559 880 tiam
614 810 687 876 in
728 810 874 873 voto
920 806 1231 893 perpetuo
1280 794 1554 886 triplicis
1609 790 1865 861 consilii
1922 786 2279 879 evangelici
2331 791 2662 858 contineri.

396 929 569 999 Cum
619 943 774 1012 ergo
828 919 1013 989 dictae
1052 912 1582 1005 congregationes
1627 912 1851 977 votum
1879 904 2046 975 illud
2083 905 2392 991 habeant,
2425 915 2670 974 nonest

396 1066 513 1117 eur
556 1043 652 1111 eis
702 1035 1107 1129 perfectionis
1152 1010 1353 1102 statuis
1400 1028 1784 1114 denegetur,
1831 1022 1959 1091 nisi
1987 1021 2148 1089 forte
2181 1020 2385 1088 simui
2427 1020 2667 1111 aliquid

396 1159 697 1231 illicitum
728 1160 839 1221 aut
894 1151 977 1221 ab
1026 1144 1314 1217 Ecclesia
1358 1139 1762 1233 prohibitum
1811 1138 2102 1226 ipsarum
2149 1133 2418 1205 vivendi
2447 1156 2670 1205 norma
2800 1158 2801 1221 3

394 1272 769 1343 involveret.
828 1266 952 1336 Sed
1008 1264 1295 1355 ipsarum
1342 1254 1747 1333 institutum,
1773 1251 1890 1321 etsi
1939 1272 2074 1319 non
2125 1250 2548 1341 approbetur,
2579 1258 2668 1319 to-
2800 1288 2801 1335 3

391 1393 631 1461 letatur
684 1392 901 1453 tamen
948 1378 1029 1447 ab
1064 1372 1389 1455 Ecclesia3
1432 1392 1507 1439 ac
1555 1366 1826 1460 proinde
1869 1364 2132 1435 licitum
2173 1371 2268 1433 est
2299 1370 2361 1433 et
2389 1363 2565 1433 nibil
2591 1364 2667 1431 ab
2800 1374 2801 1383 ’

391 1501 673 1575 Ecclesia
713 1493 1120 1589 prohibitum
1173 1485 1468 1557 involvit.
1509 1482 1696 1554 Unde
1739 1480 2008 1553 tandem
2047 1482 2105 1549 si
2149 1481 2668 1569 congregationes

394 1619 521 1691 iuae
570 1636 611 1683 a
658 1618 857 1681 status
902 1606 1189 1696 religiosi
1242 1603 1515 1673 essentia
1554 1598 1880 1683 deficiant,
1936 1597 2001 1665 id
2056 1598 2385 1687 provenire
2437 1598 2664 1683 nequit

392 1734 619 1807 nisiex
657 1726 911 1798 deiectu
960 1719 1466 1814 approbationis.
1499 1714 1660 1788 Tou
1693 1735 1930 1804 nempe
1969 1712 2316 1783 difficultas
2347 1710 2416 1777 in
2441 1730 2512 1779 eo
2537 1715 2652 1795 est,

390 1872 477 1921 an
502 1848 583 1919 ad
622 1843 965 1916 essentiam
996 1843 1196 1909 status
1224 1833 1513 1923 religiosi
1553 1829 1922 1920 requiratur
1965 1827 2365 1919 approbatio.
2397 1823 2466 1897 Si
2489 1826 2660 1896 enim

389 1964 785 2057 requiratur,
816 1956 1065 2028 clarum
1092 1957 1189 2021 est
1232 1948 1770 2038 congregationes
1795 1944 1968 2029 illas,
2003 1964 2154 2032 quoe
2174 1941 2292 2011 illa
2340 1948 2584 2024 carent,
2609 1950 2668 2009 et
2800 1996 2801 1999 ,

389 2088 538 2155 sunt
559 2071 1007 2149 tantummodo
1034 2068 1339 2152 toleratas,
1374 2085 1510 2133 non
1533 2058 1888 2131 censendas
1918 2078 2054 2127 esse
2082 2059 2154 2127 in
2175 2062 2348 2127 statu
2375 2056 2664 2147 religioso
2800 2068 2801 2117 Ψ

386 2196 783 2269 constitutas.
818 2186 945 2255 Sed

485 2311 740 2391 Quarto
774 2321 987 2389 neque
1035 2298 1119 2366 ob
1178 2293 1532 2365 carentiam
1583 2289 2066 2383 approbationis
2109 2288 2298 2358 dictae
2325 2308 2662 2378 congrega-
2800 2338 2801 2341 ,

394 2428 593 2499 tiones
662 2416 949 2489 dicendae
1012 2417 1167 2483 sunt
1224 2431 1261 2478 a
1330 2414 1530 2478 status
1585 2406 1871 2496 religiosi
1927 2405 2198 2475 essentia
2255 2405 2550 2475 deficere.
2599 2402 2664 2469 ld
2800 2446 2801 2459 r

393 2536 733 2617 constabit,
784 2531 839 2599 si
883 2527 1235 2619 probentur
1284 2525 1422 2593 haec
1469 2523 1598 2591 duo
1652 2549 1668 2591 :
1715 2522 1778 2590 1⁰
1836 2520 2371 2613 approbationem
2427 2516 2664 2589 Pontifi-
2800 2514 2801 2541 ³

394 2659 563 2729 ciam
591 2646 805 2742 quoad
850 2644 1109 2719 ordines
1144 2640 1479 2730 religiosos
1517 2660 1650 2709 non
1697 2636 1947 2728 requiri
1999 2637 2126 2706 nisi
2171 2657 2248 2705 ex
2297 2636 2452 2726 lege
2477 2634 2658 2704 eccle·
2800 2642 2801 2661 ³

394 2770 647 2847 siastica
678 2792 695 2834 τ
733 2764 801 2836 2⁰
854 2762 1011 2831 huic
1046 2758 1179 2849 legi
1212 2754 1595 2845 derogatum
1648 2754 1848 2823 fuisse
1881 2752 2098 2844 quoad
2144 2751 2664 2843 congregationes

391 2889 473 2957 de
518 2882 762 2979 quibus
810 2876 1169 2967 loquimur.
1242 2870 1448 2961 Atqui
1521 2874 1872 2959 utrumque
1946 2866 2210 2958 probari
2297 2872 2530 2956 potest.
2601 2861 2668 2929 Et
2800 2916 2801 2967 ἶ

401 3006 461 3075 1⁰
518 3000 788 3091 quidem
834 2989 1209 3085 approbatio
1260 3007 1394 3060 non
1437 2982 1796 3075 requiritur
1831 2982 1960 3053 nisi
2000 2981 2086 3050 ob
2129 2982 2340 3071 legem
2383 2980 2665 3051 ecclesia-

398 3120 650 3198 sticam,
703 3132 850 3203 quae
914 3103 1253 3198 prohibuit
1304 3099 1564 3173 ordines
1623 3098 2086 3191 approbatione
2158 3096 2272 3165 illa
2317 3096 2658 3167 destitutos.

398 3230 547 3303 Non
571 3232 873 3316 negatur,
908 3242 949 3289 a
972 3226 1261 3309 tempore
1316 3214 1676 3289 innocentii
1715 3210 1833 3294 111,
1881 3210 2239 3304 prohibitos
2281 3212 2476 3279 fuisse
2519 3206 2661 3275 reli-

402 3348 615 3435 giosos
681 3337 1004 3429 quoslibet
1074 3332 1333 3407 ordines
1401 3328 1864 3421 approbatione
1927 3324 2289 3415 .Fontificia
2366 3328 2658 3395 carentes.
2800 3402 2801 3423 ᾖ

399 3455 911 3532 prohibitionem
975 3452 1147 3520 hanc
1220 3446 1390 3516 clare
1469 3443 1838 3536 exprimunt
1907 3442 2240 3513 decretalis
2295 3442 2401 3513 Ne
2468 3435 2665 3508 nimia
2800 3424 2801 3483 ³

318 3642 333 3653 ,
407 3578 571 3667 (cap.
606 3572 675 3654 9,
708 3566 881 3640 tituli
910 3565 1023 3649 36,
1046 3562 1200 3633 libri
1231 3558 1271 3631 3
1298 3558 1780 3649 Decretalium),
1805 3558 2229 3632 et.decretalis
2255 3556 2658 3647 Reliqionum

402 3692 633 3782 (capite
660 3686 880 3769 unico,
920 3680 998 3749 de
1037 3676 1386 3768 Reliqiosis
1415 3674 1759 3758 Donamus,
1793 3676 1882 3761 ini
1905 3672 2000 3765 6).
2048 3674 2214 3745 Item
2241 3693 2378 3741 non
2409 3673 2658 3761 negatur

402 3805 664 3881 ordines
715 3780 1057 3871 Pontificia
1120 3790 1582 3882 approbatione
1661 3794 1975 3877 carentes,
2038 3810 2114 3874 ex
2189 3785 2346 3859 tunc
2411 3784 2660 3857 erasisse

398 3924 703 4005 illicito33
754 3940 827 3987 ac
883 3912 1156 4007 proinde
1206 3932 1313 3981 eos
1359 3914 1499 4001 jam
1539 3892 1674 3980 non
1729 3910 2027 3993 habuisse
2051 3907 2430 3993 „essentiam
2479 3908 2654 3974 status

401 4036 835 4133 poi-sectionis,
878 4052 1001 4101 nec
1051 4032 1516 4118 consequenter
1569 4028 1918 4112 essentiam
1945 4031 2150 4098 status
2185 4014 2498 4113 religiosi.
2547 4012 2651 4086 Sed

402 4160 681 4231 dicimus
705 4153 774 4224 id
803 4146 1167 4242 provenisse
1191 4168 1269 4215 ex
1293 4144 1467 4215 dicta
1503 4145 1650 4235 lege.
1683 4166 1786 4215 ne.
1806 4145 2052 4232 nimia,
2079 4143 2160 4215 in
2181 4140 2460 4213 concilio
2487 4136 2655 4205 Late-

404 4271 665 4345 ranemi
718 4270 873 4349 lata,-
919 4268 1307 4339 nouantem
1359 4283 1438 4331 ex
1486 4266 1718 4331 natura
1768 4262 1906 4354 ipsa
1957 4266 2159 4333 status
2203 4254 2510 4349 religiosi.
2555 4250 2658 4318 At-

407 4397 581 4460 tenia
628 4406 863 4476 nempe
909 4382 1043 4453 sola
1094 4388 1294 4451 status
1344 4380 1630 4469 religiosi
1683 4380 1956 4452 essentia
1974 4431 1997 4469 ,
2043 4386 2108 4449 et
2160 4371 2572 4449 abstrahendo
2623 4386 2654 4433 a
