2834 4959
347 277 472 334 358
922 279 1267 330 mcuws
1304 281 1386 328 DE
1423 281 1574 328 mnu
1620 283 2039 334 menmium.

341 405 660 474 emiserat.
701 401 760 472 ls
799 421 1013 493 porro,
1061 400 1404 494 providere
1452 403 1671 473 volens
1719 405 1895 495 (sunt
1938 407 2137 476 verba
2186 408 2373 480 Pauli
2415 411 2479 482 V
2538 415 2639 505 (ί)

305 567 310 572 ·
345 541 428 590 ne
442 519 613 610 jura
643 530 707 586 et
727 517 1095 609 privileqia
1105 517 1457 608 proedictae
1484 521 1990 612 conqreqationi
2013 545 2336 611 concessa,
2370 549 2522 618 quoe
2564 531 2645 598 in

348 659 420 705 eo
459 635 567 702 uti
605 635 748 704 solo
789 634 1144 725 superstite
1169 634 1753 722 conservabantur,
1772 649 1935 729 post
1972 640 2116 731 ejus
2146 641 2406 711 obitum
2430 644 2645 738 depe-

347 751 582 830 rirent,
615 749 928 840 quosdam
956 747 1206 838 Anglos
1255 748 1416 839 (jam
1464 749 1731 839 quidem
1770 750 2019 820 ordinis
2054 751 2273 824 Sancti
2300 753 2641 826 Benedicti

344 864 683 954 professoS‚
713 863 820 931 sed
855 861 1120 932 alterius
1155 864 1698 954 congregationis,
1734 886 1969 956 nempe
2002 869 2429 961 Cassinensis)
2462 891 2641 940 reee-

345 979 442 1070 pit
471 979 541 1048 in
587 978 938 1048 monachos
986 977 1504 1069 congregationis
1556 967 2261 1072 Anqlo—Benedictinae
2302 989 2367 1052 et
2420 982 2639 1054 West-

349 1097 870 1166 monasteriensis
895 1094 1311 1182 monasterii3
1345 1093 1614 1186 illisque
1650 1095 1829 1188 (sunt
1854 1096 2069 1166 adhue
2096 1097 2293 1166 verba
2320 1096 2509 1167 Pauli
2538 1089 2639 1179 V)

259 1282 264 1291 ,
349 1212 579 1282 omnia
593 1213 786 1303 jura,
808 1209 1200 1303 privileqia,
1221 1207 1497 1302 qradus,
1524 1210 1827 1299 honores,
1850 1211 2221 1301 libertates,
2252 1225 2319 1281 et
2344 1213 2635 1306 qratia-s,

351 1332 590 1425 quibus
635 1332 951 1402 monachi
973 1331 1044 1400 in
1075 1328 1298 1401 eodem
1325 1331 1731 1400 monasterio
1757 1332 1975 1400 sancti
2014 1332 2202 1400 Petri
2239 1334 2533 1424 professi
2566 1347 2637 1402 et

351 1449 726 1518 habitantes
783 1447 1000 1540 qavisi
1024 1449 1325 1536 fuerunt,
1363 1458 1430 1515 et
1471 1445 1696 1514 ordini
1722 1447 1964 1516 Sancti
1999 1445 2335 1516 Benedicti
2380 1449 2453 1516 in
2492 1451 2643 1518 An-

353 1562 456 1630 tia
503 1561 986 1653 competebant,
1011 1561 1370 1631 transmisit
1399 1585 1417 1646 ;
1452 1567 1643 1652 atque
1672 1561 1753 1630 ad
1786 1563 1853 1631 id
1888 1581 2267 1632 consensum
2322 1565 2638 1654 praestitit

354 1677 871 1768 congregationis
899 1677 1296 1746 cassinensis
1340 1677 1637 1766 generale
1666 1678 2025 1769 capitulum
2054 1679 2211 1747 anni
2254 1677 2443 1748 1608.
2500 1677 2635 1748 Per

357 1793 473 1862 hos
502 1801 720 1862 autem
751 1794 1128 1878 monachos,
1159 1792 1254 1862 sie
1275 1815 1311 1860 a
1339 1791 1673 1882 Sigeberto
1702 1791 1772 1860 in
1799 1793 2363 1883 congregationem
2388 1793 2641 1881 Augin-

357 1907 855 1990 Benedictinam-
874 1907 1181 1979 admissos
1217 1913 1280 1976 et
1305 1915 1621 1998 receptos,
1654 1909 2069 1998 congregatio
2102 1908 2238 1978 haec
2270 1907 2639 1998 Anqlo-Be-

355 2022 691 2094 nodictina
723 2024 889 2114 (quoe
919 2024 1212 2113 alioquin
1249 2044 1400 2092 cum
1440 2043 1557 2092 suo
1584 2021 1818 2091 ultimo
1844 2023 2122 2112 professo
2172 2021 2506 2111 Sigeberto
2528 2043 2637 2090 ex-

357 2140 556 2207 tincta
609 2139 878 2229 fuisset),
931 2139 1310 2208 continuata
1353 2137 1475 2205 fuit
1529 2143 1719 2228 atque
1760 2141 2130 2230 propagata.
2168 2135 2399 2227 (Adeat
2438 2138 2637 2206 lector

359 2252 570 2342 quoad
627 2252 798 2322 hanc
845 2251 1034 2322 dictae
1065 2251 1583 2340 congregationis
1608 2249 2271 2341 Anglo-Benedictine
2294 2254 2637 2320 continua-

361 2366 628 2448 tionem,
679 2366 944 2434 citatum
993 2364 1188 2432 breve
1238 2364 1408 2431 Cum
1437 2364 1609 2432 sicut
1636 2361 1823 2432 Pauli
1858 2364 1949 2444 V;
1985 2363 2277 2456 ejusdem
2308 2364 2639 2434 Pontificis

363 2481 552 2548 breve
577 2481 689 2548 Ex
725 2478 1130 2558 incumbenti
1147 2475 1236 2546 23
1265 2479 1523 2568 augusti
1559 2477 1764 2564 16193
1800 2485 1863 2546 et
1889 2478 2135 2546 bullam
2159 2478 2493 2548 Plantata
2517 2475 2637 2547 Ur-

362 2593 516 2661 bani
559 2591 732 2682 Vlss,
787 2594 830 2660 4
878 2591 1023 2662 idus
1073 2593 1251 2684 julii,
1321 2591 1533 2683 {6333
1584 2616 1731 2685 quae
1778 2596 1905 2663 tria
1952 2595 2343 2665 documenta
2386 2593 2639 2664 exhibet

363 2709 780 2778 Monasticon
807 2708 1264 2801 anylicanum,
1293 2714 1472 2779 tomo
1494 2710 1563 2794 8,
1600 2731 1742 2802 pag.
1784 2709 1954 2779 1647
1983 2717 2046 2779 et
2066 2709 2229 2802 seq.)

453 2825 548 2894 Ex
607 2824 771 2895 facto
825 2831 1044 2895 autem
1089 2831 1470 2912 memorato,
1525 2825 1618 2894 sic
1667 2826 2006 2914 arguimus
2050 2849 2067 2894 ε
2124 2823 2639 2916 Anglo-Benedi·

365 2940 551 3012 ctinae
598 2941 1117 3032 congregationis
1164 2940 1471 3010 monachi
1516 2917 1787 3032 dispersi
1829 2940 2086 3010 fuerant
2116 2963 2133 3008 ε
2164 2947 2228 3009 et
2256 2940 2523 3028 quidem
2550 2941 2635 3009 ita

366 3057 660 3148 dispersi,
691 3065 764 3126 ut
785 3058 1024 3127 unicus
1073 3061 1391 3148 superstes
1438 3055 1595 3126 foret
1642 3053 2034 3146 Sigebertus.
2083 3053 2163 3124 Et
2200 3055 2517 3124 tamenin
2554 3076 2637 3124 eo

275 3165 279 3170 ’
365 3172 500 3241 solo
555 3174 890 3265 superstite
953 3169 1285 3261 Sigeberto
1329 3173 1487 3263 jura
1540 3175 1603 3240 et
1658 3172 1998 3262 privilegia
2048 3169 2235 3241 dictae
2288 3189 2635 3260 congrega-

365 3289 560 3356 tionis
605 3294 974 3358 conservata
1025 3287 1246 3372 fuisse,
1277 3293 1341 3357 et
1365 3286 1449 3356 ab
1490 3285 1717 3358 eodem
1760 3288 2123 3379 perpetuari
2174 3287 2453 3379 potuisse
2486 3305 2637 3354 con-

367 3403 808 3491 gregationem
849 3403 1055 3490 illam,
1107 3425 1260 3472 cum
1307 3402 1615 3472 omnibus
1664 3403 1796 3472 suis
1842 3401 2107 3493 juribus
2150 3408 2213 3471 et
2252 3397 2629 3494 privilegiis,

367 3516 802 3588 existimatum
830 3525 948 3606 est,
974 3525 1116 3590 tum
1143 3541 1182 3589 a
1207 3518 1541 3609 Sigeberto
1584 3520 1748 3610 ipso,
1794 3522 1938 3588 tum
1971 3542 2008 3588 a
2052 3517 2333 3608 generali
2363 3507 2633 3608 ca'pitulo

367 3636 879 3727 congregationis
919 3635 1342 3719 Cassinensis,
1376 3641 1519 3704 tum
1548 3635 1829 3724 denique
1874 3656 1911 3702 a
1960 3632 2158 3703 Paulo
2188 3631 2250 3702 V
2280 3640 2345 3702 et
2382 3630 2631 3701 Urbano

367 3750 544 3822 Vm.
599 3751 764 3822 Nam
795 3757 858 3821 et
891 3753 1078 3821 citata
1106 3750 1291 3822 Pauli
1319 3750 1381 3821 V
1404 3751 1651 3832 brevia,
1698 3757 1763 3819 et
1803 3749 2002 3819 bullae
2028 3748 2367 3817 Plantata
2394 3743 2629 3816 Urbani

367 3866 522 3938 VIII
562 3875 772 3954 tenor,
816 3867 964 3960 jure
1007 3866 1098 3937 ita
1129 3867 1372 3938 factum
1422 3889 1461 3936 a
1484 3865 1820 3957 sigeberto
1848 3865 2195 3948 monacho,
2230 3863 2385 3934 satis
2424 3863 2627 3952 aperte

367 3983 678 4055 innuunn

437 4269 499 4330 (ι)
525 4265 583 4316 ln
607 4267 745 4320 brevi
768 4267 894 4318 cum
923 4235 1074 4332 sicui,
1103 4268 1162 4318 24
1185 4263 1464 4319 decembris
1485 4267 1625 4328 1612.
1655 4255 1791 4330 quod
1818 4276 1908 4330 per
1936 4267 2203 4316 extensum
2224 4260 2441 4314 mertui·
2456 4261 2506 4308 in
2526 4255 2631 4306 uo-

369 4355 564 4408 nastico
587 4357 876 4422 anglicano,
907 4361 1047 4410 tomo
1075 4359 1124 4421 8,
1153 4367 1270 4421 pag.
1317 4358 1462 4422 164⁷,
1484 4355 1621 4409 edito
1645 4353 1857 4409 landini
1892 4355 2032 4408 1846.
