2834 4959
422 338 549 397 430
994 338 1335 389 manvus
1379 340 1462 389 DE
1506 340 1658 391 «lm
1695 338 2118 389 nontamen.

416 467 695 539 rendum
742 464 812 534 in
854 462 1081 534 Galliis
1118 460 1522 533 dominium.
1573 462 2098 550 obvenienteque
2139 460 2301 551 ipsis
2331 463 2558 555 aliqua
2585 466 2712 539 hae-

418 582 689 655 reditate
736 580 809 653 in
862 576 1101 658 Gallia,
1158 576 1331 647 dicta
1398 578 1499 648 lex
1549 580 1670 663 eis,
1721 576 1927 645 velint
1977 575 2220 660 nolint,
2281 576 2716 673 haereditatem

422 698 605 769 illam
660 694 923 765 tribuet.
964 692 1113 765 Non
1158 714 1315 785 ergo
1362 700 1636 787 possunt
1683 714 1819 763 sese
1871 690 2222 784 &capaces
2261 691 2538 765 dominii
2573 698 2714 767 red·

424 814 599 899 dere,
632 811 687 879 si
730 809 871 879 haec
908 808 1297 899 incapacitas
1336 831 1375 878 a
1414 809 1558 899 lege
1597 807 1774 878 civili
1809 804 2110 898 pendeat.
2149 804 2332 896 Ergo
2370 814 2520 879 vota
2549 812 2712 905 ipso-

422 948 573 997 rum
622 946 755 997 non
794 930 992 995 erunt
1028 922 1363 993 solemnia.
1396 922 1572 1014 Ergo
1599 922 1782 993 nulla
1818 922 1942 992 erit
1975 922 2216 991 emissa
2251 922 2340 993 ab
2371 924 2538 1016 ipsis
2569 948 2706 1018 pm·

424 1044 633 1115 fessio.

516 1158 583 1225 4⁰
630 1157 1019 1245 sequeretur
1066 1172 1251 1245 posse
1304 1152 1620 1223 ordinum
1673 1152 1984 1221 omnium
2029 1151 2366 1242 religiows
2403 1156 2702 1245 pmtessos

426 1273 561 1343 suis
628 1270 979 1361 respective
1052 1267 1393 1337 ordinibus
1463 1266 1608 1337 vale
1673 1266 1908 1335 dicere.
1971 1262 2164 1354 Nam,
2217 1287 2296 1335 ex
2345 1268 2696 1361 hypothesi,

428 1386 611 1455 nulls
651 1384 875 1455 fuisset
914 1401 1147 1453 eornm
1186 1380 1520 1471 professio.
1553 1381 1710 1465 ‚lmo
1747 1402 1870 1451 nec
1907 1386 2116 1473 posset
2163 1382 2376 1451 valide
2421 1385 2587 1455 fieri.
2631 1384 2702 1454 Et

425 1500 603 1593 quod
646 1498 853 1587 magis
888 1503 1007 1581 est,
1046 1503 1121 1566 ut
1160 1496 1353 1567 modo
1392 1495 1670 1585 dicetur,
1713 1496 1940 1569 nullus
1976 1517 2168 1565 verus
2209 1498 2504 1566 existeret
2551 1500 2704 1570 ordo

424 1612 763 1702 religiosus
790 1611 859 1679 in
884 1632 1017 1701 quo
1044 1616 1257 1703 posset
1282 1610 1588 1681 solemnis
1615 1610 1926 1702 professio
1951 1611 2185 1681 emitti.

516 1727 582 1795 5⁰
620 1724 903 1795 Extincti
938 1725 1175 1805 forent,
1220 1731 1284 1795 et
1336 1725 1770 1816 impossibiles
1819 1726 1918 1795 illi
1969 1746 2198 1803 omnes
2241 1727 2492 1797 ordines
2537 1727 2700 1795 reli-

428 1843 621 1933 giosi,
668 1842 785 1932 qui
840 1862 918 1911 ex
963 1838 1259 1911 instituto
1298 1861 1338 1909 a
1376 1841 1526 1911 sede
1569 1840 1940 1933 Apostolica
1983 1842 2364 1935 approbate,
2409 1844 2704 1935 componi

428 1961 667 2033 debent
712 1959 1033 2051 religiosis
1076 1980 1193 2050 per
1242 1961 1365 2029 tria
1410 1958 1728 2029 solemnia
1775 1966 1922 2031 vota
1973 1960 2300 2052 pmiessis.
2357 1961 2522 2031 Nam
2571 1968 2700 2030 vota

426 2076 541 2146 illa
582 2075 899 2145 solemnia
942 2074 1165 2143 nullus
1212 2074 1554 2165 religiosus
1601 2074 1892 2145 emittere
1941 2083 2171 2166 posset,
2217 2077 2306 2146 ob
2353 2077 2700 2168 impossibi-

428 2187 675 2255 litatem
714 2206 949 2275 nempe
982 2206 1119 2255 sese
1160 2184 1474 2257 reddendi
1515 2188 1894 2279 incapacem
1931 2188 2240 2260 dominii.
2289 2190 2454 2283 Ergo
2487 2190 2698 2259 nullus

428 2303 697 2369 exstaret
740 2301 810 2367 in
851 2301 933 2367 iis
966 2298 1303 2370 ordinibus
1342 2302 1685 2391 protessus.
1733 2303 1908 2396 Ergo
1951 2306 2210 2375 extincti
2249 2306 2460 2377 forent
2491 2326 2700 2377 omnes

428 2413 527 2483 illi
568 2413 861 2497 ordines3
906 2420 1099 2503 atque
1124 2414 1229 2482 -ita
1268 2414 1530 2485 extincti
1569 2424 1644 2487 ut
1687 2440 2100 2512 nequaquam
2145 2424 2532 2492 reviviscere
2567 2440 2699 2513 pos·

430 2532 571 2597 sent
592 2553 612 2615 ;
658 2548 915 2619 semper
956 2548 1193 2621 nempe
1228 2529 1521 2602 obstante
1557 2533 1700 2625 lege
1747 2534 2000 2624 Gallias,
2026 2558 2179 2628 quse
2217 2558 2444 2607 omnes
2475 2534 2702 2605 mundi

428 2640 725 2713 homines
760 2644 955 2715 habet
992 2650 1305 2737 tanquam
1346 2646 1624 2719 dominii
1653 2650 1726 2719 in
1761 2650 1968 2721 Gallia
2007 2653 2388 2744 acquirendi
2421 2670 2692 2743 capaces.

516 2757 585 2828 6⁰
616 2756 1011 2847 Sequeretur
1036 2759 1107 2830 in
1134 2761 1534 2833 crassissimo
1573 2784 1790 2835 errore
1823 2768 2064 2837 versari
2097 2766 2474 2838 Romanum
2497 2766 2699 2837 Ponti·

430 2874 643 2958 ficem,
688 2872 1136 2945 Cardinalium
1184 2877 1758 2970 Congregationes,
1813 2883 2140 2974 totiusque
2185 2884 2362 2954 orbis
2417 2880 2698 2955 catholici

428 2988 801 3081 Episcopos.
858 2989 1119 3061 Etenim
1173 3012 1558 3082 persuasum
1611 2996 1768 3086 ipsis
1821 3004 1917 3067 est
1993 3004 2258 3069 austere
2323 3020 2511 3069 veros
2559 2998 2698 3067 reli-

430 3102 665 3193 giosos,
700 3110 767 3173 et
800 3105 1070 3195 quidem
1114 3126 1273 3175 cum
1310 3108 1474 3177 votis
1509 3108 1938 3196 solemnibus,
1983 3112 2058 3181 iu
2102 3114 2184 3183 iis
2230 3112 2586 3199 ordinibus,
2633 3114 2700 3181 in

428 3217 692 3305 quibus,
723 3219 909 3309 Juxta
956 3218 1326 3290 institutum
1374 3243 1411 3290 a
1465 3222 1614 3292 sede
1659 3223 2026 3315 Apostolica
2073 3226 2514 3319 approbatum,
2557 3233 2700 3296 vota

434 3332 751 3404 solemnia
812 3338 1024 3407 emitti
1082 3338 1341 3409 debent.
1412 3340 1492 3409 Et
1563 3342 1854 3433 quotidie
1915 3344 1986 3415 in
2049 3352 2260 3439 praxi,
2304 3350 2484 3441 juxta
2539 3348 2696 3417 hanc

434 3442 867 3537 hypothesim,
910 3470 1117 3522 causae
1149 3452 1231 3522 de
1274 3452 1486 3522 valore
1537 3456 2012 3546 professionum
2071 3438 2426 3532 tractantur
2475 3468 2534 3533 et
2583 3470 2694 3530 ter·

434 3562 793 3633 minantur.
850 3562 1075 3651 Porro,
1122 3566 1195 3635 in
1245 3569 1554 3659 opinione
1623 3592 1824 3662 quam
1899 3574 2338 3664 confutamuS,
2405 3578 2695 3649 solemnia

426 3677 657 3761 valide,
700 3680 773 3747 in
818 3679 1007 3751 dictis
1052 3680 1420 3769 ordinibus,
1463 3688 1673 3757 emitti
1721 3696 1866 3759 vote
1913 3712 2330 3784 nequaquam
2377 3688 2694 3766 admitten-

422 3787 585 3860 dum
624 3793 809 3882 toret,
852 3800 927 3864 ut
973 3794 1426 3885 probavimus.
1465 3802 1630 3883 Quae
1673 3811 1847 3876 tanta
1884 3806 2051 3877 sedis
2092 3809 2501 3901 Apostolicae,
2541 3810 2692 3879 Con-

424 3909 875 3997 gregationum
930 3931 1377 4000 romanarum,
1435 3938 1687 3989 necnon
1737 3920 2210 4015 Episcoporum
2259 3922 2685 4007 hallucinatio,

423 4042 687 4112 promus
728 4030 1071 4117 repugnat,
1108 4032 1173 4097 et
1198 4049 1407 4119 neque
1441 4038 1518 4101 ut
1552 4035 1906 4125 probabilis
1938 4040 2078 4110 sine
2121 4044 2472 4113 temeritate
2505 4037 2688 4108 asseri

422 4142 649 4227 potest.

510 4254 577 4320 7⁰
616 4252 1007 4343 Sequeretur
1054 4258 1357 4345 absurde,
1412 4262 1483 4330 in
1549 4254 1928 4355 regionibus
1996 4270 2109 4341 ubi
2167 4272 2266 4341 lex
2321 4270 2519 4341 civilis
2566 4266 2682 4334 do·

422 4364 611 4433 minii
660 4368 1149 4458 incapacitatem
1196 4374 1267 4442 in
1314 4376 1634 4468 religiosis
1691 4403 1822 4451 non
1869 4387 2190 4475 agnoscit,
2243 4386 2676 4479 professimem
