2834 4959
1125 381 1275 428 rins
1323 381 1541 432 enm.
2340 387 2465 444 157

189 529 232 574 a
247 502 544 594 judicare
597 507 951 593 potuerunt
1002 524 1201 592 quam
1251 526 1393 589 nos,
1447 505 1564 596 qui
1614 511 1709 576 tot
1752 529 1883 578 non
1932 532 2283 604 annorum,
2334 519 2467 590 imo

183 647 220 685 α
255 641 404 687 vero
451 617 851 686 saeculorum
899 617 1234 689 intervallo
1273 619 1354 688 ab
1385 620 1466 690 iis
1506 625 1739 692 remoti
1778 645 2029 696 sumus.
2060 629 2275 712 Quare
2301 633 2470 704 nihil

179 759 216 801 α
243 733 538 823 estquod
575 753 694 800 nos
724 733 806 800 ab
840 754 1072 802 eorum
1118 734 1423 826 opinione
1447 737 1851 828 recedamus,
1897 742 2024 812 nisi
2056 743 2470 820 validissimis

177 875 218 916 α
249 847 458 918 coacti
509 846 898 916 rationibus
955 873 990 914 n
1049 849 1308 920 Addere
1365 851 1669 940 potuisset
1720 853 2153 928 Sozomenum
2210 861 2471 932 histori-

175 985 373 1049 cum,
419 963 528 1052 qui
569 963 746 1032 idem
815 960 940 1032 sibi
993 984 1068 1032 ac
1123 961 1400 1034 Eusebio
1462 971 1730 1036 testatur
1772 971 1977 1040 videri
2028 971 2159 1065 (1);
2214 997 2469 1049 necnon

183 1078 562 1150 cassianum
581 1133 600 1163 ,
670 1083 900 1168 quarto
963 1081 1202 1146 saeculo
1251 1079 1421 1148 inter
1474 1083 1827 1153 monachos
1879 1083 2219 1178 AEgyptios
2260 1109 2473 1162 versa-

187 1202 371 1275 tum,
421 1215 454 1262 a
493 1215 622 1283 quo
659 1194 798 1261 haec
847 1193 1190 1261 traduntur
1217 1192 1310 1284 (2)
1361 1218 1378 1262 ε
1452 1221 1488 1262 α
1546 1185 1717 1266 Cum
1766 1199 1838 1265 in
1904 1201 2277 1290 primordiis
2319 1206 2468 1277 fidei

197 1333 238 1372 α
271 1308 450 1398 pauci
477 1308 773 1398 quidem,
815 1309 924 1377 sed
953 1309 1394 1399 probatissimi
1426 1312 1903 1383 monachorum
1944 1319 2211 1387 nomine
2244 1343 2467 1392 cense-

191 1445 234 1486 «
265 1427 510 1509 nentur,
535 1421 654 1511 qui
682 1421 854 1492 sicut
878 1443 914 1489 a
951 1422 1152 1492 beatae
1175 1424 1509 1493 memoriae
1534 1424 1943 1517 Evangelista
1978 1429 2276 1503 Marco...
2318 1457 2471 1506 nor·

187 1562 226 1601 (ι
253 1559 432 1606 mam
491 1557 832 1627 suscepere
895 1537 1204 1620 vivendi,
1279 1559 1409 1610 non
1469 1542 1684 1612 solum
1746 1544 1859 1612 illa
1919 1547 2267 1636 magnifica
2318 1551 2471 1620 reti-

183 1675 220 1718 «
247 1654 496 1722 nebant
555 1673 704 1743 quae
749 1653 1054 1743 primitus
1115 1651 1473 1723 Ecclesiam
1527 1657 1629 1724 vel
1677 1659 2081 1729 credentium
2128 1664 2346 1733 turbas
2396 1667 2471 1736 in

187 1795 224 1834 ι
247 1770 524 1840 Actibus
559 1769 1020 1861 Apostolorum
1053 1769 1331 1858 legimus
1361 1770 1793 1858 celebrasse,..
1811 1824 1827 1841 .
1867 1795 2096 1844 verum
2140 1779 2334 1847 etiam
2364 1781 2469 1851 his

189 1909 228 1949 ι
253 1884 468 1952 multo
509 1881 897 1952 sublimiora
937 1881 1539 1952 cumulaverant....
1586 1883 1679 1953 De
1730 1887 1967 1976 quibus
2015 1890 2212 1958 etiam
2258 1892 2315 1958 is
2352 1895 2468 1983 qui

197 2026 236 2066 ι
262 2001 480 2067 minus
517 1999 984 2089 indigenarum
1023 1996 1332 2068 relatione
1360 2001 1687 2089 cognovit,
1734 2000 2163 2072 ecclesiastica
2201 2005 2471 2076 historia

195 2137 230 2176 ι
253 2114 487 2203 poterit
507 2111 792 2182 edoceri.
825 2138 862 2178 >›
892 2111 1214 2180 Consonat
1241 2112 1419 2180 hisce
1446 2111 1849 2204 Nicephorus
1879 2114 2003 2206 (3).

271 2227 413 2296 Jam
488 2249 646 2296 vero
719 2227 934 2315 agitur
1007 2229 1178 2294 inter
1253 2229 1537 2296 eruditos
1616 2229 2049 2299 controversia
2125 2232 2469 2313 acerrima,

183 2357 377 2425 quam
422 2335 504 2403 de
555 2333 704 2402 vitae
741 2333 1058 2422 religiosae
1103 2331 1386 2423 origine‘
1405 2333 1653 2423 aliquid
1708 2335 1946 2404 chartae
1998 2339 2307 2406 mandare
2361 2359 2473 2406 vo·

187 2448 339 2518 lenti
385 2449 696 2540 ignorare
743 2469 876 2517 non
916 2449 1068 2531 licet
1113 2474 1128 2516 ε
1166 2448 1489 2518 nimirum
1520 2449 1965 2522 cedendumne
1992 2453 2075 2522 sit
2113 2453 2473 2524 rationibus

185 2565 426 2654 quibus
509 2563 828 2634 Eusebius
917 2563 1455 2634 christianitatem
1538 2567 2065 2657 therapeutarum
2138 2570 2473 2640 vindicare

191 2684 374 2746 tanto
430 2677 769 2748 verborum
835 2679 1118 2769 pondere
1192 2678 1374 2748 nisus
1445 2681 1576 2761 θείς
1662 2699 1746 2745 an
1818 2685 2063 2762 contra,
2136 2706 2301 2773 quos
2362 2685 2472 2754 ille

195 2791 438 2861 Christi
501 2792 842 2863 cultoribus
919 2802 1232 2879 accenset,
1303 2813 1481 2861 mera
1552 2792 1749 2862 fuerit
1824 2791 2200 2865 Judaeorum
2275 2805 2465 2867 secta.

201 2905 384 2976 Certe
406 2907 658 2978 Eusebii
694 2908 982 3000 adeoque
1009 2907 1124 2977 SS.
1175 2907 1560 2996 Hieronymi
1606 2913 1667 2974 et
1711 2905 2065 2998 Epiphanii
2121 2911 2469 2980 auctorita-

201 3028 328 3090 tem
369 3023 610 3092 elevare
652 3024 864 3092 conati
909 3029 1062 3090 sunt
1109 3021 1399 3112 plerique
1444 3020 1561 3111 qui
1599 3020 1679 3089 de
1720 3041 1795 3089 eo
1836 3028 2224 3109 argumento
2264 3021 2471 3093 disse-

191 3157 374 3206 ruere
416 3137 802 3221 acatholici3
848 3136 1088 3227 quibus
1131 3157 1206 3204 ex
1249 3136 1582 3204 catholicis
1630 3157 1785 3204 cum
1828 3136 2095 3207 Eusebii
2130 3135 2473 3227 interprete

199 3247 443 3321 Valesio
477 3252 570 3344 (4)
621 3252 934 3321 accedunt
981 3250 1040 3319 J.
1091 3249 1169 3319 B.
1216 3239 1573 3319 Cotelerius
1612 3249 1731 3340 (5),
1783 3250 1867 3318 A.
1930 3249 2167 3339 Pagius
2212 3250 2337 3342 (6),
2386 3249 2466 3321 L.

201 3353 386 3428 Ellies
427 3357 652 3452 Dupin
700 3359 820 3451 (7),
869 3357 926 3427 J.
977 3357 1264 3428 Bouhier
1308 3353 1430 3447 (8),
1475 3355 1559 3426 R.
1620 3355 1877 3425 Ceillier
1928 3356 2049 3448 (9),
2106 3357 2466 3430 Cardinalis

251 3665 320 3724 tl)
346 3663 483 3714 Hm.
515 3659 659 3722 eccl„
687 3661 772 3711 lib.
805 3665 848 3722 ι,
873 3671 920 3710 c.
959 3661 1034 3709 12.

263 3755 328 3814 (2)
359 3753 434 3802 De
453 3749 642 3802 coenob.
676 3750 877 3809 instit„
895 3747 987 3798 ub.
1019 3749 1069 3806 2,
1089 3757 1200 3808 cup.
1223 3745 1272 3802 5,
1295 3755 1411 3806 pag.
1445 3743 1519 3793 16.

257 3839 328 3903 (a)
345 3841 472 3891 Risi.
493 3839 635 3902 ωσι,
659 3837 748 3889 lib.
782 3841 830 3899 2,
853 3849 962 3900 cap.
987 3838 1066 3894 15,
1089 3845 1200 3898 pag.
1233 3833 1323 3883 156
1341 3829 1394 3881 e‘t
1424 3831 1535 3892 157,
1558 3828 1685 3881 edit.
1722 3829 1900 3893 Paris„
1934 3833 2076 3882 1630.

267 3918 431 3980 (4)Δά
449 3919 580 3970 Hm.
605 3917 725 3968 eccl.
749 3914 969 3974 Eusebii,
989 3913 1080 3964 uh.
1113 3915 1162 3969 2,
1187 3922 1296 3973 cap.
1335 3913 1411 3972 17,
1430 3921 1547 3974 pag.
1567 3909 1651 3960 35.

258 4009 329 4069 (5)
355 4007 488 4060 Eoez.
519 4007 679 4058 Groec.
703 4005 949 4066 Manum„
973 4009 1097 4053 tom.
1127 4004 1170 4062 1,
1191 4000 1285 4050 col.
1314 4001 1425 4050 789.

257 4097 328 4157 (6)
357 4093 432 4145 Ad
455 4107 574 4146 ann.
595 4097 658 4144 62
690 4093 915 4155 (neronio
947 4091 1047 4152 6⁴),
1077 4099 1225 4139 num.
1262 4089 1293 4137 2
1313 4088 1366 4138 et
1393 4087 1444 4149 3,
1484 4087 1607 4136 torn.
1638 4082 1960 4135 lAnnalium
1978 4080 2207 4146 Bar-onii,
2232 4093 2343 4148 pag.
2380 4087 2467 4138 597

213 4187 261 4232 et
279 4186 393 4245 5⁹8,
418 4183 538 4235 edtt.
565 4183 690 4233 Luc.
1646 4195 1653 4203 ·

257 4272 398 4334 (7)1η
421 4271 654 4334 Bunagtl
679 4269 814 4319 His-t.
841 4267 1154 4326 Judoeorum,
1183 4267 1310 4315 tom.
1349 4265 1395 4324 7,
1425 4260 1554 4313 edit.
1584 4259 1761 4318 Paris„
1794 4260 1938 4310 1710.

275 4364 342 4420 (8)
371 4361 572 4410 lettres
592 4373 726 4423 pour·
743 4361 796 4408 et
825 4360 1012 4416 contre,
1031 4359 1151 4415 etc..
1170 4366 1283 4417 pag.
1311 4358 1330 4402 1
1363 4357 1414 4401 et
1434 4362 1599 4413 seqq„
1623 4361 1735 4413 pag.
1768 4349 1857 4398 237
1882 4349 1936 4399 et
1959 4359 2099 4413 seqq.

279 4453 344 4510 (9)
365 4449 494 4500 ΗΜ.
522 4449 641 4513 qen.
673 4447 760 4498 des
783 4451 990 4498 autem-s
1020 4441 1173 4503 eccl..
1205 4447 1327 4492 tom.
1347 4443 1398 4502 4,
1422 4451 1541 4503 pag.
1569 4439 1663 4488 2⁶9
1690 4439 1743 4489 ct
1764 4447 1905 4500 seqq.
