<?xml version="1.0" encoding="UTF-8"?>
<!DOCTYPE html PUBLIC "-//W3C//DTD XHTML 1.0 Transitional//EN"
    "http://www.w3.org/TR/xhtml1/DTD/xhtml1-transitional.dtd">
<html xmlns="http://www.w3.org/1999/xhtml" xml:lang="en" lang="en">
 <head>
  <title>
</title>
<meta http-equiv="Content-Type" content="text/html;charset=utf-8" />
  <meta name='ocr-system' content='tesseract 3.04.00' />
  <meta name='ocr-capabilities' content='ocr_page ocr_carea ocr_par ocr_line ocrx_word'/>
</head>
<body>
  <div class='ocr_page' id='page_1' title='image "./tractatusdejure01unkngoog_0089.png"; bbox 0 0 2834 4959; ppageno 0'>
   <div class='ocr_carea' id='block_1_1' title="bbox 1117 357 2456 416">
    <p class='ocr_par' dir='ltr' id='par_1_1' title="bbox 1117 357 2456 416">
     <span class='ocr_line' id='line_1_1' title="bbox 1117 357 2456 416; baseline 0.009 -12"><span class='ocrx_word' id='word_1_1' title='bbox 1117 357 1268 406; x_wconf 69' lang='lat' dir='ltr'><strong>PARS</strong></span> <span class='ocrx_word' id='word_1_2' title='bbox 1313 357 1532 407; x_wconf 67' lang='lat' dir='ltr'><strong>Pam.</strong></span> <span class='ocrx_word' id='word_1_3' title='bbox 2382 361 2415 416; x_wconf 78' lang='lat'>7</span> <span class='ocrx_word' id='word_1_4' title='bbox 2428 359 2456 416; x_wconf 73' lang='lat'>¹</span> 
     </span>
    </p>
   </div>
   <div class='ocr_carea' id='block_1_2' title="bbox 219 475 2605 563">
    <p class='ocr_par' dir='ltr' id='par_1_2' title="bbox 219 475 2605 563">
     <span class='ocr_line' id='line_1_2' title="bbox 219 475 2605 563; baseline 0.007 -21"><span class='ocrx_word' id='word_1_5' title='bbox 219 505 251 542; x_wconf 75' lang='grc' dir='ltr'><strong><em>ι</em></strong></span> <span class='ocrx_word' id='word_1_6' title='bbox 278 475 652 563; x_wconf 73' lang='lat' dir='ltr'><strong>castitatem,</strong></span> <span class='ocrx_word' id='word_1_7' title='bbox 707 481 774 544; x_wconf 92' lang='lat' dir='ltr'><strong>et</strong></span> <span class='ocrx_word' id='word_1_8' title='bbox 827 497 957 546; x_wconf 89' lang='lat' dir='ltr'><strong>non</strong></span> <span class='ocrx_word' id='word_1_9' title='bbox 989 484 1323 546; x_wconf 85' lang='lat' dir='ltr'><strong>manerent</strong></span> <span class='ocrx_word' id='word_1_10' title='bbox 1395 479 1717 551; x_wconf 84' lang='lat' dir='ltr'><strong>inhabiles</strong></span> <span class='ocrx_word' id='word_1_11' title='bbox 1762 483 1841 550; x_wconf 89' lang='lat' dir='ltr'><strong>ad</strong></span> <span class='ocrx_word' id='word_1_12' title='bbox 1894 487 2388 558; x_wconf 77' lang='lat' dir='ltr'><strong>matrimonium</strong></span> <span class='ocrx_word' id='word_1_13' title='bbox 2443 516 2459 559; x_wconf 95' lang='lat'><strong>:</strong></span> <span class='ocrx_word' id='word_1_14' title='bbox 2598 533 2605 540; x_wconf 94' lang='lat'>-</span> 
     </span>
    </p>
   </div>
   <div class='ocr_carea' id='block_1_3' title="bbox 135 591 2487 4373">
    <p class='ocr_par' dir='ltr' id='par_1_3' title="bbox 199 591 2471 1373">
     <span class='ocr_line' id='line_1_3' title="bbox 212 591 2465 690; baseline 0.008 -34"><span class='ocrx_word' id='word_1_15' title='bbox 212 613 406 662; x_wconf 72' lang='lat' dir='ltr'><strong>anam</strong></span> <span class='ocrx_word' id='word_1_16' title='bbox 446 592 592 660; x_wconf 81' lang='lat' dir='ltr'><strong>haec</strong></span> <span class='ocrx_word' id='word_1_17' title='bbox 631 591 772 660; x_wconf 86' lang='lat' dir='ltr'><strong>duo</strong></span> <span class='ocrx_word' id='word_1_18' title='bbox 817 591 1110 666; x_wconf 77' lang='lat' dir='ltr'><strong>distincta</strong></span> <span class='ocrx_word' id='word_1_19' title='bbox 1157 597 1351 675; x_wconf 82' lang='lat' dir='ltr'><strong>sunt3</strong></span> <span class='ocrx_word' id='word_1_20' title='bbox 1395 601 1459 662; x_wconf 85' lang='lat' dir='ltr'><strong>et</strong></span> <span class='ocrx_word' id='word_1_21' title='bbox 1498 595 1613 684; x_wconf 85' lang='lat' dir='ltr'><strong>qui</strong></span> <span class='ocrx_word' id='word_1_22' title='bbox 1638 598 1849 686; x_wconf 87' lang='lat' dir='ltr'><strong>potuit</strong></span> <span class='ocrx_word' id='word_1_23' title='bbox 1886 605 2241 690; x_wconf 85' lang='lat' dir='ltr'><strong>utrumque</strong></span> <span class='ocrx_word' id='word_1_24' title='bbox 2266 605 2465 674; x_wconf 86' lang='lat' dir='ltr'><strong>simul</strong></span> 
     </span>
     <span class='ocr_line' id='line_1_4' title="bbox 205 705 2466 798; baseline 0.007 -26"><span class='ocrx_word' id='word_1_25' title='bbox 205 732 238 772; x_wconf 72' lang='grc' dir='ltr'><strong>α</strong></span> <span class='ocrx_word' id='word_1_26' title='bbox 268 707 710 792; x_wconf 80' lang='lat' dir='ltr'><strong>introducere,</strong></span> <span class='ocrx_word' id='word_1_27' title='bbox 743 705 1048 798; x_wconf 85' lang='lat' dir='ltr'><strong>potuisset</strong></span> <span class='ocrx_word' id='word_1_28' title='bbox 1073 707 1268 776; x_wconf 88' lang='lat' dir='ltr'><strong>etiam</strong></span> <span class='ocrx_word' id='word_1_29' title='bbox 1294 728 1504 776; x_wconf 90' lang='lat' dir='ltr'><strong>unum</strong></span> <span class='ocrx_word' id='word_1_30' title='bbox 1535 710 1673 778; x_wconf 86' lang='lat' dir='ltr'><strong>sine</strong></span> <span class='ocrx_word' id='word_1_31' title='bbox 1700 710 1901 781; x_wconf 84' lang='lat' dir='ltr'><strong>altero</strong></span> <span class='ocrx_word' id='word_1_32' title='bbox 1928 714 2247 784; x_wconf 85' lang='lat' dir='ltr'><strong>ordinare.</strong></span> <span class='ocrx_word' id='word_1_33' title='bbox 2277 715 2466 787; x_wconf 89' lang='lat' dir='ltr'><strong>Tunc</strong></span> 
     </span>
     <span class='ocr_line' id='line_1_5' title="bbox 199 821 2467 917; baseline 0.005 -29"><span class='ocrx_word' id='word_1_34' title='bbox 199 848 238 888; x_wconf 75' lang='grc' dir='ltr'>ι</span> <span class='ocrx_word' id='word_1_35' title='bbox 272 830 484 892; x_wconf 81' lang='lat' dir='ltr'><strong>antem</strong></span> <span class='ocrx_word' id='word_1_36' title='bbox 507 821 740 892; x_wconf 89' lang='lat' dir='ltr'><strong>eadem</strong></span> <span class='ocrx_word' id='word_1_37' title='bbox 761 828 926 892; x_wconf 83' lang='lat' dir='ltr'><strong>esset</strong></span> <span class='ocrx_word' id='word_1_38' title='bbox 958 822 1352 892; x_wconf 88' lang='lat' dir='ltr'><strong>consecratio</strong></span> <span class='ocrx_word' id='word_1_39' title='bbox 1377 829 1441 891; x_wconf 89' lang='lat' dir='ltr'><strong>et</strong></span> <span class='ocrx_word' id='word_1_40' title='bbox 1470 821 1833 896; x_wconf 77' lang='lat' dir='ltr'><strong>benedictio</strong></span> <span class='ocrx_word' id='word_1_41' title='bbox 1865 847 2187 917; x_wconf 80' lang='lat' dir='ltr'><strong>personae3</strong></span> <span class='ocrx_word' id='word_1_42' title='bbox 2221 836 2287 898; x_wconf 90' lang='lat' dir='ltr'><strong>et</strong></span> <span class='ocrx_word' id='word_1_43' title='bbox 2309 853 2467 900; x_wconf 86' lang='lat' dir='ltr'><strong>con-</strong></span> 
     </span>
     <span class='ocr_line' id='line_1_6' title="bbox 211 938 2471 1029; baseline 0.005 -26"><span class='ocrx_word' id='word_1_44' title='bbox 211 963 248 1003; x_wconf 73' lang='lat'><strong>«</strong></span> <span class='ocrx_word' id='word_1_45' title='bbox 275 943 608 1026; x_wconf 81' lang='lat' dir='ltr'><strong>sequenter</strong></span> <span class='ocrx_word' id='word_1_46' title='bbox 630 943 862 1006; x_wconf 78' lang='lat' dir='ltr'><strong>votum</strong></span> <span class='ocrx_word' id='word_1_47' title='bbox 893 941 1054 1006; x_wconf 83' lang='lat' dir='ltr'><strong>esset</strong></span> <span class='ocrx_word' id='word_1_48' title='bbox 1079 957 1404 1007; x_wconf 85' lang='lat' dir='ltr'><strong>annexum</strong></span> <span class='ocrx_word' id='word_1_49' title='bbox 1440 938 1649 1006; x_wconf 88' lang='lat' dir='ltr'><strong>eidem</strong></span> <span class='ocrx_word' id='word_1_50' title='bbox 1678 941 2173 1029; x_wconf 74' lang='lat' dir='ltr'><strong>consecrationi,</strong></span> <span class='ocrx_word' id='word_1_51' title='bbox 2208 951 2273 1012; x_wconf 92' lang='lat' dir='ltr'><strong>et</strong></span> <span class='ocrx_word' id='word_1_52' title='bbox 2297 944 2471 1014; x_wconf 85' lang='lat' dir='ltr'><strong>nihi-</strong></span> 
     </span>
     <span class='ocr_line' id='line_1_7' title="bbox 223 1051 2471 1142; baseline 0.006 -25"><span class='ocrx_word' id='word_1_53' title='bbox 223 1077 256 1117; x_wconf 74' lang='grc' dir='ltr'><strong>(ι</strong></span> <span class='ocrx_word' id='word_1_54' title='bbox 277 1051 560 1122; x_wconf 81' lang='lat' dir='ltr'><strong>lominus</strong></span> <span class='ocrx_word' id='word_1_55' title='bbox 583 1075 720 1122; x_wconf 89' lang='lat' dir='ltr'><strong>non</strong></span> <span class='ocrx_word' id='word_1_56' title='bbox 747 1057 910 1122; x_wconf 84' lang='lat' dir='ltr'><strong>esset</strong></span> <span class='ocrx_word' id='word_1_57' title='bbox 933 1053 1242 1122; x_wconf 78' lang='lat' dir='ltr'><strong>solemne.</strong></span> <span class='ocrx_word' id='word_1_58' title='bbox 1273 1051 1443 1142; x_wconf 83' lang='lat' dir='ltr'><strong>Ergo</strong></span> <span class='ocrx_word' id='word_1_59' title='bbox 1464 1053 1839 1124; x_wconf 78' lang='lat' dir='ltr'><strong>solemnitas</strong></span> <span class='ocrx_word' id='word_1_60' title='bbox 1864 1077 1995 1125; x_wconf 89' lang='lat' dir='ltr'><strong>non</strong></span> <span class='ocrx_word' id='word_1_61' title='bbox 2016 1059 2305 1128; x_wconf 79' lang='lat' dir='ltr'><strong>consistit</strong></span> <span class='ocrx_word' id='word_1_62' title='bbox 2336 1061 2471 1130; x_wconf 83' lang='lat' dir='ltr'><strong>for-</strong></span> 
     </span>
     <span class='ocr_line' id='line_1_8' title="bbox 225 1166 2469 1262; baseline 0.003 -28"><span class='ocrx_word' id='word_1_63' title='bbox 225 1195 264 1234; x_wconf 76' lang='lat'><strong>«</strong></span> <span class='ocrx_word' id='word_1_64' title='bbox 289 1169 534 1237; x_wconf 85' lang='lat' dir='ltr'><strong>maliter</strong></span> <span class='ocrx_word' id='word_1_65' title='bbox 573 1175 638 1236; x_wconf 91' lang='lat' dir='ltr'><strong>et</strong></span> <span class='ocrx_word' id='word_1_66' title='bbox 685 1189 804 1260; x_wconf 85' lang='lat' dir='ltr'><strong>per</strong></span> <span class='ocrx_word' id='word_1_67' title='bbox 847 1190 914 1236; x_wconf 85' lang='lat' dir='ltr'><strong>se</strong></span> <span class='ocrx_word' id='word_1_68' title='bbox 966 1166 1035 1235; x_wconf 91' lang='lat' dir='ltr'><strong>in</strong></span> <span class='ocrx_word' id='word_1_69' title='bbox 1094 1167 1208 1236; x_wconf 89' lang='lat' dir='ltr'><strong>illa</strong></span> <span class='ocrx_word' id='word_1_70' title='bbox 1267 1169 1769 1242; x_wconf 79' lang='lat' dir='ltr'><strong>consecratione.</strong></span> <span class='ocrx_word' id='word_1_71' title='bbox 1828 1194 1863 1237; x_wconf 73' lang='lat' dir='ltr'><strong>n</strong></span> <span class='ocrx_word' id='word_1_72' title='bbox 1932 1171 2051 1262; x_wconf 92' lang='lat' dir='ltr'><strong>(De</strong></span> <span class='ocrx_word' id='word_1_73' title='bbox 2098 1171 2469 1262; x_wconf 76' lang='lat' dir='ltr'><strong>Reliqione,</strong></span> 
     </span>
     <span class='ocr_line' id='line_1_9' title="bbox 224 1282 1190 1373; baseline 0 -21"><span class='ocrx_word' id='word_1_74' title='bbox 224 1291 476 1354; x_wconf 85' lang='lat' dir='ltr'><strong>tractatu</strong></span> <span class='ocrx_word' id='word_1_75' title='bbox 519 1286 589 1364; x_wconf 89' lang='lat'><strong>7,</strong></span> <span class='ocrx_word' id='word_1_76' title='bbox 621 1283 671 1350; x_wconf 89' lang='lat' dir='ltr'><strong>l.</strong></span> <span class='ocrx_word' id='word_1_77' title='bbox 707 1283 776 1366; x_wconf 84' lang='lat'><strong>2,</strong></span> <span class='ocrx_word' id='word_1_78' title='bbox 805 1305 864 1352; x_wconf 90' lang='lat' dir='ltr'><strong>c.</strong></span> <span class='ocrx_word' id='word_1_79' title='bbox 897 1282 966 1370; x_wconf 83' lang='grc'><strong>6,</strong></span> <span class='ocrx_word' id='word_1_80' title='bbox 1000 1305 1068 1351; x_wconf 90' lang='lat' dir='ltr'><strong>n.</strong></span> <span class='ocrx_word' id='word_1_81' title='bbox 1093 1282 1190 1373; x_wconf 86' lang='lat'><strong>5.)</strong></span> 
     </span>
    </p>

    <p class='ocr_par' dir='ltr' id='par_1_4' title="bbox 135 1395 2481 2990">
     <span class='ocr_line' id='line_1_10' title="bbox 301 1395 2473 1491; baseline 0.003 -23"><span class='ocrx_word' id='word_1_82' title='bbox 301 1399 604 1491; x_wconf 82' lang='lat' dir='ltr'><strong>Objicies.</strong></span> <span class='ocrx_word' id='word_1_83' title='bbox 645 1437 732 1452; x_wconf 90' lang='lat'>-</span> <span class='ocrx_word' id='word_1_84' title='bbox 765 1395 1074 1467; x_wconf 82' lang='lat' dir='ltr'><strong>Doctrina</strong></span> <span class='ocrx_word' id='word_1_85' title='bbox 1125 1399 1268 1468; x_wconf 79' lang='lat' dir='ltr'><strong>haec</strong></span> <span class='ocrx_word' id='word_1_86' title='bbox 1321 1403 1714 1470; x_wconf 88' lang='lat' dir='ltr'><strong>contrarium</strong></span> <span class='ocrx_word' id='word_1_87' title='bbox 1763 1403 1885 1472; x_wconf 87' lang='lat' dir='ltr'><strong>sibi</strong></span> <span class='ocrx_word' id='word_1_88' title='bbox 1934 1403 2127 1473; x_wconf 88' lang='lat' dir='ltr'><strong>habet</strong></span> <span class='ocrx_word' id='word_1_89' title='bbox 2176 1411 2473 1475; x_wconf 83' lang='lat' dir='ltr'><strong>sanctum</strong></span> 
     </span>
     <span class='ocr_line' id='line_1_11' title="bbox 211 1512 2471 1608; baseline 0.002 -25"><span class='ocrx_word' id='word_1_90' title='bbox 211 1514 550 1602; x_wconf 85' lang='lat' dir='ltr'><strong>Thomam,</strong></span> <span class='ocrx_word' id='word_1_91' title='bbox 584 1515 700 1604; x_wconf 87' lang='lat' dir='ltr'><strong>qui</strong></span> <span class='ocrx_word' id='word_1_92' title='bbox 720 1512 812 1583; x_wconf 83' lang='lat' dir='ltr'><strong>sic</strong></span> <span class='ocrx_word' id='word_1_93' title='bbox 837 1513 1022 1582; x_wconf 86' lang='lat' dir='ltr'><strong>docet</strong></span> <span class='ocrx_word' id='word_1_94' title='bbox 1053 1513 1234 1604; x_wconf 79' lang='lat'><strong>(2-2,</strong></span> <span class='ocrx_word' id='word_1_95' title='bbox 1260 1537 1326 1606; x_wconf 86' lang='lat' dir='ltr'><strong>q.</strong></span> <span class='ocrx_word' id='word_1_96' title='bbox 1357 1513 1470 1600; x_wconf 88' lang='lat'><strong>88,</strong></span> <span class='ocrx_word' id='word_1_97' title='bbox 1502 1538 1563 1586; x_wconf 91' lang='lat' dir='ltr'><strong>a.</strong></span> <span class='ocrx_word' id='word_1_98' title='bbox 1600 1517 1665 1608; x_wconf 91' lang='grc'><strong>7)</strong></span> <span class='ocrx_word' id='word_1_99' title='bbox 1702 1543 1719 1586; x_wconf 78' lang='lat'>2</span> <span class='ocrx_word' id='word_1_100' title='bbox 1758 1519 2335 1591; x_wconf 76' lang='lat' dir='ltr'><strong>Solemnitas&#39;voti</strong></span> <span class='ocrx_word' id='word_1_101' title='bbox 2358 1532 2471 1590; x_wconf 85' lang='lat' dir='ltr'><strong>at·-</strong></span> 
     </span>
     <span class='ocr_line' id='line_1_12' title="bbox 203 1627 2471 1729; baseline 0.003 -31"><span class='ocrx_word' id='word_1_102' title='bbox 203 1629 504 1700; x_wconf 81' lang='lat' dir='ltr'><strong>tenditur</strong></span> <span class='ocrx_word' id='word_1_103' title='bbox 525 1627 886 1699; x_wconf 78' lang='lat' dir='ltr'><strong>seeundum</strong></span> <span class='ocrx_word' id='word_1_104' title='bbox 901 1627 1162 1721; x_wconf 80' lang='lat' dir='ltr'><strong>aliquid</strong></span> <span class='ocrx_word' id='word_1_105' title='bbox 1173 1629 1551 1721; x_wconf 72' lang='lat' dir='ltr'><strong>spirituale,</strong></span> <span class='ocrx_word' id='word_1_106' title='bbox 1574 1631 1757 1724; x_wconf 78' lang='lat' dir='ltr'><strong>quod</strong></span> <span class='ocrx_word' id='word_1_107' title='bbox 1770 1631 1863 1701; x_wconf 87' lang='lat' dir='ltr'><strong>ad</strong></span> <span class='ocrx_word' id='word_1_108' title='bbox 1876 1637 2088 1704; x_wconf 85' lang='lat' dir='ltr'><strong>Deum</strong></span> <span class='ocrx_word' id='word_1_109' title='bbox 2105 1638 2471 1729; x_wconf 77' lang='lat' dir='ltr'><strong>pertineat,</strong></span> 
     </span>
     <span class='ocr_line' id='line_1_13' title="bbox 203 1745 2471 1838; baseline 0.003 -23"><span class='ocrx_word' id='word_1_110' title='bbox 203 1746 270 1815; x_wconf 84' lang='lat' dir='ltr'><strong>id</strong></span> <span class='ocrx_word' id='word_1_111' title='bbox 298 1759 427 1832; x_wconf 69' lang='lat' dir='ltr'><strong>eet,</strong></span> <span class='ocrx_word' id='word_1_112' title='bbox 452 1745 818 1815; x_wconf 75' lang='lat' dir='ltr'><strong>secundum</strong></span> <span class='ocrx_word' id='word_1_113' title='bbox 847 1745 1150 1837; x_wconf 81' lang='lat' dir='ltr'><strong>aliquam</strong></span> <span class='ocrx_word' id='word_1_114' title='bbox 1202 1745 1713 1816; x_wconf 80' lang='lat' dir='ltr'><strong>benedictionem</strong></span> <span class='ocrx_word' id='word_1_115' title='bbox 1757 1749 1865 1818; x_wconf 83' lang='lat' dir='ltr'><strong>vel</strong></span> <span class='ocrx_word' id='word_1_116' title='bbox 1890 1753 2471 1838; x_wconf 85' lang='lat' dir='ltr'><strong>consecrationem,</strong></span> 
     </span>
     <span class='ocr_line' id='line_1_14' title="bbox 193 1859 2477 1954; baseline 0 -23"><span class='ocrx_word' id='word_1_117' title='bbox 193 1883 342 1950; x_wconf 75' lang='lat' dir='ltr'><strong>qnoe</strong></span> <span class='ocrx_word' id='word_1_118' title='bbox 367 1885 452 1932; x_wconf 73' lang='lat' dir='ltr'><strong>ea:</strong></span> <span class='ocrx_word' id='word_1_119' title='bbox 467 1861 898 1930; x_wconf 66' lang='lat' dir='ltr'><strong>instinctione</strong></span> <span class='ocrx_word' id='word_1_120' title='bbox 911 1860 1382 1953; x_wconf 79' lang='lat' dir='ltr'><strong>Apostolorum</strong></span> <span class='ocrx_word' id='word_1_121' title='bbox 1406 1859 1760 1931; x_wconf 80' lang='lat' dir='ltr'><strong>adhibetur</strong></span> <span class='ocrx_word' id='word_1_122' title='bbox 1784 1863 1857 1930; x_wconf 84' lang='lat' dir='ltr'><strong>in</strong></span> <span class='ocrx_word' id='word_1_123' title='bbox 1867 1866 2271 1954; x_wconf 81' lang='lat' dir='ltr'><strong>professione</strong></span> <span class='ocrx_word' id='word_1_124' title='bbox 2285 1877 2477 1932; x_wconf 87' lang='lat' dir='ltr'><strong>certoe</strong></span> 
     </span>
     <span class='ocr_line' id='line_1_15' title="bbox 213 1965 2477 2070; baseline 0.001 -27"><span class='ocrx_word' id='word_1_125' title='bbox 213 1977 480 2070; x_wconf 71' lang='lat' dir='ltr'><strong>requloe.</strong></span> <span class='ocrx_word' id='word_1_126' title='bbox 507 1977 730 2066; x_wconf 80' lang='lat' dir='ltr'><strong>Atque</strong></span> <span class='ocrx_word' id='word_1_127' title='bbox 761 1977 950 2061; x_wconf 80' lang='lat' dir='ltr'><strong>infra,</strong></span> <span class='ocrx_word' id='word_1_128' title='bbox 985 1965 1257 2045; x_wconf 80' lang='lat' dir='ltr'><strong>articulo</strong></span> <span class='ocrx_word' id='word_1_129' title='bbox 1288 1977 1334 2044; x_wconf 84' lang='lat'>9</span> <span class='ocrx_word' id='word_1_130' title='bbox 1372 2000 1389 2044; x_wconf 75' lang='grc' dir='ltr'><strong><em>ε</em></strong></span> <span class='ocrx_word' id='word_1_131' title='bbox 1434 1977 1833 2045; x_wconf 85' lang='lat' dir='ltr'><strong>Solemnitas</strong></span> <span class='ocrx_word' id='word_1_132' title='bbox 1872 1979 2018 2045; x_wconf 82' lang='lat' dir='ltr'><strong>voti</strong></span> <span class='ocrx_word' id='word_1_133' title='bbox 2054 1979 2125 2045; x_wconf 86' lang='lat' dir='ltr'><strong>in</strong></span> <span class='ocrx_word' id='word_1_134' title='bbox 2183 1977 2477 2068; x_wconf 81' lang='lat' dir='ltr'><strong>quadam</strong></span> 
     </span>
     <span class='ocr_line' id='line_1_16' title="bbox 210 2090 2480 2185; baseline 0 -24"><span class='ocrx_word' id='word_1_135' title='bbox 210 2092 552 2185; x_wconf 72' lang='lat' dir='ltr'><strong>spirituali</strong></span> <span class='ocrx_word' id='word_1_136' title='bbox 606 2090 1054 2160; x_wconf 84' lang='lat' dir='ltr'><strong>benedictione</strong></span> <span class='ocrx_word' id='word_1_137' title='bbox 1107 2102 1172 2160; x_wconf 92' lang='lat' dir='ltr'><strong>et</strong></span> <span class='ocrx_word' id='word_1_138' title='bbox 1227 2092 1711 2162; x_wconf 82' lang='lat' dir='ltr'><strong>consecratione</strong></span> <span class='ocrx_word' id='word_1_139' title='bbox 1756 2093 2073 2162; x_wconf 78' lang='lat' dir='ltr'><strong>consistit.</strong></span> <span class='ocrx_word' id='word_1_140' title='bbox 2100 2130 2187 2144; x_wconf 93' lang='lat'>—</span> <span class='ocrx_word' id='word_1_141' title='bbox 2212 2092 2313 2161; x_wconf 86' lang='lat' dir='ltr'><strong>Ad</strong></span> <span class='ocrx_word' id='word_1_142' title='bbox 2336 2091 2480 2162; x_wconf 85' lang='lat' dir='ltr'><strong>illos</strong></span> 
     </span>
     <span class='ocr_line' id='line_1_17' title="bbox 207 2205 2480 2301; baseline -0.001 -23"><span class='ocrx_word' id='word_1_143' title='bbox 207 2209 506 2301; x_wconf 80' lang='lat' dir='ltr'><strong>Angelici</strong></span> <span class='ocrx_word' id='word_1_144' title='bbox 545 2205 826 2276; x_wconf 83' lang='lat' dir='ltr'><strong>doctoris</strong></span> <span class='ocrx_word' id='word_1_145' title='bbox 851 2211 1060 2276; x_wconf 79' lang='lat' dir='ltr'><strong>textus</strong></span> <span class='ocrx_word' id='word_1_146' title='bbox 1094 2207 1437 2296; x_wconf 84' lang='lat' dir='ltr'><strong>respondet</strong></span> <span class='ocrx_word' id='word_1_147' title='bbox 1464 2205 1701 2276; x_wconf 88' lang='lat' dir='ltr'><strong>Suarez</strong></span> <span class='ocrx_word' id='word_1_148' title='bbox 1735 2232 1753 2276; x_wconf 70' lang='grc' dir='ltr'>ι</span> <span class='ocrx_word' id='word_1_149' title='bbox 1788 2233 1825 2274; x_wconf 75' lang='grc' dir='ltr'><strong>α</strong></span> <span class='ocrx_word' id='word_1_150' title='bbox 1856 2207 2007 2278; x_wconf 85' lang='lat' dir='ltr'><strong>Haec</strong></span> <span class='ocrx_word' id='word_1_151' title='bbox 2032 2206 2347 2276; x_wconf 85' lang='lat' dir='ltr'><strong>sententia</strong></span> <span class='ocrx_word' id='word_1_152' title='bbox 2369 2207 2480 2276; x_wconf 90' lang='lat' dir='ltr'><strong>in-</strong></span> 
     </span>
     <span class='ocr_line' id='line_1_18' title="bbox 215 2323 2481 2414; baseline 0 -22"><span class='ocrx_word' id='word_1_153' title='bbox 215 2352 250 2392; x_wconf 74' lang='lat'>«</span> <span class='ocrx_word' id='word_1_154' title='bbox 281 2326 534 2394; x_wconf 81' lang='lat' dir='ltr'><strong>tellecta</strong></span> <span class='ocrx_word' id='word_1_155' title='bbox 581 2330 784 2414; x_wconf 85' lang='lat' dir='ltr'><strong>prout</strong></span> <span class='ocrx_word' id='word_1_156' title='bbox 821 2323 1018 2390; x_wconf 82' lang='lat' dir='ltr'><strong>verba</strong></span> <span class='ocrx_word' id='word_1_157' title='bbox 1067 2331 1378 2392; x_wconf 86' lang='lat' dir='ltr'><strong>sonant...</strong></span> <span class='ocrx_word' id='word_1_158' title='bbox 1429 2323 1571 2392; x_wconf 86' lang='lat' dir='ltr'><strong>aliis</strong></span> <span class='ocrx_word' id='word_1_159' title='bbox 1631 2323 1947 2414; x_wconf 85' lang='lat' dir='ltr'><strong>theologis</strong></span> <span class='ocrx_word' id='word_1_160' title='bbox 1992 2326 2122 2392; x_wconf 80' lang='lat' dir='ltr'><strong>fere</strong></span> <span class='ocrx_word' id='word_1_161' title='bbox 2174 2323 2481 2393; x_wconf 84' lang='lat' dir='ltr'><strong>omnibus</strong></span> 
     </span>
     <span class='ocr_line' id='line_1_19' title="bbox 211 2437 2480 2531; baseline 0 -23"><span class='ocrx_word' id='word_1_162' title='bbox 211 2467 248 2508; x_wconf 75' lang='grc' dir='ltr'><strong>α</strong></span> <span class='ocrx_word' id='word_1_163' title='bbox 273 2438 666 2531; x_wconf 83' lang='lat' dir='ltr'><strong>displicuit:</strong></span> <span class='ocrx_word' id='word_1_164' title='bbox 699 2438 1056 2530; x_wconf 61' lang='lat' dir='ltr'><strong>prasertim</strong></span> <span class='ocrx_word' id='word_1_165' title='bbox 1105 2437 1407 2522; x_wconf 88' lang='lat' dir='ltr'><strong>Scoto...,</strong></span> <span class='ocrx_word' id='word_1_166' title='bbox 1454 2437 1848 2508; x_wconf 91' lang='lat' dir='ltr'><strong>Durando...</strong></span> <span class='ocrx_word' id='word_1_167' title='bbox 1892 2446 2001 2507; x_wconf 84' lang='lat' dir='ltr'><strong>:et</strong></span> <span class='ocrx_word' id='word_1_168' title='bbox 2028 2461 2104 2508; x_wconf 84' lang='lat' dir='ltr'><strong>ex</strong></span> <span class='ocrx_word' id='word_1_169' title='bbox 2130 2437 2480 2509; x_wconf 84' lang='lat' dir='ltr'><strong>Thomistis</strong></span> 
     </span>
     <span class='ocr_line' id='line_1_20' title="bbox 211 2551 2479 2645; baseline 0.001 -24"><span class='ocrx_word' id='word_1_170' title='bbox 211 2582 251 2621; x_wconf 64' lang='grc' dir='ltr'><strong>ιι</strong></span> <span class='ocrx_word' id='word_1_171' title='bbox 275 2555 468 2624; x_wconf 86' lang='lat' dir='ltr'><strong>iilam</strong></span> <span class='ocrx_word' id='word_1_172' title='bbox 503 2553 740 2626; x_wconf 80' lang='lat' dir='ltr'><strong>refellit</strong></span> <span class='ocrx_word' id='word_1_173' title='bbox 773 2551 1200 2644; x_wconf 86' lang='lat' dir='ltr'><strong>Cajetanus...</strong></span> <span class='ocrx_word' id='word_1_174' title='bbox 1235 2577 1252 2621; x_wconf 77' lang='lat' dir='ltr'><strong><em>z</em></strong></span> <span class='ocrx_word' id='word_1_175' title='bbox 1285 2560 1349 2621; x_wconf 87' lang='lat' dir='ltr'><strong>et</strong></span> <span class='ocrx_word' id='word_1_176' title='bbox 1389 2552 1556 2622; x_wconf 89' lang='lat' dir='ltr'><strong>mihi</strong></span> <span class='ocrx_word' id='word_1_177' title='bbox 1588 2555 1783 2622; x_wconf 86' lang='lat' dir='ltr'><strong>etiam</strong></span> <span class='ocrx_word' id='word_1_178' title='bbox 1834 2555 2261 2645; x_wconf 83' lang='lat' dir='ltr'><strong>improbanda</strong></span> <span class='ocrx_word' id='word_1_179' title='bbox 2302 2554 2479 2624; x_wconf 79' lang='lat' dir='ltr'><strong>vide-</strong></span> 
     </span>
     <span class='ocr_line' id='line_1_21' title="bbox 135 2667 2477 2760; baseline 0.003 -28"><span class='ocrx_word' id='word_1_180' title='bbox 135 2711 142 2721; x_wconf 83' lang='lat'><em>·</em></span> <span class='ocrx_word' id='word_1_181' title='bbox 221 2693 260 2732; x_wconf 71' lang='grc' dir='ltr'><strong>α</strong></span> <span class='ocrx_word' id='word_1_182' title='bbox 285 2675 416 2736; x_wconf 87' lang='lat' dir='ltr'><strong>tur.</strong></span> <span class='ocrx_word' id='word_1_183' title='bbox 443 2694 482 2734; x_wconf 66' lang='lat' dir='ltr'><strong>n</strong></span> <span class='ocrx_word' id='word_1_184' title='bbox 517 2669 638 2760; x_wconf 79' lang='lat' dir='ltr'><strong>(De</strong></span> <span class='ocrx_word' id='word_1_185' title='bbox 679 2667 1040 2759; x_wconf 75' lang='lat' dir='ltr'><strong>Reliqione,</strong></span> <span class='ocrx_word' id='word_1_186' title='bbox 1071 2675 1340 2738; x_wconf 86' lang='lat' dir='ltr'><strong>tractatu</strong></span> <span class='ocrx_word' id='word_1_187' title='bbox 1371 2670 1437 2748; x_wconf 82' lang='lat'><strong>7,</strong></span> <span class='ocrx_word' id='word_1_188' title='bbox 1470 2669 1513 2738; x_wconf 91' lang='lat'><strong>1.</strong></span> <span class='ocrx_word' id='word_1_189' title='bbox 1548 2667 1618 2754; x_wconf 82' lang='lat'><strong>2,</strong></span> <span class='ocrx_word' id='word_1_190' title='bbox 1654 2691 1713 2738; x_wconf 90' lang='lat' dir='ltr'><strong>c.</strong></span> <span class='ocrx_word' id='word_1_191' title='bbox 1746 2668 1815 2754; x_wconf 83' lang='grc'><strong>6,</strong></span> <span class='ocrx_word' id='word_1_192' title='bbox 1844 2692 1912 2739; x_wconf 88' lang='lat' dir='ltr'><strong>n.</strong></span> <span class='ocrx_word' id='word_1_193' title='bbox 1948 2669 2045 2760; x_wconf 88' lang='lat'><strong>3.)</strong></span> <span class='ocrx_word' id='word_1_194' title='bbox 2072 2670 2320 2739; x_wconf 89' lang='lat' dir='ltr'><strong>Ibidem</strong></span> <span class='ocrx_word' id='word_1_195' title='bbox 2349 2691 2477 2739; x_wconf 85' lang='lat' dir='ltr'><strong>au-</strong></span> 
     </span>
     <span class='ocr_line' id='line_1_22' title="bbox 215 2782 2477 2874; baseline 0.002 -25"><span class='ocrx_word' id='word_1_196' title='bbox 215 2787 382 2866; x_wconf 87' lang='lat' dir='ltr'><strong>tem,</strong></span> <span class='ocrx_word' id='word_1_197' title='bbox 411 2803 484 2850; x_wconf 89' lang='lat' dir='ltr'><strong>n.</strong></span> <span class='ocrx_word' id='word_1_198' title='bbox 535 2782 642 2866; x_wconf 84' lang='lat'><strong>18,</strong></span> <span class='ocrx_word' id='word_1_199' title='bbox 690 2784 954 2853; x_wconf 74' lang='lat' dir='ltr'><strong>ostendit</strong></span> <span class='ocrx_word' id='word_1_200' title='bbox 1003 2782 1342 2852; x_wconf 86' lang='lat' dir='ltr'><strong>Suaresius</strong></span> <span class='ocrx_word' id='word_1_201' title='bbox 1367 2784 1693 2874; x_wconf 88' lang='lat' dir='ltr'><strong>quomodo</strong></span> <span class='ocrx_word' id='word_1_202' title='bbox 1723 2784 1921 2874; x_wconf 84' lang='lat' dir='ltr'><strong>possit</strong></span> <span class='ocrx_word' id='word_1_203' title='bbox 1966 2786 2167 2852; x_wconf 84' lang='lat' dir='ltr'><strong>sancti</strong></span> <span class='ocrx_word' id='word_1_204' title='bbox 2208 2784 2477 2854; x_wconf 80' lang='lat' dir='ltr'><strong>Thomae</strong></span> 
     </span>
     <span class='ocr_line' id='line_1_23' title="bbox 211 2896 1856 2990; baseline 0.001 -24"><span class='ocrx_word' id='word_1_205' title='bbox 211 2896 526 2986; x_wconf 72' lang='lat' dir='ltr'><strong>allegatus</strong></span> <span class='ocrx_word' id='word_1_206' title='bbox 547 2905 744 2968; x_wconf 86' lang='lat' dir='ltr'><strong>textus</strong></span> <span class='ocrx_word' id='word_1_207' title='bbox 769 2898 1070 2990; x_wconf 78' lang='lat' dir='ltr'><strong>intelligi.</strong></span> <span class='ocrx_word' id='word_1_208' title='bbox 1853 2907 1856 2910; x_wconf 82' lang='grc'><strong>’</strong></span> 
     </span>
    </p>

    <p class='ocr_par' dir='ltr' id='par_1_5' title="bbox 208 3011 2487 4373">
     <span class='ocr_line' id='line_1_24' title="bbox 305 3011 2478 3106; baseline 0 -24"><span class='ocrx_word' id='word_1_209' title='bbox 305 3011 678 3083; x_wconf 70' lang='lat' dir='ltr'><strong>Pnorosmo</strong></span> <span class='ocrx_word' id='word_1_210' title='bbox 719 3014 828 3082; x_wconf 86' lang='lat'><strong>11·.</strong></span> <span class='ocrx_word' id='word_1_211' title='bbox 863 3053 954 3066; x_wconf 95' lang='lat'>—</span> <span class='ocrx_word' id='word_1_212' title='bbox 975 3015 1133 3083; x_wconf 87' lang='lat' dir='ltr'><strong>Etsi</strong></span> <span class='ocrx_word' id='word_1_213' title='bbox 1179 3027 1410 3084; x_wconf 82' lang='lat' dir='ltr'><strong>votum</strong></span> <span class='ocrx_word' id='word_1_214' title='bbox 1446 3027 1725 3106; x_wconf 80' lang='lat' dir='ltr'><strong>nequeat</strong></span> <span class='ocrx_word' id='word_1_215' title='bbox 1752 3037 1885 3083; x_wconf 87' lang='lat' dir='ltr'><strong>esse</strong></span> <span class='ocrx_word' id='word_1_216' title='bbox 1926 3015 2212 3083; x_wconf 79' lang='lat' dir='ltr'><strong>solemne</strong></span> <span class='ocrx_word' id='word_1_217' title='bbox 2239 3013 2478 3104; x_wconf 79' lang='lat' dir='ltr'><strong>absque</strong></span> 
     </span>
     <span class='ocr_line' id='line_1_25' title="bbox 211 3128 2479 3221; baseline 0 -23"><span class='ocrx_word' id='word_1_218' title='bbox 211 3128 447 3221; x_wconf 81' lang='lat' dir='ltr'><strong>aliqua</strong></span> <span class='ocrx_word' id='word_1_219' title='bbox 467 3145 745 3198; x_wconf 75' lang='lat' dir='ltr'><strong>externa</strong></span> <span class='ocrx_word' id='word_1_220' title='bbox 783 3130 1346 3220; x_wconf 82' lang='lat' dir='ltr'><strong>manifestatione,</strong></span> <span class='ocrx_word' id='word_1_221' title='bbox 1379 3130 1761 3198; x_wconf 82' lang='lat' dir='ltr'><strong>substantia</strong></span> <span class='ocrx_word' id='word_1_222' title='bbox 1794 3141 2015 3198; x_wconf 87' lang='lat' dir='ltr'><strong>tamen</strong></span> <span class='ocrx_word' id='word_1_223' title='bbox 2038 3128 2479 3198; x_wconf 82' lang='lat' dir='ltr'><strong>solemnitatis</strong></span> 
     </span>
     <span class='ocr_line' id='line_1_26' title="bbox 219 3242 2478 3336; baseline 0.001 -26"><span class='ocrx_word' id='word_1_224' title='bbox 219 3266 352 3312; x_wconf 84' lang='lat' dir='ltr'><strong>non</strong></span> <span class='ocrx_word' id='word_1_225' title='bbox 376 3245 674 3314; x_wconf 80' lang='lat' dir='ltr'><strong>consistit</strong></span> <span class='ocrx_word' id='word_1_226' title='bbox 701 3246 773 3314; x_wconf 85' lang='lat' dir='ltr'><strong>in</strong></span> <span class='ocrx_word' id='word_1_227' title='bbox 813 3243 950 3313; x_wconf 77' lang='lat' dir='ltr'><strong>ullo</strong></span> <span class='ocrx_word' id='word_1_228' title='bbox 975 3242 1302 3336; x_wconf 83' lang='lat' dir='ltr'><strong>ejusmodi</strong></span> <span class='ocrx_word' id='word_1_229' title='bbox 1317 3256 1589 3314; x_wconf 79' lang='lat' dir='ltr'><strong>eaeterno</strong></span> <span class='ocrx_word' id='word_1_230' title='bbox 1620 3243 1817 3312; x_wconf 84' lang='lat' dir='ltr'><strong>modo</strong></span> <span class='ocrx_word' id='word_1_231' title='bbox 1844 3255 1965 3312; x_wconf 84' lang='lat' dir='ltr'><strong>aut</strong></span> <span class='ocrx_word' id='word_1_232' title='bbox 1992 3246 2155 3322; x_wconf 80' lang='lat' dir='ltr'><strong>ritu,</strong></span> <span class='ocrx_word' id='word_1_233' title='bbox 2189 3243 2260 3312; x_wconf 84' lang='lat' dir='ltr'><strong>in</strong></span> <span class='ocrx_word' id='word_1_234' title='bbox 2288 3245 2478 3313; x_wconf 85' lang='lat' dir='ltr'><strong>emis-</strong></span> 
     </span>
     <span class='ocr_line' id='line_1_27' title="bbox 217 3357 2477 3450; baseline 0 -24"><span class='ocrx_word' id='word_1_235' title='bbox 217 3359 392 3428; x_wconf 83' lang='lat' dir='ltr'><strong>sione</strong></span> <span class='ocrx_word' id='word_1_236' title='bbox 413 3373 726 3429; x_wconf 82' lang='lat' dir='ltr'><strong>votorum</strong></span> <span class='ocrx_word' id='word_1_237' title='bbox 753 3357 1074 3429; x_wconf 77' lang='lat' dir='ltr'><strong>adhibito.</strong></span> <span class='ocrx_word' id='word_1_238' title='bbox 1103 3399 1193 3412; x_wconf 96' lang='lat'><strong>—</strong></span> <span class='ocrx_word' id='word_1_239' title='bbox 1218 3358 1535 3428; x_wconf 83' lang='lat' dir='ltr'><strong>Probatur</strong></span> <span class='ocrx_word' id='word_1_240' title='bbox 1556 3359 1783 3450; x_wconf 83' lang='lat' dir='ltr'><strong>prima</strong></span> <span class='ocrx_word' id='word_1_241' title='bbox 1813 3381 1977 3450; x_wconf 80' lang='lat' dir='ltr'><strong>pars</strong></span> <span class='ocrx_word' id='word_1_242' title='bbox 2002 3361 2477 3450; x_wconf 86' lang='lat' dir='ltr'><strong>propositionis,</strong></span> 
     </span>
     <span class='ocr_line' id='line_1_28' title="bbox 211 3473 2479 3565; baseline -0 -25"><span class='ocrx_word' id='word_1_243' title='bbox 211 3473 277 3542; x_wconf 88' lang='lat' dir='ltr'><strong>id</strong></span> <span class='ocrx_word' id='word_1_244' title='bbox 309 3479 424 3559; x_wconf 84' lang='lat' dir='ltr'><strong>est,</strong></span> <span class='ocrx_word' id='word_1_245' title='bbox 450 3474 533 3543; x_wconf 91' lang='lat' dir='ltr'><strong>ad</strong></span> <span class='ocrx_word' id='word_1_246' title='bbox 556 3478 784 3542; x_wconf 75' lang='lat' dir='ltr'><strong>votnm</strong></span> <span class='ocrx_word' id='word_1_247' title='bbox 813 3475 1100 3544; x_wconf 86' lang='lat' dir='ltr'><strong>solemne</strong></span> <span class='ocrx_word' id='word_1_248' title='bbox 1137 3475 1380 3565; x_wconf 86' lang='lat' dir='ltr'><strong>requiri</strong></span> <span class='ocrx_word' id='word_1_249' title='bbox 1428 3475 1715 3563; x_wconf 85' lang='lat' dir='ltr'><strong>aliquam</strong></span> <span class='ocrx_word' id='word_1_250' title='bbox 1759 3480 2085 3543; x_wconf 83' lang='lat' dir='ltr'><strong>externam</strong></span> <span class='ocrx_word' id='word_1_251' title='bbox 2112 3475 2479 3544; x_wconf 83' lang='lat' dir='ltr'><strong>manifesta-</strong></span> 
     </span>
     <span class='ocr_line' id='line_1_29' title="bbox 211 3587 2480 3677; baseline -0.001 -21"><span class='ocrx_word' id='word_1_252' title='bbox 211 3589 479 3658; x_wconf 88' lang='lat' dir='ltr'><strong>tionem.</strong></span> <span class='ocrx_word' id='word_1_253' title='bbox 531 3587 792 3658; x_wconf 82' lang='lat' dir='ltr'><strong>Etenim</strong></span> <span class='ocrx_word' id='word_1_254' title='bbox 847 3591 970 3658; x_wconf 84' lang='lat' dir='ltr'><strong>nisi</strong></span> <span class='ocrx_word' id='word_1_255' title='bbox 1017 3597 1244 3660; x_wconf 75' lang='lat' dir='ltr'><strong>votum</strong></span> <span class='ocrx_word' id='word_1_256' title='bbox 1294 3589 1709 3677; x_wconf 89' lang='lat' dir='ltr'><strong>aliquomodo</strong></span> <span class='ocrx_word' id='word_1_257' title='bbox 1760 3595 2013 3659; x_wconf 81' lang='lat' dir='ltr'><strong>externe</strong></span> <span class='ocrx_word' id='word_1_258' title='bbox 2064 3588 2480 3658; x_wconf 81' lang='lat' dir='ltr'><strong>manifestum</strong></span> 
     </span>
     <span class='ocr_line' id='line_1_30' title="bbox 215 3699 2481 3792; baseline -0.001 -23"><span class='ocrx_word' id='word_1_259' title='bbox 215 3699 347 3788; x_wconf 81' lang='lat' dir='ltr'><strong>fiat,</strong></span> <span class='ocrx_word' id='word_1_260' title='bbox 375 3705 498 3772; x_wconf 89' lang='lat' dir='ltr'><strong>erit</strong></span> <span class='ocrx_word' id='word_1_261' title='bbox 547 3703 860 3772; x_wconf 84' lang='lat' dir='ltr'><strong>duntaxat</strong></span> <span class='ocrx_word' id='word_1_262' title='bbox 885 3704 1190 3784; x_wconf 85' lang='lat' dir='ltr'><strong>mentale,</strong></span> <span class='ocrx_word' id='word_1_263' title='bbox 1221 3725 1335 3772; x_wconf 87' lang='lat' dir='ltr'><strong>seu</strong></span> <span class='ocrx_word' id='word_1_264' title='bbox 1378 3705 1558 3773; x_wconf 85' lang='lat' dir='ltr'><strong>mere</strong></span> <span class='ocrx_word' id='word_1_265' title='bbox 1604 3706 1975 3785; x_wconf 85' lang='lat' dir='ltr'><strong>internum;</strong></span> <span class='ocrx_word' id='word_1_266' title='bbox 2006 3726 2125 3773; x_wconf 88' lang='lat' dir='ltr'><strong>nec</strong></span> <span class='ocrx_word' id='word_1_267' title='bbox 2154 3701 2385 3792; x_wconf 85' lang='lat' dir='ltr'><strong>poterit</strong></span> <span class='ocrx_word' id='word_1_268' title='bbox 2401 3700 2481 3768; x_wconf 88' lang='lat' dir='ltr'><strong>de</strong></span> 
     </span>
     <span class='ocr_line' id='line_1_31' title="bbox 208 3813 2481 3909; baseline -0.001 -25"><span class='ocrx_word' id='word_1_269' title='bbox 208 3836 288 3884; x_wconf 86' lang='lat' dir='ltr'><strong>eo</strong></span> <span class='ocrx_word' id='word_1_270' title='bbox 312 3817 694 3888; x_wconf 87' lang='lat' dir='ltr'><strong>hominibus</strong></span> <span class='ocrx_word' id='word_1_271' title='bbox 724 3825 1036 3890; x_wconf 85' lang='lat' dir='ltr'><strong>constare.</strong></span> <span class='ocrx_word' id='word_1_272' title='bbox 1064 3819 1236 3908; x_wconf 81' lang='lat' dir='ltr'><strong>Ergo</strong></span> <span class='ocrx_word' id='word_1_273' title='bbox 1263 3819 1521 3888; x_wconf 82' lang='lat' dir='ltr'><strong>traditio</strong></span> <span class='ocrx_word' id='word_1_274' title='bbox 1559 3821 1917 3909; x_wconf 85' lang='lat' dir='ltr'><strong>suiipsius,</strong></span> <span class='ocrx_word' id='word_1_275' title='bbox 1950 3839 2145 3909; x_wconf 86' lang='lat' dir='ltr'><strong>quam</strong></span> <span class='ocrx_word' id='word_1_276' title='bbox 2175 3815 2323 3902; x_wconf 85' lang='lat' dir='ltr'><strong>quis</strong></span> <span class='ocrx_word' id='word_1_277' title='bbox 2346 3813 2481 3882; x_wconf 90' lang='lat' dir='ltr'><strong>Deo</strong></span> 
     </span>
     <span class='ocr_line' id='line_1_32' title="bbox 215 3925 2475 4025; baseline -0.001 -29"><span class='ocrx_word' id='word_1_278' title='bbox 215 3929 442 4001; x_wconf 76' lang='lat' dir='ltr'><strong>faceret</strong></span> <span class='ocrx_word' id='word_1_279' title='bbox 479 3938 592 4023; x_wconf 79' lang='lat' dir='ltr'><strong>pei·</strong></span> <span class='ocrx_word' id='word_1_280' title='bbox 641 3932 957 4024; x_wconf 81' lang='lat' dir='ltr'><strong>ejusmodi</strong></span> <span class='ocrx_word' id='word_1_281' title='bbox 983 3940 1150 4016; x_wconf 85' lang='lat' dir='ltr'><strong>vota,</strong></span> <span class='ocrx_word' id='word_1_282' title='bbox 1201 3953 1334 4002; x_wconf 91' lang='lat' dir='ltr'><strong>non</strong></span> <span class='ocrx_word' id='word_1_283' title='bbox 1377 3939 1586 4025; x_wconf 85' lang='lat' dir='ltr'><strong>posset</strong></span> <span class='ocrx_word' id='word_1_284' title='bbox 1628 3933 1713 4002; x_wconf 88' lang='lat' dir='ltr'><strong>ab</strong></span> <span class='ocrx_word' id='word_1_285' title='bbox 1756 3934 2002 4022; x_wconf 83' lang='lat' dir='ltr'><strong>aliquo,</strong></span> <span class='ocrx_word' id='word_1_286' title='bbox 2040 3928 2305 3997; x_wconf 89' lang='lat' dir='ltr'><strong>nomine</strong></span> <span class='ocrx_word' id='word_1_287' title='bbox 2332 3925 2475 4011; x_wconf 87' lang='lat' dir='ltr'><strong>Dei,</strong></span> 
     </span>
     <span class='ocr_line' id='line_1_33' title="bbox 215 4044 2482 4138; baseline -0.001 -24"><span class='ocrx_word' id='word_1_288' title='bbox 215 4049 548 4138; x_wconf 83' lang='lat' dir='ltr'><strong>acceptari.</strong></span> <span class='ocrx_word' id='word_1_289' title='bbox 607 4046 780 4136; x_wconf 84' lang='lat' dir='ltr'><strong>Ergo</strong></span> <span class='ocrx_word' id='word_1_290' title='bbox 831 4047 1072 4117; x_wconf 82' lang='lat' dir='ltr'><strong>deesset</strong></span> <span class='ocrx_word' id='word_1_291' title='bbox 1120 4047 1378 4118; x_wconf 88' lang='lat' dir='ltr'><strong>traditio</strong></span> <span class='ocrx_word' id='word_1_292' title='bbox 1415 4048 1565 4137; x_wconf 91' lang='lat' dir='ltr'><strong>illa,</strong></span> <span class='ocrx_word' id='word_1_293' title='bbox 1612 4051 1695 4118; x_wconf 89' lang='lat' dir='ltr'><strong>ab</strong></span> <span class='ocrx_word' id='word_1_294' title='bbox 1732 4049 1953 4137; x_wconf 90' lang='lat' dir='ltr'><strong>aliquo</strong></span> <span class='ocrx_word' id='word_1_295' title='bbox 1988 4044 2295 4133; x_wconf 86' lang='lat' dir='ltr'><strong>homine,</strong></span> <span class='ocrx_word' id='word_1_296' title='bbox 2341 4048 2482 4113; x_wconf 82' lang='lat' dir='ltr'><strong>vice</strong></span> 
     </span>
     <span class='ocr_line' id='line_1_34' title="bbox 217 4155 2485 4255; baseline -0.002 -25"><span class='ocrx_word' id='word_1_297' title='bbox 217 4155 362 4242; x_wconf 82' lang='lat' dir='ltr'><strong>Dei,</strong></span> <span class='ocrx_word' id='word_1_298' title='bbox 393 4167 736 4253; x_wconf 86' lang='lat' dir='ltr'><strong>acceptata,</strong></span> <span class='ocrx_word' id='word_1_299' title='bbox 768 4183 965 4253; x_wconf 89' lang='lat' dir='ltr'><strong>quam</strong></span> <span class='ocrx_word' id='word_1_300' title='bbox 1003 4185 1200 4255; x_wconf 85' lang='lat' dir='ltr'><strong>supra</strong></span> <span class='ocrx_word' id='word_1_301' title='bbox 1227 4164 1645 4255; x_wconf 80' lang='lat' dir='ltr'><strong>probavimus</strong></span> <span class='ocrx_word' id='word_1_302' title='bbox 1675 4157 2097 4230; x_wconf 85' lang='lat' dir='ltr'><strong>necessariam</strong></span> <span class='ocrx_word' id='word_1_303' title='bbox 2127 4159 2207 4229; x_wconf 89' lang='lat' dir='ltr'><strong>ad</strong></span> <span class='ocrx_word' id='word_1_304' title='bbox 2246 4159 2485 4229; x_wconf 81' lang='lat' dir='ltr'><strong>consti-</strong></span> 
     </span>
     <span class='ocr_line' id='line_1_35' title="bbox 223 4273 2487 4373; baseline 0 -29"><span class='ocrx_word' id='word_1_305' title='bbox 223 4277 530 4346; x_wconf 84' lang='lat' dir='ltr'><strong>tuendum</strong></span> <span class='ocrx_word' id='word_1_306' title='bbox 583 4285 819 4348; x_wconf 82' lang='lat' dir='ltr'><strong>statum</strong></span> <span class='ocrx_word' id='word_1_307' title='bbox 873 4280 1250 4370; x_wconf 82' lang='lat' dir='ltr'><strong>religiosum</strong></span> <span class='ocrx_word' id='word_1_308' title='bbox 1302 4279 1559 4373; x_wconf 86' lang='lat' dir='ltr'><strong>proprie</strong></span> <span class='ocrx_word' id='word_1_309' title='bbox 1625 4278 1894 4346; x_wconf 87' lang='lat' dir='ltr'><strong>dictum.</strong></span> <span class='ocrx_word' id='word_1_310' title='bbox 1960 4273 2131 4365; x_wconf 83' lang='lat' dir='ltr'><strong>Ergo</strong></span> <span class='ocrx_word' id='word_1_311' title='bbox 2187 4281 2333 4343; x_wconf 76' lang='lat' dir='ltr'><strong>vota</strong></span> <span class='ocrx_word' id='word_1_312' title='bbox 2374 4274 2487 4344; x_wconf 88' lang='lat' dir='ltr'><strong>illa</strong></span> 
     </span>
    </p>
   </div>
  </div>
 </body>
</html>
