2834 4959
1124 316 1277 364 rans
1320 318 1558 366 raam.
2350 315 2476 375 409

203 450 377 518 hunc
430 464 555 536 pro
592 438 811 509 valido
849 434 1069 520 habet,
1100 436 1283 506 nulla
1308 446 1405 506 est
1445 440 1606 509 ratio
1643 460 1766 509 cur
1799 442 2011 512 valide
2042 463 2183 513 non
2229 454 2486 519 contra-

204 564 331 633 hat.
380 556 575 628 Unde
616 559 692 623 ut
733 551 883 643 quis
924 551 1035 621 fiat
1074 550 1388 619 inhabilis
1436 550 1514 619 ad
1562 556 2062 627 matrimonium
2091 556 2380 628 absolute
2421 570 2486 632 et

206 674 413 769 quoad
452 676 667 742 totum
714 665 971 751 orbem,
1030 671 1228 757 prout
1268 666 1344 734 fit
1385 665 1726 756 religiosus
1775 670 2128 742 castitatem
2173 674 2486 746 solemni·

202 800 294 861 ter
344 787 701 880 professus,
750 780 1113 852 necessaria
1166 788 1261 849 est
1310 787 1605 871 potestas,
1651 804 1796 875 quae
1844 787 2049 857 valeat
2097 789 2488 881 incapacita-

206 914 341 974 tem
378 904 549 972 hanc
602 898 915 969 inducere
957 896 1413 967 universaliter
1453 903 1518 966 et
1561 898 1826 970 relative
1871 900 1952 970 ad
1991 905 2212 975 omnia
2251 907 2488 976 mundi

209 1021 367 1089 loca.
402 1017 563 1099 Quae
596 1019 873 1107 potestas
900 1011 1031 1081 nisi
1058 1010 1128 1079 in
1166 1009 1461 1080 Ecclesia
1489 1021 1900 1102 agnoscatur,
1935 1016 2172 1087 nullibi
2203 1020 2488 1109 proiecto

204 1131 609 1227 agnoscenda
646 1131 791 1199 erit.
835 1126 1023 1197 Unde
1064 1123 1356 1209 tandem,
1388 1125 1494 1193 vel
1521 1127 1706 1196 nullo
1739 1126 1938 1200 modo
1971 1134 2238 1201 existere
2280 1138 2484 1223 potest

204 1250 365 1320 dicta
404 1242 685 1315 dominii
724 1241 1145 1331 incapacitaS,
1182 1240 1285 1307 vel
1317 1241 1588 1309 existere
1631 1248 1839 1332 potest
1869 1244 2030 1334 quin
2071 1245 2408 1334 proveniat
2446 1267 2485 1314 a

204 1364 342 1450 lege
395 1356 719 1444 saeculari,
748 1376 905 1425 cum
938 1354 1385 1446 incompetens
1412 1356 1499 1423 sit
1535 1357 1864 1427 saecularis
1905 1364 2176 1449 potestas
2213 1363 2292 1431 ad
2339 1384 2484 1433 eam

207 1474 687 1569 producendam
718 1494 737 1541 ι
782 1470 1023 1540 falsum
1072 1470 1283 1560 prius,
1322 1478 1518 1560 prout
1555 1471 1909 1542 admittunt
1939 1476 2284 1566 scriptores
2319 1499 2486 1567 quos

202 1592 311 1660 hic
339 1590 786 1677 confutamus3
816 1605 973 1675 ergo
998 1606 1229 1654 verum
1254 1586 1574 1675 posterius
1598 1586 1714 1677 (1).

288 1704 423 1776 Nec
463 1705 713 1773 mirum
756 1723 941 1794 posse
970 1702 1041 1771 in
1076 1702 1201 1771 hac
1234 1702 1507 1771 materia
1536 1700 1914 1795 Ecclesiam,
1956 1707 2130 1797 quod
2159 1708 2486 1777 saecularis

203 1820 529 1914 principis
568 1824 939 1911 potestatem
982 1816 1251 1886 excedit.
1292 1816 1464 1885 Nam
1507 1821 1680 1887 sicut
1717 1819 1906 1888 facile
1943 1824 2360 1912 perspicitur,
2403 1824 2484 1893 ad

202 1938 415 2005 finem
450 1933 813 2023 temporalis
863 1933 1183 2003 societatis
1224 1933 1564 2023 proprium
1615 1933 1895 2001 minime
1940 1936 2213 2025 requiri,
2251 1942 2326 2005 ut
2373 1956 2488 2006 εω-

210 2050 455 2121 cularis
510 2049 807 2141 princeps
856 2049 1057 2140 possit
1102 2046 1438 2137 religiosos
1489 2047 1768 2117 dominii
1819 2050 2150 2140 incapaces
2198 2051 2483 2137 reddere,

206 2166 297 2235 ita
352 2186 391 2234 e
445 2170 663 2235 contra
715 2172 791 2234 ut
853 2165 977 2235 hac
1030 2167 1339 2256 potestate
1394 2164 1754 2233 instruatur
1805 2162 2114 2253 Ecclesia,
2181 2168 2486 2258 proprius

202 2283 407 2373 ipsius
464 2282 615 2351 finis
669 2288 893 2373 suapte
946 2285 1175 2350 natura
1226 2278 1526 2370 postulat.
1572 2278 1857 2351 Ecclesia
1909 2302 2148 2373 nempe
2202 2283 2283 2351 ad
2327 2282 2394 2351 id
2447 2304 2487 2352 a

204 2398 461 2469 Christo
516 2394 651 2466 Deo
701 2396 829 2465 fuit
871 2397 941 2464 in
994 2395 1181 2463 terris
1234 2395 1554 2478 instituta,
1607 2399 1681 2465 ut
1731 2394 1952 2465 fideles
2005 2418 2256 2483 omnes„
2300 2400 2486 2488 juxta

208 2514 622 2604 singulorum
680 2512 1087 2581 necessitates
1152 2518 1217 2580 et
1279 2513 1489 2580 varios
1553 2517 1778 2597 status,
1847 2513 1930 2581 ad
1977 2514 2374 2583 sanctitatem
2425 2518 2490 2582 et

207 2630 668 2723 perlectionem
705 2626 1111 2719 spiritualem
1152 2634 1552 2718 promoveat,
1587 2631 1882 2718 aptisque
1911 2629 2146 2698 mediis
2181 2630 2484 2699 instruat.

210 2744 497 2816 Consilia
538 2752 754 2813 autem
810 2742 1178 2833 evangelica
1218 2740 1672 2832 profitentibus
1714 2740 1899 2809 valde
1937 2747 2032 2811 est
2063 2743 2222 2811 utile
2263 2749 2338 2809 ut
2383 2745 2490 2811 in-

208 2880 472 2951 capaces
498 2861 689 2927 etiam
731 2856 1011 2927 dominii
1046 2856 1409 2925 efficiantur
1439 2877 1456 2922 :
1491 2854 1618 2921 hoc
1659 2853 1898 2945 quippe
1936 2854 2250 2942 ligamine
2279 2857 2492 2942 magis

204 2976 289 3047 ab
344 2976 501 3072 ipsis
544 2980 803 3043 arcetur
846 2971 1265 3043 convertendi
1320 2972 1387 3039 in
1437 2991 1542 3039 res
1587 2974 1874 3038 terrenas
1917 2966 2178 3037 affectus
2201 3048 2206 3057 Ι
2227 2967 2496 3059 pericu-

206 3092 375 3161 lum.
415 3090 589 3180 Ergo
622 3090 701 3158 ad
732 3088 989 3180 plenam
1027 3091 1404 3180 potestatem
1445 3106 1576 3176 qua
1613 3083 1864 3174 indiget
1887 3082 2172 3153 Ecclesia
2207 3085 2285 3153 ad
2319 3104 2496 3153 asse-

204 3208 555 3299 quendum
604 3206 803 3273 finem
850 3224 1045 3273 suum
1098 3202 1465 3293 proprium,
1515 3206 1579 3269 et
1627 3220 1758 3291 qua
1805 3206 1974 3269 certe
2013 3218 2154 3267 eam
2194 3198 2498 3267 instruxit

206 3322 515 3392 Christus
561 3320 907 3400 Dominus,
960 3318 1241 3409 pertinet
1282 3317 1480 3386 etiam
1529 3321 1605 3386 ut
1648 3314 1774 3383 hoc
1819 3314 2036 3384 medio
2069 3310 2496 3383 inhabilitatis

206 3439 288 3508 ad
337 3434 725 3528 possidenda
762 3441 1019 3504 terrena
1058 3432 1351 3509 dominia
1396 3432 1728 3519 religiosos
1765 3430 1996 3518 juvare
2043 3434 2263 3521 possit.
2316 3428 2494 3515 Ergo

204 3553 603 3624 inducendae
668 3553 869 3643 hujus
928 3549 1366 3642 incapacitatis
1420 3552 1790 3639 potestatem
1863 3544 2100 3615 habere
2169 3541 2498 3613 censenda

202 3678 325 3741 est.

306 3787 743 3855 Ancumruu
784 3782 909 3867 lv,
954 3804 1037 3853 ex
1070 3779 1379 3850 Ecclesioe
1423 3778 1657 3871 praxi.
1697 3814 1790 3831 —
1829 3773 2072 3866 Nequit
2110 3769 2394 3841 Ecclesia
2427 3770 2496 3837 in

212 3900 655 3969 universalem
692 3920 877 3967 suam
913 3897 1321 3987 disciplinam
1364 3904 1428 3963 et
1455 3896 1704 3985 praxim
1737 3892 2098 3984 quidquam
2127 3886 2352 3977 injusti
2387 3883 2500 3952 in-

205 4016 479 4098 ducere,
526 4017 637 4106 jus
682 4014 973 4085 alienum
1014 4012 1339 4096 violando,
1378 4017 1444 4079 et
1477 4011 1599 4079 sibi
1633 4028 1778 4101 quae
1808 4028 1924 4077 sua
1954 4024 2094 4092 ,non
2127 4008 2280 4073 sunt
2309 4020 2502 4069 usur·

277 4306 347 4366 (1)
376 4303 445 4353 De
470 4304 649 4354 eodem
679 4303 977 4365 argumento
1005 4302 1191 4351 lterum
1213 4298 1411 4362 agimus
1442 4291 1590 4354 intra,
1616 4292 1779 4355 caplte
1805 4294 1870 4351 53
1899 4288 1983 4340 ubi
2006 4294 2056 4338 et
2085 4287 2146 4338 de
2169 4284 2361 4348 legibus
2387 4280 2502 4333 lus·

206 4384 405 4434 uniant
426 4382 767 4446 imperatoris,
798 4379 987 4431 dictam
1014 4380 1395 4445 incapacitatem
1420 4373 1755 4425 decernentis.
