2834 4959
1053 351 1206 400 PARS
1247 353 1465 402 Palm.
2146 321 2153 328 ἱ
2275 359 2295 408 l
2312 355 2387 411 01

141 465 228 534 ita
251 471 404 534 utex
447 473 608 536 tunc
647 467 722 536 in
769 465 1162 538 admittenda
1205 475 1515 560 tanquam
1543 478 1715 542 certa
1755 473 2047 544 doctrina
2092 475 2205 546 illa
2229 501 2391 549 una·

137 581 329 650 nimes
385 581 634 650 fuerint
693 583 982 652 doctores
1045 583 1368 655 catholici.
1421 584 1633 671 Unde,
1700 588 1987 678 rigorose
2044 591 2395 680 loquendo,

131 697 412 760 votorum
475 692 848 762 solemnitas
904 713 1040 761 non
1103 694 1382 784 complet
1434 701 1632 766 status
1692 698 1978 789 religiosi
2024 703 2396 792 essentiam,

129 827 278 875 cum
301 809 568 878 essentia
604 807 718 878 illa
756 813 888 878 tota
933 815 1100 878 state
1152 811 1351 900 possit
1401 833 1557 884 cum
1608 812 1817 884 tribus
1867 817 2031 886 votis
2084 818 2401 910 simplici·

127 923 282 1011 bus3
329 924 439 992 sed
467 925 770 1014 quosdam
813 924 1130 997 duntaxat.
1147 927 1399 998 inducit
1446 928 1735 1015 effectus,
1783 931 1913 1020 qui,
1946 955 2020 1001 ex
2062 934 2212 1003 solis
2238 937 2397 1006 sim·

131 1038 418 1128 plicibus
451 1041 600 1111 votis
637 1061 778 1110 non
823 1048 1268 1132 sequerentur.
1303 1041 1384 1112 Et
1427 1045 1528 1114 >sic
1566 1049 1699 1114 tam
1734 1047 2245 1140 vero.re1igiosus
2274 1059 2392 1138 est,

123 1157 184 1220 et
197 1153 512 1224 dicendus
539 1163 654 1239 est,
681 1156 800 1245 qui
822 1157 946 1226 tria
981 1165 1123 1228 vota
1143 1160 1473 1252 simplicia
1513 1162 1731 1232 emisit
1760 1162 1981 1252 (modo
2003 1172 2221 1236 tamen
2256 1189 2391 1237 non

129 1267 344 1338 desint
367 1269 496 1340 aliae
525 1271 608 1340 ad
637 1275 888 1340 statum-
913 1271 1290 1363 religiosum
1333 1275 1663 1366 requisitae
1688 1279 2162 1370 conditiones),
2197 1303 2396 1374 quam

125 1384 244 1472 qui
273 1386 478 1454 emisit
499 1387 840 1456 solemnia.

417 1891 791 1943 Determinatur
814 1895 867 1944 in
893 1905 995 1956 quo
1022 1895 1264 1945 consistat
1280 1896 1383 1944 votl
1415 1896 1725 1961 paupertatis
1749 1895 2067 1947 solemnitas.

203 2085 708 2169 Panormus,
741 2085 820 2156 de
850 2088 1100 2181 triplici
1131 2087 1475 2158 doctorum
1494 2088 1851 2160 sententia.
1884 2125 1971 2144 --
1994 2086 2173 2156 Dum
2200 2108 2396 2178 supra

25 2234 27 2237 >
125 2205 358 2296 egimus
407 2208 490 2276 de
539 2207 674 2276 voti
725 2207 1032 2276 castitatis
1083 2209 1510 2297 solemnitate,
1557 2211 1840 2278 vidimus
1886 2208 2208 2302 triplicem
2258 2229 2393 2278 esse

121 2321 436 2391 doctorum
483 2322 903 2392 sententiam.
960 2322 1158 2392 Porro
1204 2346 1613 2416 unaquaeque
1655 2348 1731 2394 ex
1784 2323 1924 2393 istis·
1971 2325 2395 2415 opinionibus

121 2457 236 2504 non
287 2441 548 2505 tantum
613 2439 766 2506 voto
826 2437 1126 2506 castitatis
1149 2491 1171 2520 ,
1238 2439 1348 2507 sed
1403 2449 1467 2508 et
1520 2447 1665 2510 voto
1731 2440 2119 2532 paupertatis
2169 2461 2207 2508 a
2254 2438 2391 2508 suis

119 2555 401 2640 patronis
441 2551 828 2642 applicatur.
891 2551 1022 2620 Alii
1075 2574 1314 2645 nempe
1359 2553 1590 2623 volunt
1654 2556 1785 2623 voti
1834 2554 2227 2647 paupertatis
2274 2575 2389 2623 so-

116 2665 519 2734 lemnitatem
560 2667 898 2736 consistere
949 2666 1022 2736 in
1087 2675 1254 2741 certa
1302 2669 1521 2760 aliqua
1570 2667 2014 2738 benedictione
2060 2689 2176 2738 seu
2236 2691 2389 2738 con-

117 2781 514 2864 secrationeg
563 2781 650 2848 ita
681 2787 748 2850 ut
785 2787 1012 2852 votum
1039 2782 1208 2852 illud
1245 2805 1322 2853 ex
1365 2784 1747 2874 hujusmodi
1799 2803 1979 2851 sacro
2020 2785 2153 2850 ritu
2202 2803 2386 2850 suam

119 2893 534 2964 solemnitatis
573 2896 942 2984 qualitatem
997 2898 1293 2988 accipiat.
1345 2898 1480 2967 Alii
1530 2898 2003 2968 solemnitatem
2052 2896 2235 2962 illam
2283 2916 2387 2960 re-

121 3013 371 3098 ponunt
413 3009 482 3076 in
511 3008 848 3080 traditione
890 3009 1267 3080 omnimoda
1307 3013 1410 3079 sui
1456 3011 1691 3102 ipsius,
1733 3031 1931 3100 quam
1976 3027 2211 3076 vovens
2239 3007 2391 3078 facit

117 3121 246 3190 Deo
271 3145 383 3213 per
431 3125 896 3214 professionem
949 3147 1156 3212 suam,
1207 3133 1269 3194 et
1319 3147 1467 3216 quae
1523 3127 1788 3193 nomine
1834 3124 1956 3192 Dei
2016 3124 2386 3192 auctoritate

119 3237 400 3308 Ecclesiae
425 3222 818 3331 aceeptatur.
863 3241 1002 3310 Alii
1039 3241 1298 3310 tandem
1328 3241 1513 3311 illam
1551 3244 1849 3332 repetunt
1888 3260 1921 3308 a
1966 3238 2387 3329 dispositione

121 3351 434 3442 Ecclesiae,
466 3355 961 3446 incapacitatem
1001 3357 1280 3426 dominii
1314 3356 1633 3446 alligantis
1686 3353 2075 3445 paupertatis
2114 3360 2284 3441 voto,
2326 3363 2391 3424 et

119 3469 205 3537 sic
233 3469 394 3540 illud
420 3478 652 3540 votum
683 3471 1178 3543 solemnizantis.
1229 3471 1350 3542 Sed
1377 3471 1544 3542 bene
1586 3471 1947 3541 notandum
1984 3478 2104 3556 est,
2134 3493 2385 3542 'evane-

121 3605 281 3654 scere
317 3607 596 3656 omnem
636 3588 950 3677 opinandi
971 3586 1387 3666 satietatem,
1430 3586 1544 3655 ubi
1583 3589 1801 3676 >agitur
1846 3587 1927 3656 de
1968 3586 2199 3656 effectu
2234 3605 2387 3676 pro-

121 3701 246 3787 prio
298 3701 430 3770 voti
479 3699 799 3770 solemnis
833 3703 1245 3794 paupertatis.
1289 3699 1497 3771 -Sicut
1542 3702 1719 3770 enim
1771 3723 1997 3770 omnes
2044 3700 2392 3770 admittunt

123 3835 227 3902 per
255 3823 478 3885 votum
527 3816 816 3886 solemne
853 3819 1152 3886 castitatis
1185 3816 1412 3886 dirimi
1447 3817 1943 3886 matrimonium
1994 3823 2206 3884 ratum
2254 3832 2389 3880 non

121 3939 664 4016 consummatum,
696 3939 762 4000 et
793 3932 1020 4002 induci
1052 3931 1523 4002 inhabilitatem
1543 3931 1629 4000 ad
1670 3931 1851 4002 aliud
1889 3929 2093 4000 valide
2128 3933 2391 3996 eontra-

127 4042 432 4131 hendnm,
461 4048 554 4115 ita
581 4047 754 4140 apud
787 4067 1018 4117 omnes
1048 4053 1225 4117 extra
1251 4048 1751 4116 controversiam
1794 4051 1913 4123 est,
1952 4063 2066 4132 per
2102 4041 2391 4112 solemne

133 4163 338 4230 votum
368 4161 761 4252 paupertatis
801 4161 1028 4234 induci
1075 4163 1565 4254 incapacitatem
1594 4159 1894 4245 dominii,
1926 4158 2015 4226 ita
2055 4163 2139 4226 ut·
2154 4177 2393 4248 nempe

133 4290 248 4341 non
307 4275 510 4368 possit
559 4279 712 4368 quis
754 4285 980 4348 votum
1009 4278 1312 4348 solemne
1371 4277 1764 4369 paupertatis
1830 4273 2121 4342 emittere
2148 4325 2168 4358 ,
2226 4271 2391 4360 quin

133 4384 242 4458 hoc
283 4392 428 4483 ipso
470 4397 535 4462 et
561 4393 892 4466 bonorum
933 4415 1233 4486 suorum,
1280 4396 1336 4464 si
1381 4413 1529 4485 quae
1572 4391 1683 4461 hic
1721 4397 1784 4462 et
1828 4399 2007 4460 nunc
2050 4385 2395 4480 possideat,
