2834 4959
1120 356 1273 405 PARS
1315 358 1554 405 mum.
2357 356 2481 413 473
2573 430 2586 441 .

1244 608 1287 699 g
1321 608 1403 679 n.

580 819 955 869 Determinatur
986 816 1370 883 Trapptstarnm
1386 817 1560 869 Galltae
1583 820 1804 872 conditio
1825 827 2091 877 canonica.

296 1045 673 1113 Pnorosmo
699 1043 773 1114 1¹.
807 1080 895 1095 —
933 1040 1441 1133 Trappistarum
1490 1043 1738 1113 Galliae
1765 1059 1950 1133 vota,
1975 1072 2018 1117 α
2053 1046 2157 1119 die
2189 1051 2217 1118 1
2255 1052 2491 1120 martii

216 1160 381 1231 1837
412 1159 671 1244 emissa,
699 1179 831 1251 pro
858 1155 1265 1248 simplicibus
1282 1156 1586 1229 habenda
1613 1172 1792 1233 sunt.
1817 1200 1908 1215 --
1928 1161 2096 1233 Nam
2125 1171 2488 1255 quantum-

209 1277 303 1345 vis
326 1274 643 1345 solemnia
670 1273 914 1342 fuerint
938 1277 1083 1341 vota
1108 1271 1176 1339 in
1202 1272 1430 1343 ordine
1454 1274 1670 1365 aliquo
1691 1276 1900 1345 emitti
1935 1278 2144 1364 solita,
2171 1282 2388 1349 statim
2411 1303 2488 1351 ae

211 1390 487 1461 decrevit
513 1387 845 1457 Romanus
871 1387 1163 1457 Pontifex
1193 1408 1267 1457 ea
1312 1387 1446 1457 lore
1493 1392 1562 1458 in
1615 1397 1944 1482 posterum
1978 1394 2324 1485 simplicia,
2347 1398 2488 1487 jam

212 1525 251 1574 a
274 1503 457 1573 nullo
484 1503 799 1595 religioso·
814 1507 1085 1595 possunt
1124 1503 1330 1571 emitti
1354 1504 1693 1575 solemnia.
1733 1504 1924 1588 Quod
1949 1509 2130 1577 enim
2173 1510 2490 1579 solemnia

208 1622 363 1707 sint,
429 1626 491 1687 et
534 1618 963 1688 solemnitatis
1014 1616 1279 1713 effeetus
1344 1618 1731 1710 producant,
1789 1642 1828 1689 a
1879 1622 2048 1691 sedis
2104 1623 2490 1714 Apostolicae

210 1736 535 1805 voluntate
564 1736 823 1826 pendet.
860 1732 1034 1823 Ergo
1080 1733 1295 1802 statim
1340 1753 1415 1803 ac
1443 1741 1690 1803 constat
1745 1736 1916 1806 nolle
1979 1736 2385 1824 Pontificem,
2417 1744 2492 1807 ut

210 1850 285 1919 in
314 1861 645 1939 posterum
690 1850 999 1917 solemnia
1045 1847 1451 1933 emittantur,
1479 1848 1605 1918 hoe
1633 1848 1772 1941 ipso
1801 1852 2216 1940 postmodum
2255 1856 2490 1923 emissa

217 1963 619 2033 solemnitate
646 1970 882 2033 carent.
929 1962 1135 2053 Atqui
1164 1962 1267 2034 die
1318 1952 1347 2033 l
1402 1962 1622 2033 martii
1657 1962 1824 2034 1837
1853 1963 2132 2034 decrevit
2158 1966 2492 2035 Romanus
2541 2044 2550 2051 ,

210 2075 505 2147 Pontifex
559 2100 643 2147 ne
676 2080 747 2147 in
791 2087 1119 2171 posterum
1176 2080 1490 2149 solemnia
1531 2078 1742 2148 [orent
1785 2099 1824 2147 a
1867 2078 2226 2172 Trappistis
2264 2079 2492 2150 Galliae

211 2194 447 2263 emissa
484 2201 653 2279 vota,
686 2200 879 2287 prout
904 2199 1151 2265 constat
1176 2216 1249 2265 ex
1283 2193 1672 2265 documento
1699 2194 1822 2265 sub
1852 2215 2128 2265 numero
2151 2194 2208 2266 11
2235 2196 2436 2286 posito
2467 2220 2484 2265 :

212 2330 366 2400 ergo
422 2331 641 2380 revera
710 2309 793 2379 ab
840 2310 963 2381 hac
1006 2310 1111 2380 die
1162 2311 1348 2413 facta·
1386 2310 1796 2403 praefatorum
1851 2311 2306 2402 religiosorum
2347 2319 2492 2381 vota

212 2432 387 2496 certo
432 2424 759 2517 simplicia
794 2433 969 2495 sunt.
1002 2424 1129 2507 Sed
1164 2433 1471 2498 notentur
1499 2426 1644 2497 haec
1678 2427 1916 2498 decreti
1947 2426 2168 2516 verba,
2197 2426 2494 2495 transito-

214 2542 389 2609 riam
444 2540 927 2631 dispositionem
968 2542 1119 2611 satis
1148 2542 1506 2611 indicantia
1527 2591 1547 2624 ,
1593 2542 1795 2612 donec
1819 2542 2022 2613 aliter
2067 2566 2112 2611 a
2137 2542 2284 2612 sede
2308 2544 2496 2635 Apo-

214 2654 463 2725 stolica
486 2666 857 2724 statuatur.
1154 2650 1167 2667 '

306 2773 685 2845 Pnorosmo
711 2773 815 2843 11·.
842 2812 933 2829 —
952 2776 1130 2845 Ante
1154 2773 1330 2845 diem
1372 2774 1401 2843 1
1447 2771 1690 2841 martii
1707 2771 1878 2855 1837
1913 2775 2156 2843 emissa
2181 2796 2224 2843 α
2275 2778 2498 2867 Trap-

204 2890 415 2983 pistis
454 2890 699 2961 Gallia.»
736 2901 895 2960 vota
926 2892 1204 2983 ficerunt
1244 2887 1597 2960 solemnia.
1653 2926 1742 2941 —
1784 2886 1858 2956 ln
1913 2888 2106 2957 modo
2148 2888 2338 2957 citato
2387 2890 2494 2957 de-

212 3012 391 3075 creto
429 3025 721 3097 expresse
747 3006 991 3076 dicitur
1030 3004 1488 3077 abstinendum
1526 3002 1850 3073 censuisse
1877 2998 2244 3099 Romanum
2276 3000 2498 3071 Ponti-

210 3121 411 3191 ficem
441 3143 484 3189 a
496 3119 769 3211 formido
788 3142 1171 3214 quoeunque
1180 3119 1446 3213 judicio
1468 3117 1678 3209 quoad
1701 3124 1844 3187 vota
1871 3119 2012 3187 haee
2029 3123 2220 3185 antea
2239 3120 2492 3185 emissa.

212 3236 377 3307 Inde
406 3242 623 3305 autem
668 3258 801 3306 non
846 3238 1137 3327 sequitur
1154 3235 1544 3330 prohibitam
1593 3232 1784 3303 fuisse
1809 3233 1934 3301 hae
1962 3231 2041 3300 de
2067 3250 2138 3301 re
2177 3230 2500 3324 discepta-

214 3350 497 3435 tionem,
528 3351 635 3421 sed
665 3352 878 3444 potius
924 3351 1331 3442 permissam.
1360 3349 1502 3430 Qua
1525 3347 1880 3417 disserendi
1901 3346 2190 3418 libertate
2221 3354 2494 3427 utentes,

216 3464 611 3535 emissorum
658 3476 807 3535 ante
856 3466 1095 3537 dictam
1140 3467 1316 3536 diem
1368 3472 1668 3535 votorum
1717 3464 2192 3535 solemnitatem
2217 3466 2502 3533 sustine-

214 3600 401 3649 mus.
430 3579 513 3650 Et
555 3581 743 3651 nobis
794 3582 1048 3653 videtur
1094 3581 1293 3673 hujus
1318 3581 1646 3672 opinionis
1672 3580 1904 3650 veritas
1951 3577 2370 3668 sequentibus
2396 3596 2506 3644 ra·

186 3700 511 3771 -tionibus
534 3701 913 3773 inconcusse
942 3702 1201 3796 probari
1237 3727 1255 3771 ε

324 3820 386 3886 1⁰
438 3818 531 3889 Ita
583 3820 998 3893 unanimiter
1048 3826 1442 3891 censuerunt
1477 3818 2000 3889 Eminentissimi
2046 3814 2262 3887 Patres
2293 3814 2504 3884 Sacrae

215 3932 757 4028 congregationis
798 3938 1269 4031 Episcoporum
1316 3943 1383 4007 et
1425 3936 1858 4026 regularium,
1897 3939 2090 4026 prout
2149 3936 2395 4001 constat
2429 3950 2504 3998 ex
2575 3934 2606 3963 ⁸

212 4070 504 4122 numero
534 4052 597 4122 V
639 4054 1061 4144 praecedentis
1112 4052 1528 4145 paragraphi.
1553 4050 1828 4133 Quantae
1867 4055 2086 4119 autem
2115 4045 2510 4117 auctoritatis

210 4168 309 4235 sit
338 4168 671 4237 unanimis
706 4170 847 4239 haec
882 4170 1067 4239 dictae
1110 4167 1642 4259 Congregationis
1685 4165 2134 4235 Cardinalium
2163 4162 2509 4249 sententia,

212 4302 429 4353 nemo
454 4305 589 4354 non
609 4284 805 4355 videt.
956 4294 979 4319 ⁶

320 4394 391 4463 2⁰
441 4395 533 4467 lta
586 4405 839 4470 certum
904 4406 971 4471 et
1022 4400 1349 4470 notorium
1396 4405 1492 4469 est
1537 4396 1618 4467 de
1671 4394 2036 4488 approbatis
2071 4414 2208 4466 esse
2229 4388 2516 4491 Trappi3-
