<?xml version="1.0" encoding="UTF-8"?>
<!DOCTYPE html PUBLIC "-//W3C//DTD XHTML 1.0 Transitional//EN"
    "http://www.w3.org/TR/xhtml1/DTD/xhtml1-transitional.dtd">
<html xmlns="http://www.w3.org/1999/xhtml" xml:lang="en" lang="en">
 <head>
  <title>
</title>
<meta http-equiv="Content-Type" content="text/html;charset=utf-8" />
  <meta name='ocr-system' content='tesseract 3.04.00' />
  <meta name='ocr-capabilities' content='ocr_page ocr_carea ocr_par ocr_line ocrx_word'/>
</head>
<body>
  <div class='ocr_page' id='page_1' title='image "./tractatusdejure01unkngoog_0439.png"; bbox 0 0 2834 4959; ppageno 0'>
   <div class='ocr_carea' id='block_1_1' title="bbox 1176 370 2506 435">
    <p class='ocr_par' dir='ltr' id='par_1_1' title="bbox 1176 370 2506 435">
     <span class='ocr_line' id='line_1_1' title="bbox 1176 370 2506 435; baseline 0.012 -18"><span class='ocrx_word' id='word_1_1' title='bbox 1176 370 1327 421; x_wconf 69' lang='lat' dir='ltr'><strong>uns</strong></span> <span class='ocrx_word' id='word_1_2' title='bbox 1370 372 1612 423; x_wconf 65' lang='lat' dir='ltr'><strong>&#39;rnam-</strong></span> <span class='ocrx_word' id='word_1_3' title='bbox 2395 376 2428 431; x_wconf 77' lang='grc'><strong>4</strong></span> <span class='ocrx_word' id='word_1_4' title='bbox 2439 376 2506 435; x_wconf 73' lang='lat'><strong>21</strong></span> 
     </span>
    </p>
   </div>
   <div class='ocr_carea' id='block_1_2' title="bbox 236 487 2568 825">
    <p class='ocr_par' dir='ltr' id='par_1_2' title="bbox 236 487 2568 825">
     <span class='ocr_line' id='line_1_2' title="bbox 240 487 2522 592; baseline 0.002 -30"><span class='ocrx_word' id='word_1_5' title='bbox 240 494 509 561; x_wconf 88' lang='lat' dir='ltr'><strong>sionem</strong></span> <span class='ocrx_word' id='word_1_6' title='bbox 540 508 731 558; x_wconf 88' lang='lat' dir='ltr'><strong>suam</strong></span> <span class='ocrx_word' id='word_1_7' title='bbox 780 506 957 555; x_wconf 86' lang='lat' dir='ltr'><strong>anno</strong></span> <span class='ocrx_word' id='word_1_8' title='bbox 998 487 1169 592; x_wconf 74' lang='lat' dir='ltr'><strong>l816</strong></span> <span class='ocrx_word' id='word_1_9' title='bbox 1196 490 1582 579; x_wconf 83' lang='lat' dir='ltr'><strong>emiserant3</strong></span> <span class='ocrx_word' id='word_1_10' title='bbox 1625 514 1704 565; x_wconf 88' lang='lat' dir='ltr'><strong>eo</strong></span> <span class='ocrx_word' id='word_1_11' title='bbox 1751 492 1995 565; x_wconf 85' lang='lat' dir='ltr'><strong>scilicet</strong></span> <span class='ocrx_word' id='word_1_12' title='bbox 2029 500 2343 587; x_wconf 80' lang='lat' dir='ltr'><strong>tempore,</strong></span> <span class='ocrx_word' id='word_1_13' title='bbox 2390 524 2522 592; x_wconf 85' lang='lat' dir='ltr'><strong>quo</strong></span> 
     </span>
     <span class='ocr_line' id='line_1_3' title="bbox 236 600 2525 707; baseline 0.007 -34"><span class='ocrx_word' id='word_1_14' title='bbox 236 606 341 676; x_wconf 85' lang='lat' dir='ltr'><strong>lex</strong></span> <span class='ocrx_word' id='word_1_15' title='bbox 390 603 609 675; x_wconf 71' lang='lat' dir='ltr'><strong>civilis</strong></span> <span class='ocrx_word' id='word_1_16' title='bbox 648 602 721 671; x_wconf 91' lang='lat' dir='ltr'><strong>in</strong></span> <span class='ocrx_word' id='word_1_17' title='bbox 756 600 983 693; x_wconf 80' lang='lat' dir='ltr'>Belgio</span> <span class='ocrx_word' id='word_1_18' title='bbox 1012 609 1311 673; x_wconf 75' lang='lat' dir='ltr'><strong>votorum</strong></span> <span class='ocrx_word' id='word_1_19' title='bbox 1338 606 1812 679; x_wconf 69' lang='lat' dir='ltr'><strong>solemnitatem</strong></span> <span class='ocrx_word' id='word_1_20' title='bbox 1836 615 1899 678; x_wconf 84' lang='lat' dir='ltr'><strong>et</strong></span> <span class='ocrx_word' id='word_1_21' title='bbox 1939 609 2270 681; x_wconf 88' lang='lat' dir='ltr'><strong>dominii</strong></span> <span class='ocrx_word' id='word_1_22' title='bbox 2249 636 2525 707; x_wconf 76' lang='lat' dir='ltr'><strong>incapa-</strong></span> 
     </span>
     <span class='ocr_line' id='line_1_4' title="bbox 236 718 2568 825; baseline 0.007 -36"><span class='ocrx_word' id='word_1_23' title='bbox 236 722 505 791; x_wconf 85' lang='lat' dir='ltr'><strong>citatem</strong></span> <span class='ocrx_word' id='word_1_24' title='bbox 532 718 907 789; x_wconf 87' lang='lat' dir='ltr'><strong>nullatenus</strong></span> <span class='ocrx_word' id='word_1_25' title='bbox 932 719 1343 809; x_wconf 78' lang='lat' dir='ltr'><strong>agnoscebat.</strong></span> <span class='ocrx_word' id='word_1_26' title='bbox 1378 720 1826 795; x_wconf 77' lang='lat' dir='ltr'><strong>Nihilominus</strong></span> <span class='ocrx_word' id='word_1_27' title='bbox 1873 731 2020 795; x_wconf 77' lang='lat' dir='ltr'><strong>vota</strong></span> <span class='ocrx_word' id='word_1_28' title='bbox 2047 729 2294 815; x_wconf 88' lang='lat' dir='ltr'><strong>omnia,</strong></span> <span class='ocrx_word' id='word_1_29' title='bbox 2323 752 2568 825; x_wconf 83' lang='lat' dir='ltr'><strong>usque·</strong></span> 
     </span>
    </p>
   </div>
   <div class='ocr_carea' id='block_1_3' title="bbox 230 832 2658 931">
    <p class='ocr_par' dir='ltr' id='par_1_3' title="bbox 230 832 2658 931">
     <span class='ocr_line' id='line_1_5' title="bbox 230 832 2658 931; baseline 0.007 -26"><span class='ocrx_word' id='word_1_30' title='bbox 230 835 325 905; x_wconf 86' lang='lat' dir='ltr'><strong>ad</strong></span> <span class='ocrx_word' id='word_1_31' title='bbox 376 856 629 905; x_wconf 84' lang='lat' dir='ltr'><strong>annum</strong></span> <span class='ocrx_word' id='word_1_32' title='bbox 688 832 861 903; x_wconf 80' lang='lat'><strong>1820</strong></span> <span class='ocrx_word' id='word_1_33' title='bbox 902 854 1017 925; x_wconf 87' lang='lat' dir='ltr'><strong>per</strong></span> <span class='ocrx_word' id='word_1_34' title='bbox 1073 834 1535 925; x_wconf 77' lang='lat' dir='ltr'><strong>professionem</strong></span> <span class='ocrx_word' id='word_1_35' title='bbox 1575 840 1842 927; x_wconf 87' lang='lat' dir='ltr'><strong>emissa,</strong></span> <span class='ocrx_word' id='word_1_36' title='bbox 1897 846 2208 931; x_wconf 85' lang='lat' dir='ltr'><strong>tanquam</strong></span> <span class='ocrx_word' id='word_1_37' title='bbox 2267 867 2416 919; x_wconf 81' lang='lat' dir='ltr'><strong>vere</strong></span> <span class='ocrx_word' id='word_1_38' title='bbox 2465 857 2528 919; x_wconf 91' lang='lat' dir='ltr'><strong>et</strong></span> <span class='ocrx_word' id='word_1_39' title='bbox 2631 898 2658 921; x_wconf 73' lang='grc'><strong><em>,</em></strong></span> 
     </span>
    </p>
   </div>
   <div class='ocr_carea' id='block_1_4' title="bbox 228 946 2530 4493">
    <p class='ocr_par' dir='ltr' id='par_1_4' title="bbox 228 946 2530 3905">
     <span class='ocr_line' id='line_1_6' title="bbox 238 946 2528 1045; baseline 0.007 -28"><span class='ocrx_word' id='word_1_40' title='bbox 238 949 507 1040; x_wconf 87' lang='lat' dir='ltr'><strong>proprie</strong></span> <span class='ocrx_word' id='word_1_41' title='bbox 542 948 861 1017; x_wconf 87' lang='lat' dir='ltr'><strong>solemnia</strong></span> <span class='ocrx_word' id='word_1_42' title='bbox 898 969 938 1016; x_wconf 90' lang='lat' dir='ltr'><strong>a</strong></span> <span class='ocrx_word' id='word_1_43' title='bbox 976 946 1173 1021; x_wconf 83' lang='lat' dir='ltr'><strong>Sacra</strong></span> <span class='ocrx_word' id='word_1_44' title='bbox 1214 948 1708 1024; x_wconf 82' lang='lat' dir='ltr'><strong>‘Poenitentiaria</strong></span> <span class='ocrx_word' id='word_1_45' title='bbox 1761 954 2106 1025; x_wconf 87' lang='lat' dir='ltr'><strong>habentur.</strong></span> <span class='ocrx_word' id='word_1_46' title='bbox 2158 958 2324 1045; x_wconf 88' lang='lat' dir='ltr'><strong>Imo,</strong></span> <span class='ocrx_word' id='word_1_47' title='bbox 2367 962 2528 1033; x_wconf 91' lang='lat' dir='ltr'><strong>dum</strong></span> 
     </span>
     <span class='ocr_line' id='line_1_7' title="bbox 236 1062 2528 1153; baseline 0.009 -22"><span class='ocrx_word' id='word_1_48' title='bbox 236 1062 643 1133; x_wconf 77' lang='lat' dir='ltr'><strong>monialibus</strong></span> <span class='ocrx_word' id='word_1_49' title='bbox 664 1065 805 1152; x_wconf 84' lang='lat' dir='ltr'><strong>jam</strong></span> <span class='ocrx_word' id='word_1_50' title='bbox 848 1062 1153 1153; x_wconf 78' lang='lat' dir='ltr'><strong>professis</strong></span> <span class='ocrx_word' id='word_1_51' title='bbox 1185 1065 1379 1135; x_wconf 88' lang='lat' dir='ltr'><strong>datur</strong></span> <span class='ocrx_word' id='word_1_52' title='bbox 1429 1065 1722 1153; x_wconf 74' lang='lat' dir='ltr'><strong>facultas,</strong></span> <span class='ocrx_word' id='word_1_53' title='bbox 1771 1075 1844 1140; x_wconf 88' lang='lat' dir='ltr'><strong>ut</strong></span> <span class='ocrx_word' id='word_1_54' title='bbox 1889 1090 2024 1141; x_wconf 87' lang='lat' dir='ltr'><strong>sese</strong></span> <span class='ocrx_word' id='word_1_55' title='bbox 2053 1072 2225 1141; x_wconf 80' lang='lat' dir='ltr'><strong>dicto</strong></span> <span class='ocrx_word' id='word_1_56' title='bbox 2275 1074 2528 1151; x_wconf 89' lang='lat' dir='ltr'><strong>decreto</strong></span> 
     </span>
     <span class='ocr_line' id='line_1_8' title="bbox 238 1178 2528 1279; baseline 0.008 -32"><span class='ocrx_word' id='word_1_57' title='bbox 238 1179 409 1247; x_wconf 85' lang='lat' dir='ltr'><strong>anni</strong></span> <span class='ocrx_word' id='word_1_58' title='bbox 464 1178 637 1248; x_wconf 82' lang='lat'><strong>1809</strong></span> <span class='ocrx_word' id='word_1_59' title='bbox 683 1180 1204 1271; x_wconf 68' lang='lat' dir='ltr'><strong>accommodent,</strong></span> <span class='ocrx_word' id='word_1_60' title='bbox 1270 1184 1658 1273; x_wconf 84' lang='lat' dir='ltr'><strong>possidendo</strong></span> <span class='ocrx_word' id='word_1_61' title='bbox 1717 1206 1950 1279; x_wconf 85' lang='lat' dir='ltr'><strong>nempe</strong></span> <span class='ocrx_word' id='word_1_62' title='bbox 2004 1194 2194 1277; x_wconf 88' lang='lat' dir='ltr'><strong>atque</strong></span> <span class='ocrx_word' id='word_1_63' title='bbox 2233 1190 2528 1265; x_wconf 87' lang='lat' dir='ltr'><strong>admini-</strong></span> 
     </span>
     <span class='ocr_line' id='line_1_9' title="bbox 245 1292 2530 1399; baseline 0.007 -37"><span class='ocrx_word' id='word_1_64' title='bbox 245 1294 514 1362; x_wconf 84' lang='lat' dir='ltr'><strong>strando</strong></span> <span class='ocrx_word' id='word_1_65' title='bbox 570 1292 667 1384; x_wconf 86' lang='lat' dir='ltr'><strong>(ex</strong></span> <span class='ocrx_word' id='word_1_66' title='bbox 692 1292 1107 1363; x_wconf 84' lang='lat' dir='ltr'><strong>concessione</strong></span> <span class='ocrx_word' id='word_1_67' title='bbox 1146 1294 1516 1385; x_wconf 85' lang='lat' dir='ltr'><strong>Apostolica</strong></span> <span class='ocrx_word' id='word_1_68' title='bbox 1541 1304 1606 1367; x_wconf 84' lang='lat' dir='ltr'><strong>et</strong></span> <span class='ocrx_word' id='word_1_69' title='bbox 1653 1321 1808 1371; x_wconf 90' lang='lat' dir='ltr'><strong>cum</strong></span> <span class='ocrx_word' id='word_1_70' title='bbox 1833 1302 2260 1393; x_wconf 80' lang='lat' dir='ltr'><strong>dependentia</strong></span> <span class='ocrx_word' id='word_1_71' title='bbox 2287 1327 2326 1375; x_wconf 91' lang='lat' dir='ltr'><strong>a</strong></span> <span class='ocrx_word' id='word_1_72' title='bbox 2369 1308 2530 1399; x_wconf 83' lang='lat' dir='ltr'><strong>legi·</strong></span> 
     </span>
     <span class='ocr_line' id='line_1_10' title="bbox 244 1404 2528 1512; baseline 0.009 -39"><span class='ocrx_word' id='word_1_73' title='bbox 244 1406 435 1475; x_wconf 80' lang='lat' dir='ltr'><strong>timis</strong></span> <span class='ocrx_word' id='word_1_74' title='bbox 458 1404 915 1497; x_wconf 82' lang='lat' dir='ltr'><strong>superioribus)</strong></span> <span class='ocrx_word' id='word_1_75' title='bbox 966 1406 1367 1479; x_wconf 74' lang='lat' dir='ltr'><strong>haereditates</strong></span> <span class='ocrx_word' id='word_1_76' title='bbox 1398 1432 1546 1499; x_wconf 78' lang='lat' dir='ltr'><strong>quae</strong></span> <span class='ocrx_word' id='word_1_77' title='bbox 1573 1411 1730 1503; x_wconf 88' lang='lat' dir='ltr'><strong>ipsis</strong></span> <span class='ocrx_word' id='word_1_78' title='bbox 1779 1414 2182 1505; x_wconf 77' lang='lat' dir='ltr'><strong>obvenirent,</strong></span> <span class='ocrx_word' id='word_1_79' title='bbox 2235 1440 2528 1512; x_wconf 83' lang='lat' dir='ltr'><strong>expressa</strong></span> 
     </span>
     <span class='ocr_line' id='line_1_11' title="bbox 248 1522 2528 1623; baseline 0.007 -34"><span class='ocrx_word' id='word_1_80' title='bbox 248 1526 623 1607; x_wconf 86' lang='lat' dir='ltr'><strong>monentur,</strong></span> <span class='ocrx_word' id='word_1_81' title='bbox 682 1542 1101 1613; x_wconf 84' lang='lat' dir='ltr'><strong>nequaquam</strong></span> <span class='ocrx_word' id='word_1_82' title='bbox 1163 1522 1247 1591; x_wconf 93' lang='lat' dir='ltr'><strong>ob</strong></span> <span class='ocrx_word' id='word_1_83' title='bbox 1288 1524 1357 1591; x_wconf 87' lang='lat' dir='ltr'><strong>id</strong></span> <span class='ocrx_word' id='word_1_84' title='bbox 1421 1526 1514 1595; x_wconf 87' lang='lat' dir='ltr'><strong>eis</strong></span> <span class='ocrx_word' id='word_1_85' title='bbox 1570 1530 2158 1617; x_wconf 85' lang='lat' dir='ltr'><strong>pertimescendum</strong></span> <span class='ocrx_word' id='word_1_86' title='bbox 2219 1554 2382 1623; x_wconf 88' lang='lat' dir='ltr'><strong>esse,</strong></span> <span class='ocrx_word' id='word_1_87' title='bbox 2443 1556 2528 1606; x_wconf 91' lang='lat' dir='ltr'><strong>ne</strong></span> 
     </span>
     <span class='ocr_line' id='line_1_12' title="bbox 236 1632 2527 1733; baseline 0.007 -32"><span class='ocrx_word' id='word_1_88' title='bbox 236 1632 579 1705; x_wconf 77' lang='lat' dir='ltr'><strong>videantur</strong></span> <span class='ocrx_word' id='word_1_89' title='bbox 602 1654 737 1705; x_wconf 88' lang='lat' dir='ltr'><strong>sese</strong></span> <span class='ocrx_word' id='word_1_90' title='bbox 764 1643 963 1707; x_wconf 83' lang='lat' dir='ltr'><strong>etsua</strong></span> <span class='ocrx_word' id='word_1_91' title='bbox 990 1636 1312 1707; x_wconf 85' lang='lat' dir='ltr'><strong>solemnia</strong></span> <span class='ocrx_word' id='word_1_92' title='bbox 1340 1644 1486 1709; x_wconf 77' lang='lat' dir='ltr'><strong>vota</strong></span> <span class='ocrx_word' id='word_1_93' title='bbox 1529 1641 1898 1713; x_wconf 85' lang='lat' dir='ltr'><strong>destruere:</strong></span> <span class='ocrx_word' id='word_1_94' title='bbox 1933 1644 2042 1733; x_wconf 75' lang='lat' dir='ltr'><strong>Si,</strong></span> <span class='ocrx_word' id='word_1_95' title='bbox 2079 1646 2124 1713; x_wconf 78' lang='grc' dir='ltr'><em>ἁ</em></span> <span class='ocrx_word' id='word_1_96' title='bbox 2173 1668 2370 1717; x_wconf 78' lang='lat' dir='ltr'><strong>cause</strong></span> <span class='ocrx_word' id='word_1_97' title='bbox 2417 1649 2527 1719; x_wconf 79' lang='lat' dir='ltr'><strong>des</strong></span> 
     </span>
     <span class='ocr_line' id='line_1_13' title="bbox 228 1749 2528 1845; baseline 0.007 -26"><span class='ocrx_word' id='word_1_98' title='bbox 228 1749 739 1838; x_wconf 68' lang='lat' dir='ltr'><strong>circonstanceS,</strong></span> <span class='ocrx_word' id='word_1_99' title='bbox 770 1774 859 1822; x_wconf 83' lang='lat' dir='ltr'><strong>on</strong></span> <span class='ocrx_word' id='word_1_100' title='bbox 887 1776 933 1821; x_wconf 84' lang='lat' dir='ltr'><strong>a</strong></span> <span class='ocrx_word' id='word_1_101' title='bbox 959 1752 1236 1845; x_wconf 79' lang='lat' dir='ltr'><strong>quelque</strong></span> <span class='ocrx_word' id='word_1_102' title='bbox 1286 1751 1500 1844; x_wconf 76' lang='lat' dir='ltr'><strong>e&#39;qard</strong></span> <span class='ocrx_word' id='word_1_103' title='bbox 1527 1776 1618 1823; x_wconf 82' lang='lat' dir='ltr'><strong>au</strong></span> <span class='ocrx_word' id='word_1_104' title='bbox 1673 1755 1894 1827; x_wconf 81' lang='lat' dir='ltr'><strong>de&#39;cret</strong></span> <span class='ocrx_word' id='word_1_105' title='bbox 1919 1770 1983 1827; x_wconf 80' lang='lat' dir='ltr'><strong>et</strong></span> <span class='ocrx_word' id='word_1_106' title='bbox 2027 1761 2070 1827; x_wconf 83' lang='grc' dir='ltr'><em>ἀ</em></span> <span class='ocrx_word' id='word_1_107' title='bbox 2117 1772 2285 1831; x_wconf 82' lang='lat' dir='ltr'><strong>cette</strong></span> <span class='ocrx_word' id='word_1_108' title='bbox 2333 1764 2528 1835; x_wconf 81' lang='lat' dir='ltr'><strong>lettre</strong></span> 
     </span>
     <span class='ocr_line' id='line_1_14' title="bbox 238 1863 2527 1961; baseline 0.006 -28"><span class='ocrx_word' id='word_1_109' title='bbox 238 1863 363 1955; x_wconf 90' lang='lat' dir='ltr'><strong>(du</strong></span> <span class='ocrx_word' id='word_1_110' title='bbox 420 1865 719 1935; x_wconf 81' lang='lat' dir='ltr'><strong>ministre</strong></span> <span class='ocrx_word' id='word_1_111' title='bbox 754 1864 865 1935; x_wconf 88' lang='lat' dir='ltr'><strong>des</strong></span> <span class='ocrx_word' id='word_1_112' title='bbox 906 1865 1161 1957; x_wconf 89' lang='lat' dir='ltr'><strong>cultes),</strong></span> <span class='ocrx_word' id='word_1_113' title='bbox 1197 1867 1293 1936; x_wconf 81' lang='lat' dir='ltr'><strong>les</strong></span> <span class='ocrx_word' id='word_1_114' title='bbox 1330 1867 1682 1937; x_wconf 79' lang='lat' dir='ltr'><strong>anciennes</strong></span> <span class='ocrx_word' id='word_1_115' title='bbox 1707 1870 2090 1961; x_wconf 76' lang='lat' dir='ltr'><strong>reliqieuses</strong></span> <span class='ocrx_word' id='word_1_116' title='bbox 2147 1896 2230 1941; x_wconf 78' lang='lat' dir='ltr'><strong>ne</strong></span> <span class='ocrx_word' id='word_1_117' title='bbox 2258 1874 2527 1946; x_wconf 80' lang='lat' dir='ltr'><strong>doivent</strong></span> 
     </span>
     <span class='ocr_line' id='line_1_15' title="bbox 228 1978 2527 2075; baseline 0.005 -30"><span class='ocrx_word' id='word_1_118' title='bbox 228 1999 377 2069; x_wconf 80' lang='lat' dir='ltr'><strong>pas</strong></span> <span class='ocrx_word' id='word_1_119' title='bbox 422 1978 724 2048; x_wconf 64' lang='lat' dir='ltr'><strong>craiaetdre</strong></span> <span class='ocrx_word' id='word_1_120' title='bbox 773 1978 1043 2071; x_wconf 81' lang='lat' dir='ltr'><strong>qu&#39;elles</strong></span> <span class='ocrx_word' id='word_1_121' title='bbox 1078 2004 1163 2051; x_wconf 78' lang='lat' dir='ltr'><strong>ne</strong></span> <span class='ocrx_word' id='word_1_122' title='bbox 1191 1982 1582 2075; x_wconf 74' lang='lat' dir='ltr'><strong>paruissent</strong></span> <span class='ocrx_word' id='word_1_123' title='bbox 1617 2004 1760 2074; x_wconf 81' lang='lat' dir='ltr'><strong>par</strong></span> <span class='ocrx_word' id='word_1_124' title='bbox 1787 1984 1860 2053; x_wconf 84' lang='grc' dir='ltr'><em>Ιά</em></span> <span class='ocrx_word' id='word_1_125' title='bbox 1899 2006 1966 2053; x_wconf 82' lang='lat' dir='ltr'><strong>se</strong></span> <span class='ocrx_word' id='word_1_126' title='bbox 2021 1985 2322 2055; x_wconf 72' lang='lat' dir='ltr'><strong>detruire</strong></span> <span class='ocrx_word' id='word_1_127' title='bbox 2341 1988 2527 2057; x_wconf 85' lang='lat' dir='ltr'><strong>elles-</strong></span> 
     </span>
     <span class='ocr_line' id='line_1_16' title="bbox 240 2092 2528 2189; baseline 0.005 -28"><span class='ocrx_word' id='word_1_128' title='bbox 240 2092 495 2161; x_wconf 64' lang='lat' dir='ltr'><strong>memes</strong></span> <span class='ocrx_word' id='word_1_129' title='bbox 538 2104 605 2161; x_wconf 85' lang='lat' dir='ltr'><strong>et</strong></span> <span class='ocrx_word' id='word_1_130' title='bbox 648 2116 955 2165; x_wconf 69' lang='lat' dir='ltr'><strong>renone-er</strong></span> <span class='ocrx_word' id='word_1_131' title='bbox 1006 2097 1051 2165; x_wconf 84' lang='grc' dir='ltr'><em>ἀ</em></span> <span class='ocrx_word' id='word_1_132' title='bbox 1112 2097 1289 2167; x_wconf 81' lang='lat' dir='ltr'><strong>leurs</strong></span> <span class='ocrx_word' id='word_1_133' title='bbox 1318 2118 1516 2165; x_wconf 77' lang='lat' dir='ltr'><strong><em>voeux</em></strong></span> <span class='ocrx_word' id='word_1_134' title='bbox 1545 2097 1893 2169; x_wconf 81' lang='lat' dir='ltr'><strong>solennels.</strong></span> <span class='ocrx_word' id='word_1_135' title='bbox 1928 2098 2022 2169; x_wconf 82' lang='lat' dir='ltr'><strong>Ex</strong></span> <span class='ocrx_word' id='word_1_136' title='bbox 2047 2100 2288 2189; x_wconf 89' lang='lat' dir='ltr'><strong>quibus</strong></span> <span class='ocrx_word' id='word_1_137' title='bbox 2313 2103 2528 2173; x_wconf 76' lang='lat' dir='ltr'><strong>verbis</strong></span> 
     </span>
     <span class='ocr_line' id='line_1_17' title="bbox 240 2207 2528 2303; baseline 0.004 -28"><span class='ocrx_word' id='word_1_138' title='bbox 240 2207 367 2275; x_wconf 85' lang='lat' dir='ltr'><strong>tria</strong></span> <span class='ocrx_word' id='word_1_139' title='bbox 392 2214 611 2297; x_wconf 85' lang='lat' dir='ltr'><strong>aperte</strong></span> <span class='ocrx_word' id='word_1_140' title='bbox 638 2217 998 2300; x_wconf 86' lang='lat' dir='ltr'><strong>sequuntur</strong></span> <span class='ocrx_word' id='word_1_141' title='bbox 1026 2235 1043 2279; x_wconf 71' lang='grc' dir='ltr'><strong>ε</strong></span> <span class='ocrx_word' id='word_1_142' title='bbox 1086 2212 1343 2303; x_wconf 82' lang='lat' dir='ltr'><strong>primo,</strong></span> <span class='ocrx_word' id='word_1_143' title='bbox 1372 2213 1760 2283; x_wconf 79' lang='lat' dir='ltr'><strong>existimavit</strong></span> <span class='ocrx_word' id='word_1_144' title='bbox 1807 2213 2002 2285; x_wconf 87' lang='lat' dir='ltr'><strong>Sacra</strong></span> <span class='ocrx_word' id='word_1_145' title='bbox 2041 2212 2528 2286; x_wconf 85' lang='lat' dir='ltr'><strong>Poenitentiaria</strong></span> 
     </span>
     <span class='ocr_line' id='line_1_18' title="bbox 244 2323 2524 2421; baseline 0.004 -29"><span class='ocrx_word' id='word_1_146' title='bbox 244 2323 745 2393; x_wconf 80' lang='lat' dir='ltr'><strong>solemnitatem</strong></span> <span class='ocrx_word' id='word_1_147' title='bbox 786 2332 1114 2415; x_wconf 80' lang='lat' dir='ltr'><strong>votorum,</strong></span> <span class='ocrx_word' id='word_1_148' title='bbox 1153 2328 1237 2397; x_wconf 86' lang='lat' dir='ltr'><strong>ab</strong></span> <span class='ocrx_word' id='word_1_149' title='bbox 1272 2327 1409 2397; x_wconf 82' lang='lat' dir='ltr'><strong>istis</strong></span> <span class='ocrx_word' id='word_1_150' title='bbox 1453 2329 1850 2399; x_wconf 81' lang='lat' dir='ltr'><strong>monialibus</strong></span> <span class='ocrx_word' id='word_1_151' title='bbox 1899 2330 2200 2421; x_wconf 76' lang='lat' dir='ltr'><strong>professis</strong></span> <span class='ocrx_word' id='word_1_152' title='bbox 2257 2332 2524 2401; x_wconf 85' lang='lat' dir='ltr'><strong>emisso·</strong></span> 
     </span>
     <span class='ocr_line' id='line_1_19' title="bbox 244 2441 2524 2535; baseline 0.003 -28"><span class='ocrx_word' id='word_1_153' title='bbox 244 2458 427 2527; x_wconf 88' lang='lat' dir='ltr'><strong>rum,</strong></span> <span class='ocrx_word' id='word_1_154' title='bbox 458 2458 873 2530; x_wconf 85' lang='lat' dir='ltr'><strong>nequaquam</strong></span> <span class='ocrx_word' id='word_1_155' title='bbox 899 2441 1281 2533; x_wconf 84' lang='lat' dir='ltr'><strong>impeditam</strong></span> <span class='ocrx_word' id='word_1_156' title='bbox 1311 2450 1424 2515; x_wconf 88' lang='lat' dir='ltr'><strong>aut</strong></span> <span class='ocrx_word' id='word_1_157' title='bbox 1439 2444 1830 2515; x_wconf 84' lang='lat' dir='ltr'><strong>destructam</strong></span> <span class='ocrx_word' id='word_1_158' title='bbox 1863 2444 2058 2515; x_wconf 78' lang='lat' dir='ltr'><strong>fuisse</strong></span> <span class='ocrx_word' id='word_1_159' title='bbox 2089 2446 2152 2513; x_wconf 83' lang='lat' dir='ltr'><strong>vi</strong></span> <span class='ocrx_word' id='word_1_160' title='bbox 2179 2442 2342 2535; x_wconf 81' lang='lat' dir='ltr'><strong>legis</strong></span> <span class='ocrx_word' id='word_1_161' title='bbox 2365 2444 2524 2515; x_wconf 80' lang='lat' dir='ltr'><strong>civi·-</strong></span> 
     </span>
     <span class='ocr_line' id='line_1_20' title="bbox 241 2552 2512 2651; baseline 0.003 -30"><span class='ocrx_word' id='word_1_162' title='bbox 241 2552 353 2639; x_wconf 90' lang='lat' dir='ltr'><strong>lis,</strong></span> <span class='ocrx_word' id='word_1_163' title='bbox 378 2553 547 2623; x_wconf 88' lang='lat' dir='ltr'><strong>hanc</strong></span> <span class='ocrx_word' id='word_1_164' title='bbox 589 2555 1067 2627; x_wconf 86' lang='lat' dir='ltr'><strong>solemnitatem</strong></span> <span class='ocrx_word' id='word_1_165' title='bbox 1122 2557 1191 2627; x_wconf 91' lang='lat' dir='ltr'><strong>in</strong></span> <span class='ocrx_word' id='word_1_166' title='bbox 1219 2556 1446 2647; x_wconf 83' lang='lat' dir='ltr'><strong>Belgio</strong></span> <span class='ocrx_word' id='word_1_167' title='bbox 1483 2559 1879 2649; x_wconf 87' lang='lat' dir='ltr'><strong>jamdudum</strong></span> <span class='ocrx_word' id='word_1_168' title='bbox 1916 2582 2048 2632; x_wconf 88' lang='lat' dir='ltr'><strong>non</strong></span> <span class='ocrx_word' id='word_1_169' title='bbox 2080 2562 2512 2651; x_wconf 81' lang='lat' dir='ltr'><strong>agnoscentis.</strong></span> 
     </span>
     <span class='ocr_line' id='line_1_21' title="bbox 246 2668 2520 2762; baseline 0.003 -23"><span class='ocrx_word' id='word_1_170' title='bbox 246 2668 571 2759; x_wconf 71' lang='lat' dir='ltr'><strong>Secundo,</strong></span> <span class='ocrx_word' id='word_1_171' title='bbox 592 2671 984 2740; x_wconf 77' lang='lat' dir='ltr'><strong>existimavit</strong></span> <span class='ocrx_word' id='word_1_172' title='bbox 1012 2674 1279 2762; x_wconf 84' lang='lat' dir='ltr'><strong>insuper</strong></span> <span class='ocrx_word' id='word_1_173' title='bbox 1316 2690 1452 2741; x_wconf 88' lang='lat' dir='ltr'><strong>non</strong></span> <span class='ocrx_word' id='word_1_174' title='bbox 1507 2673 1753 2741; x_wconf 86' lang='lat' dir='ltr'><strong>destrui</strong></span> <span class='ocrx_word' id='word_1_175' title='bbox 1819 2675 1990 2743; x_wconf 90' lang='lat' dir='ltr'><strong>hanc</strong></span> <span class='ocrx_word' id='word_1_176' title='bbox 2017 2677 2520 2761; x_wconf 87' lang='lat' dir='ltr'><strong>solemnitatem,</strong></span> 
     </span>
     <span class='ocr_line' id='line_1_22' title="bbox 246 2782 2515 2878; baseline 0.003 -27"><span class='ocrx_word' id='word_1_177' title='bbox 246 2782 401 2852; x_wconf 87' lang='lat' dir='ltr'><strong>licet</strong></span> <span class='ocrx_word' id='word_1_178' title='bbox 442 2784 745 2854; x_wconf 87' lang='lat' dir='ltr'><strong>moniales</strong></span> <span class='ocrx_word' id='word_1_179' title='bbox 801 2786 927 2857; x_wconf 79' lang='lat' dir='ltr'><strong>illae</strong></span> <span class='ocrx_word' id='word_1_180' title='bbox 968 2787 1267 2878; x_wconf 64' lang='lat' dir='ltr'><strong>professas</strong></span> <span class='ocrx_word' id='word_1_181' title='bbox 1292 2786 1484 2855; x_wconf 81' lang='lat' dir='ltr'><strong>dictae</strong></span> <span class='ocrx_word' id='word_1_182' title='bbox 1538 2785 1664 2873; x_wconf 81' lang='lat' dir='ltr'><strong>legi</strong></span> <span class='ocrx_word' id='word_1_183' title='bbox 1720 2806 1856 2855; x_wconf 88' lang='lat' dir='ltr'><strong>sese</strong></span> <span class='ocrx_word' id='word_1_184' title='bbox 1912 2790 2515 2870; x_wconf 85' lang='lat' dir='ltr'><strong>accommodarent,</strong></span> 
     </span>
     <span class='ocr_line' id='line_1_23' title="bbox 242 2897 2525 2995; baseline 0.001 -26"><span class='ocrx_word' id='word_1_185' title='bbox 242 2897 643 2971; x_wconf 65' lang='lat' dir='ltr'><strong>hereditates</strong></span> <span class='ocrx_word' id='word_1_186' title='bbox 700 2902 1113 2973; x_wconf 79' lang='lat' dir='ltr'><strong>obvenientes</strong></span> <span class='ocrx_word' id='word_1_187' title='bbox 1164 2900 1584 2995; x_wconf 85' lang='lat' dir='ltr'><strong>percipiendo</strong></span> <span class='ocrx_word' id='word_1_188' title='bbox 1629 2906 1692 2971; x_wconf 92' lang='lat' dir='ltr'><strong>et</strong></span> <span class='ocrx_word' id='word_1_189' title='bbox 1745 2900 2290 2985; x_wconf 85' lang='lat' dir='ltr'><strong>administrando,</strong></span> <span class='ocrx_word' id='word_1_190' title='bbox 2329 2903 2525 2972; x_wconf 91' lang='lat' dir='ltr'><strong>modo</strong></span> 
     </span>
     <span class='ocr_line' id='line_1_24' title="bbox 240 3014 2526 3109; baseline 0.001 -26"><span class='ocrx_word' id='word_1_191' title='bbox 240 3015 309 3086; x_wconf 88' lang='lat' dir='ltr'><strong>id</strong></span> <span class='ocrx_word' id='word_1_192' title='bbox 350 3015 634 3085; x_wconf 84' lang='lat' dir='ltr'><strong>facerent</strong></span> <span class='ocrx_word' id='word_1_193' title='bbox 675 3038 833 3087; x_wconf 88' lang='lat' dir='ltr'><strong>cum</strong></span> <span class='ocrx_word' id='word_1_194' title='bbox 904 3017 1333 3109; x_wconf 84' lang='lat' dir='ltr'><strong>dependentia</strong></span> <span class='ocrx_word' id='word_1_195' title='bbox 1386 3038 1424 3085; x_wconf 94' lang='lat' dir='ltr'><strong>a</strong></span> <span class='ocrx_word' id='word_1_196' title='bbox 1473 3014 1938 3109; x_wconf 86' lang='lat' dir='ltr'><strong>superioribus.</strong></span> <span class='ocrx_word' id='word_1_197' title='bbox 2007 3016 2244 3101; x_wconf 84' lang='lat' dir='ltr'><strong>Tertio,</strong></span> <span class='ocrx_word' id='word_1_198' title='bbox 2300 3017 2526 3085; x_wconf 86' lang='lat' dir='ltr'><strong>existi-</strong></span> 
     </span>
     <span class='ocr_line' id='line_1_25' title="bbox 240 3128 2526 3222; baseline 0 -23"><span class='ocrx_word' id='word_1_199' title='bbox 240 3130 447 3199; x_wconf 77' lang='lat' dir='ltr'><strong>mavit</strong></span> <span class='ocrx_word' id='word_1_200' title='bbox 468 3130 729 3201; x_wconf 88' lang='lat' dir='ltr'><strong>tandem</strong></span> <span class='ocrx_word' id='word_1_201' title='bbox 749 3152 1085 3202; x_wconf 87' lang='lat' dir='ltr'><strong>remanere</strong></span> <span class='ocrx_word' id='word_1_202' title='bbox 1104 3152 1287 3222; x_wconf 87' lang='lat' dir='ltr'><strong>posse</strong></span> <span class='ocrx_word' id='word_1_203' title='bbox 1300 3132 1792 3222; x_wconf 83' lang='lat' dir='ltr'><strong>incapacitatem</strong></span> <span class='ocrx_word' id='word_1_204' title='bbox 1805 3130 2084 3200; x_wconf 91' lang='lat' dir='ltr'><strong>dominii</strong></span> <span class='ocrx_word' id='word_1_205' title='bbox 2103 3129 2172 3197; x_wconf 91' lang='lat' dir='ltr'><strong>in</strong></span> <span class='ocrx_word' id='word_1_206' title='bbox 2199 3128 2526 3218; x_wconf 81' lang='lat' dir='ltr'><strong>religiosis</strong></span> 
     </span>
     <span class='ocr_line' id='line_1_26' title="bbox 236 3244 2524 3339; baseline -0.002 -23"><span class='ocrx_word' id='word_1_207' title='bbox 236 3248 355 3339; x_wconf 89' lang='lat' dir='ltr'><strong>qui</strong></span> <span class='ocrx_word' id='word_1_208' title='bbox 382 3266 522 3317; x_wconf 87' lang='lat' dir='ltr'><strong>sese</strong></span> <span class='ocrx_word' id='word_1_209' title='bbox 550 3246 857 3337; x_wconf 75' lang='lat' dir='ltr'><strong>praedicto</strong></span> <span class='ocrx_word' id='word_1_210' title='bbox 898 3246 1087 3317; x_wconf 89' lang='lat' dir='ltr'><strong>modo</strong></span> <span class='ocrx_word' id='word_1_211' title='bbox 1121 3246 1251 3337; x_wconf 80' lang='lat' dir='ltr'><strong>legi</strong></span> <span class='ocrx_word' id='word_1_212' title='bbox 1278 3246 1458 3316; x_wconf 80' lang='lat' dir='ltr'><strong>civili</strong></span> <span class='ocrx_word' id='word_1_213' title='bbox 1497 3246 2022 3329; x_wconf 85' lang='lat' dir='ltr'><strong>accommodant;</strong></span> <span class='ocrx_word' id='word_1_214' title='bbox 2049 3244 2374 3335; x_wconf 88' lang='lat' dir='ltr'><strong>siquidem</strong></span> <span class='ocrx_word' id='word_1_215' title='bbox 2400 3244 2524 3314; x_wconf 89' lang='lat' dir='ltr'><strong>nisi</strong></span> 
     </span>
     <span class='ocr_line' id='line_1_27' title="bbox 244 3360 2522 3452; baseline 0.001 -23"><span class='ocrx_word' id='word_1_216' title='bbox 244 3367 615 3429; x_wconf 85' lang='lat' dir='ltr'><strong>remaneret</strong></span> <span class='ocrx_word' id='word_1_217' title='bbox 640 3362 1031 3452; x_wconf 80' lang='lat' dir='ltr'><strong>incapacitas</strong></span> <span class='ocrx_word' id='word_1_218' title='bbox 1054 3360 1355 3446; x_wconf 87' lang='lat' dir='ltr'><strong>dominii,</strong></span> <span class='ocrx_word' id='word_1_219' title='bbox 1392 3382 1516 3431; x_wconf 88' lang='lat' dir='ltr'><strong>uec</strong></span> <span class='ocrx_word' id='word_1_220' title='bbox 1545 3365 1904 3431; x_wconf 84' lang='lat' dir='ltr'><strong>remaneret</strong></span> <span class='ocrx_word' id='word_1_221' title='bbox 1953 3366 2255 3431; x_wconf 81' lang='lat' dir='ltr'><strong>votorum</strong></span> <span class='ocrx_word' id='word_1_222' title='bbox 2281 3360 2522 3431; x_wconf 86' lang='lat' dir='ltr'><strong>solem-</strong></span> 
     </span>
     <span class='ocr_line' id='line_1_28' title="bbox 242 3474 2518 3567; baseline 0 -24"><span class='ocrx_word' id='word_1_223' title='bbox 242 3476 437 3543; x_wconf 84' lang='lat' dir='ltr'><strong>nitas.</strong></span> <span class='ocrx_word' id='word_1_224' title='bbox 468 3474 553 3543; x_wconf 89' lang='lat' dir='ltr'><strong>Et</strong></span> <span class='ocrx_word' id='word_1_225' title='bbox 598 3475 691 3544; x_wconf 90' lang='lat' dir='ltr'><strong>sic</strong></span> <span class='ocrx_word' id='word_1_226' title='bbox 720 3475 1021 3545; x_wconf 85' lang='lat' dir='ltr'><strong>firmatur</strong></span> <span class='ocrx_word' id='word_1_227' title='bbox 1050 3475 1229 3566; x_wconf 91' lang='lat' dir='ltr'><strong>quod</strong></span> <span class='ocrx_word' id='word_1_228' title='bbox 1276 3496 1478 3567; x_wconf 88' lang='lat' dir='ltr'><strong>supra</strong></span> <span class='ocrx_word' id='word_1_229' title='bbox 1521 3475 1832 3558; x_wconf 85' lang='lat' dir='ltr'><strong>diximus,</strong></span> <span class='ocrx_word' id='word_1_230' title='bbox 1881 3474 2214 3564; x_wconf 79' lang='lat' dir='ltr'><strong>religiosos</strong></span> <span class='ocrx_word' id='word_1_231' title='bbox 2258 3495 2518 3564; x_wconf 90' lang='lat' dir='ltr'><strong>nempe,</strong></span> 
     </span>
     <span class='ocr_line' id='line_1_29' title="bbox 236 3589 2521 3683; baseline -0.001 -24"><span class='ocrx_word' id='word_1_232' title='bbox 236 3591 357 3681; x_wconf 88' lang='lat' dir='ltr'><strong>qui</strong></span> <span class='ocrx_word' id='word_1_233' title='bbox 392 3591 488 3659; x_wconf 89' lang='lat' dir='ltr'><strong>sic</strong></span> <span class='ocrx_word' id='word_1_234' title='bbox 516 3592 602 3660; x_wconf 88' lang='lat' dir='ltr'><strong>ad</strong></span> <span class='ocrx_word' id='word_1_235' title='bbox 626 3592 937 3661; x_wconf 90' lang='lat' dir='ltr'><strong>terminos</strong></span> <span class='ocrx_word' id='word_1_236' title='bbox 960 3591 1121 3681; x_wconf 79' lang='lat' dir='ltr'><strong>legis</strong></span> <span class='ocrx_word' id='word_1_237' title='bbox 1144 3592 1476 3661; x_wconf 84' lang='lat' dir='ltr'><strong>saecularis</strong></span> <span class='ocrx_word' id='word_1_238' title='bbox 1501 3590 1672 3662; x_wconf 88' lang='lat' dir='ltr'><strong>bona</strong></span> <span class='ocrx_word' id='word_1_239' title='bbox 1701 3589 2028 3683; x_wconf 81' lang='lat' dir='ltr'><strong>possident</strong></span> <span class='ocrx_word' id='word_1_240' title='bbox 2051 3596 2114 3657; x_wconf 86' lang='lat' dir='ltr'><strong>et</strong></span> <span class='ocrx_word' id='word_1_241' title='bbox 2145 3591 2521 3679; x_wconf 83' lang='lat' dir='ltr'><strong>acquirunt,</strong></span> 
     </span>
     <span class='ocr_line' id='line_1_30' title="bbox 235 3706 2522 3798; baseline 0 -24"><span class='ocrx_word' id='word_1_242' title='bbox 235 3726 377 3775; x_wconf 89' lang='lat' dir='ltr'><strong>non</strong></span> <span class='ocrx_word' id='word_1_243' title='bbox 404 3706 565 3791; x_wconf 88' lang='lat' dir='ltr'><strong>sibi,</strong></span> <span class='ocrx_word' id='word_1_244' title='bbox 600 3708 709 3777; x_wconf 89' lang='lat' dir='ltr'><strong>sed</strong></span> <span class='ocrx_word' id='word_1_245' title='bbox 741 3706 1202 3778; x_wconf 85' lang='lat' dir='ltr'><strong>communitati</strong></span> <span class='ocrx_word' id='word_1_246' title='bbox 1230 3708 1745 3798; x_wconf 82' lang='lat' dir='ltr'><strong>acquirere3nec</strong></span> <span class='ocrx_word' id='word_1_247' title='bbox 1770 3708 1966 3777; x_wconf 87' lang='lat' dir='ltr'><strong>abeis</strong></span> <span class='ocrx_word' id='word_1_248' title='bbox 2003 3706 2174 3777; x_wconf 85' lang='lat' dir='ltr'><strong>exeri</strong></span> <span class='ocrx_word' id='word_1_249' title='bbox 2204 3724 2390 3775; x_wconf 81' lang='lat' dir='ltr'><strong>veros</strong></span> <span class='ocrx_word' id='word_1_250' title='bbox 2413 3724 2522 3775; x_wconf 89' lang='lat' dir='ltr'><strong>ac·</strong></span> 
     </span>
     <span class='ocr_line' id='line_1_31' title="bbox 238 3802 1674 3905; baseline 0.004 -18"><span class='ocrx_word' id='word_1_251' title='bbox 238 3826 351 3889; x_wconf 87' lang='lat' dir='ltr'><strong>tus</strong></span> <span class='ocrx_word' id='word_1_252' title='bbox 366 3820 676 3905; x_wconf 82' lang='lat' dir='ltr'><strong>dominii,</strong></span> <span class='ocrx_word' id='word_1_253' title='bbox 708 3824 819 3893; x_wconf 88' lang='lat' dir='ltr'><strong>sed</strong></span> <span class='ocrx_word' id='word_1_254' title='bbox 842 3802 1039 3895; x_wconf 71' lang='lat' dir='ltr'><strong>merae</strong></span> <span class='ocrx_word' id='word_1_255' title='bbox 1068 3823 1674 3895; x_wconf 77' lang='lat' dir='ltr'><strong>administrationis.</strong></span> 
     </span>
    </p>

    <p class='ocr_par' dir='ltr' id='par_1_5' title="bbox 232 3932 2526 4493">
     <span class='ocr_line' id='line_1_32' title="bbox 333 3932 2522 4031; baseline 0.001 -29"><span class='ocrx_word' id='word_1_256' title='bbox 333 3932 449 4003; x_wconf 83' lang='lat' dir='ltr'><strong>lx.</strong></span> <span class='ocrx_word' id='word_1_257' title='bbox 494 3934 557 4005; x_wconf 93' lang='lat' dir='ltr'><strong>Si</strong></span> <span class='ocrx_word' id='word_1_258' title='bbox 608 3937 895 4028; x_wconf 81' lang='lat' dir='ltr'><strong>religiosi</strong></span> <span class='ocrx_word' id='word_1_259' title='bbox 928 3941 1175 4031; x_wconf 86' lang='lat' dir='ltr'><strong>possint</strong></span> <span class='ocrx_word' id='word_1_260' title='bbox 1206 3960 1343 4011; x_wconf 88' lang='lat' dir='ltr'><strong>esse</strong></span> <span class='ocrx_word' id='word_1_261' title='bbox 1370 3940 1780 4031; x_wconf 85' lang='lat' dir='ltr'><strong>proprietarii</strong></span> <span class='ocrx_word' id='word_1_262' title='bbox 1813 3938 2126 4022; x_wconf 81' lang='lat' dir='ltr'><strong>civiliter,</strong></span> <span class='ocrx_word' id='word_1_263' title='bbox 2157 3956 2270 4005; x_wconf 90' lang='lat' dir='ltr'><strong>seu</strong></span> <span class='ocrx_word' id='word_1_264' title='bbox 2303 3954 2522 4005; x_wconf 86' lang='lat' dir='ltr'><strong>coram</strong></span> 
     </span>
     <span class='ocr_line' id='line_1_33' title="bbox 238 4049 2523 4143; baseline 0 -25"><span class='ocrx_word' id='word_1_265' title='bbox 238 4049 381 4141; x_wconf 83' lang='lat' dir='ltr'><strong>lege</strong></span> <span class='ocrx_word' id='word_1_266' title='bbox 408 4050 611 4133; x_wconf 77' lang='lat' dir='ltr'><strong>civili,</strong></span> <span class='ocrx_word' id='word_1_267' title='bbox 640 4056 661 4138; x_wconf 79' lang='grc'>[</span> <span class='ocrx_word' id='word_1_268' title='bbox 664 4053 829 4143; x_wconf 89' lang='lat' dir='ltr'><strong>quin</strong></span> <span class='ocrx_word' id='word_1_269' title='bbox 872 4075 1105 4124; x_wconf 84' lang='lat' dir='ltr'><strong>verum</strong></span> <span class='ocrx_word' id='word_1_270' title='bbox 1135 4054 1349 4123; x_wconf 89' lang='lat' dir='ltr'><strong>ullum</strong></span> <span class='ocrx_word' id='word_1_271' title='bbox 1390 4054 1762 4123; x_wconf 89' lang='lat' dir='ltr'><strong>dominium</strong></span> <span class='ocrx_word' id='word_1_272' title='bbox 1803 4054 1929 4123; x_wconf 90' lang='lat' dir='ltr'><strong>sibi</strong></span> <span class='ocrx_word' id='word_1_273' title='bbox 1959 4053 2324 4143; x_wconf 89' lang='lat' dir='ltr'><strong>acquirant,</strong></span> <span class='ocrx_word' id='word_1_274' title='bbox 2357 4069 2523 4120; x_wconf 89' lang='lat' dir='ltr'><strong>con-</strong></span> 
     </span>
     <span class='ocr_line' id='line_1_34' title="bbox 234 4164 2526 4263; baseline -0.001 -28"><span class='ocrx_word' id='word_1_275' title='bbox 234 4164 645 4237; x_wconf 89' lang='lat' dir='ltr'><strong>cludendum</strong></span> <span class='ocrx_word' id='word_1_276' title='bbox 672 4174 792 4257; x_wconf 85' lang='lat' dir='ltr'><strong>est,</strong></span> <span class='ocrx_word' id='word_1_277' title='bbox 842 4190 1255 4263; x_wconf 87' lang='lat' dir='ltr'><strong>nequaquam</strong></span> <span class='ocrx_word' id='word_1_278' title='bbox 1302 4170 1552 4241; x_wconf 80' lang='lat' dir='ltr'><strong>obstare</strong></span> <span class='ocrx_word' id='word_1_279' title='bbox 1599 4169 1810 4259; x_wconf 81' lang='lat' dir='ltr'><strong>legem</strong></span> <span class='ocrx_word' id='word_1_280' title='bbox 1861 4168 2238 4238; x_wconf 60' lang='lat' dir='ltr'><strong>saecularem</strong></span> <span class='ocrx_word' id='word_1_281' title='bbox 2265 4168 2526 4257; x_wconf 86' lang='lat' dir='ltr'><strong>incapa-</strong></span> 
     </span>
     <span class='ocr_line' id='line_1_35' title="bbox 236 4282 2524 4376; baseline 0 -26"><span class='ocrx_word' id='word_1_282' title='bbox 236 4282 415 4352; x_wconf 88' lang='lat' dir='ltr'><strong>citati</strong></span> <span class='ocrx_word' id='word_1_283' title='bbox 440 4283 725 4354; x_wconf 88' lang='lat' dir='ltr'><strong>dominii</strong></span> <span class='ocrx_word' id='word_1_284' title='bbox 752 4291 816 4354; x_wconf 84' lang='lat' dir='ltr'><strong>et</strong></span> <span class='ocrx_word' id='word_1_285' title='bbox 844 4290 1141 4357; x_wconf 82' lang='lat' dir='ltr'><strong>votorum</strong></span> <span class='ocrx_word' id='word_1_286' title='bbox 1173 4283 1590 4373; x_wconf 89' lang='lat' dir='ltr'><strong>solemnitati,</strong></span> <span class='ocrx_word' id='word_1_287' title='bbox 1629 4284 2052 4376; x_wconf 87' lang='lat' dir='ltr'><strong>quantumvis</strong></span> <span class='ocrx_word' id='word_1_288' title='bbox 2078 4305 2221 4353; x_wconf 86' lang='lat' dir='ltr'><strong>eam</strong></span> <span class='ocrx_word' id='word_1_289' title='bbox 2259 4283 2524 4375; x_wconf 88' lang='lat' dir='ltr'><strong>incapa-</strong></span> 
     </span>
     <span class='ocr_line' id='line_1_36' title="bbox 232 4396 2525 4493; baseline 0 -28"><span class='ocrx_word' id='word_1_290' title='bbox 232 4396 497 4467; x_wconf 85' lang='lat' dir='ltr'><strong>citatem</strong></span> <span class='ocrx_word' id='word_1_291' title='bbox 526 4405 589 4471; x_wconf 90' lang='lat' dir='ltr'><strong>et</strong></span> <span class='ocrx_word' id='word_1_292' title='bbox 616 4400 1093 4473; x_wconf 87' lang='lat' dir='ltr'><strong>solemnitatem</strong></span> <span class='ocrx_word' id='word_1_293' title='bbox 1156 4422 1289 4473; x_wconf 90' lang='lat' dir='ltr'><strong>non</strong></span> <span class='ocrx_word' id='word_1_294' title='bbox 1332 4405 1659 4493; x_wconf 81' lang='lat' dir='ltr'><strong>agnoscat.</strong></span> <span class='ocrx_word' id='word_1_295' title='bbox 1693 4399 1898 4490; x_wconf 85' lang='lat' dir='ltr'><strong>Atqui</strong></span> <span class='ocrx_word' id='word_1_296' title='bbox 1927 4420 2148 4475; x_wconf 85' lang='lat' dir='ltr'><strong>revera</strong></span> <span class='ocrx_word' id='word_1_297' title='bbox 2191 4398 2525 4488; x_wconf 79' lang='lat' dir='ltr'><strong>religiosos</strong></span> 
     </span>
    </p>
   </div>
  </div>
 </body>
</html>
