2834 4959
1084 357 1236 404 PARS
1277 357 1469 404 mum
1480 389 1495 404 .
2044 354 2053 364 ⁸
2303 359 2328 414 1
2343 359 2411 414 Ἠ

209 491 242 530 α
267 465 390 532 lieet
429 462 698 552 scriptor
746 460 1240 544 Thomassinus,
1301 461 1487 528 aiunt
1539 463 1925 533 recentiores
1985 464 2417 550 Bollandiani‚

203 606 230 644 «
252 577 698 668 agnoscendum
759 582 934 646 certe
1001 582 1094 644 est
1143 595 1298 644 eum
1359 577 1589 666 jejune
1662 577 2021 649 admodum
2096 590 2419 654 versatum

196 719 224 754 a
251 691 428 758 fuisse
471 689 539 754 in
574 685 962 778 explorando
1006 687 1156 755 vitae
1200 685 1491 756 instituto
1540 688 1835 757 virorum
1880 713 1995 783 per
2034 693 2249 785 prima
2294 695 2421 764 Ee-

194 831 220 870 a
242 804 430 873 elesiae
475 801 710 871 saeeula
761 798 898 870 Deo
939 801 1342 888 devotorum,
1371 821 1495 872 nec
1543 801 1673 872 fere
1720 805 1851 874 nisi
1883 807 1963 875 ad
1994 808 2421 880 refellendum

193 945 223 984 ι
253 917 628 987 Cassianum.
661 940 700 981 n
738 915 1074 1008 (Examen
1114 915 1268 986 libri
1291 918 1589 988 Mar-iani
1626 919 2018 1010 Verhoeven,
2063 944 2211 1015 pag.
2243 924 2330 994 48
2362 933 2425 994 et

187 1037 322 1126 49.)
367 1035 524 1104 Adeo
570 1033 760 1104 dictis
807 1033 1246 1104 Bouandianis
1305 1033 1483 1104 visus
1532 1042 1627 1104 est
1676 1034 2143 1110 Thomassinus
2186 1063 2225 1110 a
2274 1063 2423 1111 vero

190 1153 484 1222 aberrasse
520 1153 588 1220 in
617 1149 978 1235 nonnullis,
1021 1150 1204 1220 verbi
1253 1153 1485 1241 gratia,
1516 1151 1589 1220 in
1643 1145 1995 1243 quaestione
2043 1157 2123 1225 de
2170 1159 2427 1246 regula-

187 1271 356 1340 rium
375 1267 736 1360 pririlegiis,
781 1290 816 1331 «t
853 1272 926 1335 nt
951 1267 1092 1336 sine
1113 1267 1248 1336 ullo
1268 1267 1398 1338 fere
1420 1266 1639 1336 labore
1671 1268 1851 1358 (sum
1876 1271 2173 1362 ipsorum
2200 1274 2423 1364 verba)

195 1413 230 1452 «ι
256 1385 522 1454 ducenti·
541 1386 768 1456 saltem
811 1383 1266 1476 hujuscemodi
1319 1404 1565 1452 errores
1610 1385 1677 1452 in
1710 1383 1836 1455 hoc
1861 1387 1994 1456 solo
2030 1387 2111 1457 de
2155 1389 2420 1480 privile-

193 1529 224 1566 «
255 1501 366 1592 giis
401 1507 666 1571 tractatu
721 1500 997 1570 indicari
1039 1504 1322 1590 possent.
1374 1525 1410 1566 n
1468 1498 1701 1592 (Opere
1753 1502 1968 1587 nitate,
2026 1525 2174 1594 pag.
2238 1503 2419 1593 158.)

187 1619 370 1708 Atque
431 1618 498 1687 id
572 1618 652 1694 de
712 1616 1144 1686 Thomassino
1195 1616 1304 1684 hic
1355 1617 1795 1688 adnotandum
1864 1620 2173 1689 duximus
2190 1649 2210 1709 3
2266 1622 2418 1714 qnia

187 1735 377 1821 multi,
419 1733 504 1804 ob
529 1735 674 1824 ejus
711 1733 1034 1824 proecipue
1077 1732 1183 1822 (ne
1231 1731 1450 1800 dicam
1498 1733 1715 1824 unice)
1757 1735 2225 1822 auctoritatem,
2270 1740 2419 1828 opi-

185 1854 418 1923 nionem
455 1852 668 1935 illam,
721 1851 802 1920 de
859 1855 1072 1919 exorta
1133 1856 1361 1940 quarto
1406 1848 1715 1918 duntaxat
1776 1849 2010 1918 saeeulo
2068 1854 2421 1920 monastica
2461 1827 2468 1833 ⁴

188 1977 288 2034 aut
323 1967 496 2035 etiam
537 1965 842 2055 religiosa
896 1965 1025 2034 vita
1054 1962 1400 2056 amplexati
1446 1961 1775 2030 videntur.
1826 1961 1888 2030 A
1916 1983 2046 2051 qua
2094 1968 2291 2048 certe,
2322 1968 2423 2030 vei

186 2082 256 2150 ob
277 2083 398 2152 sola
451 2104 652 2174 supra
700 2080 892 2150 allata
929 2087 1163 2148 sanctae
1207 2077 1547 2149 Febroniae
1574 2077 1877 2167 martyris
1919 2083 2081 2162 acta,
2128 2077 2422 2148 recedere

183 2198 485 2286 deberent3
535 2219 692 2269 cum
740 2221 817 2268 ex
857 2194 990 2267 illis
1035 2196 1226 2287 plene
1282 2201 1549 2282 constet,
1609 2191 1956 2262 monachos
2006 2198 2069 2264 et
2117 2193 2427 2263 moniales

184 2316 338 2384 tertio
365 2314 602 2388 saeculo
631 2313 700 2382 in
732 2311 1187 2404 Mesopotamia
1214 2313 1545 2384 exstitisse.
