2834 4959
1034 331 1184 380 PARS
1233 332 1526 382 SECUNDA.
2299 328 2417 386 269

1208 548 1348 640 §L

162 719 525 768 Numteneatnr
548 715 839 780 Episcopus,
862 719 1139 780 antequam
1157 727 1349 766 novum
1372 723 1682 770 conventum
1709 719 1933 782 erigendi
1959 719 2218 772 licentiam
2244 733 2422 772 conce-

593 802 701 866 dat,
721 801 1001 867 parochum
1016 804 1173 853 citare
1202 815 1296 856 seu
1327 815 1529 867 vocare,
1553 811 1614 856 ut
1636 818 1756 858 eum
1778 806 1974 859 audiat.

249 1008 711 1078 Praenotanda.
740 1047 830 1061 —
876 1008 1115 1078 Sedulo
1140 1011 1223 1081 ab
1266 1011 1548 1080 invicem
1597 1011 2070 1096 distinguendas
2099 1018 2254 1080 sunt
2299 1019 2424 1082 tres

168 1125 288 1192 illae
317 1127 689 1215 quaestiones
725 1150 741 1192 z
778 1127 885 1194 An
933 1137 1237 1196 teneatur
1266 1129 1638 1219 Episcopus
1653 1127 2029 1219 parochiam
2057 1150 2312 1216 vocare,
2343 1141 2422 1198 ut

169 1263 313 1310 cum
331 1241 597 1309 audiat:
620 1264 713 1309 an
734 1242 947 1332 possit
962 1243 1292 1333 parochus
1310 1243 1494 1310 ultro
1513 1265 1912 1334 comparere,
1935 1255 1996 1310 et
2013 1255 2169 1318 tunc
2191 1242 2418 1314 debeat

170 1357 515 1448 Episcopus
536 1379 685 1424 eum
698 1353 927 1424 audire
952 1379 975 1424 .·
1002 1379 1091 1424 an
1111 1358 1514 1430 necessarius
1525 1358 1612 1425 sit
1625 1358 1906 1449 parochi
1921 1380 2290 1442 consensus,
2319 1361 2424 1428 ita

169 1470 539 1539 utiswalida
563 1471 653 1538 sit
670 1469 992 1562 Episcopi
1001 1469 1307 1557 licentia,
1326 1473 1461 1540 nisi
1461 1471 1798 1564 parochus
1821 1473 2132 1541 erectioni
2155 1495 2424 1542 consen-

163 1587 325 1656 serit.
378 1587 473 1656 Ex
500 1608 577 1656 eo
626 1587 799 1676 quod
848 1608 980 1655 non
1028 1593 1319 1654 teneatur
1352 1585 1708 1680 Episcopus
1749 1591 2110 1680 parochum
2163 1609 2416 1675 vocare,

164 1722 273 1770 non
324 1702 619 1792 sequitur
660 1701 1113 1790 denegandum
1176 1722 1314 1770 esse
1363 1702 1644 1791 parocho
1693 1706 1802 1792 jus
1857 1703 2248 1793 Episcopum
2298 1705 2420 1772 ad-

163 1818 375 1905 eundi,
408 1839 723 1906 suamque
763 1815 1237 1906 oppositionem
1286 1818 1592 1884 erectioni
1617 1825 1976 1886 conventus
2019 1819 2412 1888 declarandi.

165 1932 307 2004 Non
333 1932 511 2000 enim
559 1953 692 2000 sese
730 1931 1083 1999 excludunt
1127 1929 1266 1998 haec
1312 1929 1486 1998 duo:
1540 1930 1716 2019 quod
1768 1929 2124 2022 Episcopus
2167 1951 2302 1998 non
2331 1937 2424 1997 te-

166 2052 395 2114 neatur
438 2048 790 2136 parochum
844 2067 1099 2132 vocare,
1152 2051 1215 2112 et
1260 2051 1478 2113 tamen
1505 2111 1512 2118 ,
1535 2051 1826 2112 teneatur
1874 2065 2022 2112 eum
2071 2044 2318 2130 audire,
2369 2045 2425 2112 si

170 2163 399 2244 veniat,
467 2167 529 2228 et
588 2157 1007 2252 oppositionis
1062 2181 1197 2228 suae
1248 2161 1526 2228 rationes
1577 2159 1892 2228 deducere
1948 2161 2118 2228 velit.
2178 2157 2426 2229 Pariter

166 2279 402 2347 etiamsi
454 2285 779 2346 teneretur
824 2275 1181 2367 Episcopus
1222 2275 1584 2368 parochum
1627 2297 1858 2344 vocare
1893 2281 1955 2343 et
1995 2275 2238 2361 audire,
2289 2259 2422 2344 non

166 2413 229 2460 ex
248 2395 373 2462 hoc
420 2392 555 2460 solo
604 2388 1019 2460 inferendum
1054 2387 1243 2476 foret,
1293 2389 1724 2458 necessarium
1775 2411 1910 2458 esse
1959 2389 2224 2479 parochi
2271 2413 2426 2460 con-

164 2531 435 2578 sensum.
464 2507 646 2577 Stare
676 2507 855 2575 enim
909 2512 1173 2596 possunt
1213 2506 1353 2574 haec
1407 2506 1537 2574 duo
1572 2530 1587 2572 ε
1631 2511 1706 2573 ut
1751 2505 2106 2597 Episcopus
2133 2512 2424 2576 teneatur

162 2625 403 2715 aliquos
428 2625 679 2710 audire,
726 2628 1061 2704 ettamen,
1106 2641 1238 2687 non
1284 2618 1577 2688 obstante
1625 2639 1852 2686 eorum
1882 2621 2201 2705 dissensu,
2244 2621 2420 2690 licite

166 2745 229 2805 et
267 2739 467 2807 valide
513 2760 707 2828 agere
748 2737 966 2829 possit.
1017 2733 1087 2803 ld
1154 2733 1367 2824 quoad
1444 2732 1731 2800 ecciesiae
1785 2732 2164 2802 cathedralis
2232 2756 2426 2802 cano-

168 2853 345 2922 nicos
367 2855 781 2938 ostendimus,
814 2854 883 2920 in
914 2857 1183 2920 tractatu
1210 2847 1288 2917 de
1311 2845 1644 2938 Capitulis
1663 2867 1687 2914 .·
1719 2846 1790 2913 in
1821 2846 2043 2914 multis
2066 2848 2310 2915 scilicet
2340 2855 2428 2915 te-

170 2979 359 3041 netur
380 2972 732 3066 Episcopus
758 2955 995 3040 corum
1036 2970 1383 3038 consilium
1411 2965 1776 3056 exquirere,
1813 2983 1942 3032 non
1973 2967 2192 3030 tamen
2217 2965 2422 3054 sequi.

168 3085 259 3156 Ex
287 3089 483 3158 tribus
522 3097 737 3158 autem
780 3087 966 3155 dictis
1012 3082 1502 3175 quaestionibus,
1557 3101 1758 3149 unam
1806 3079 2113 3148 duntaxat
2151 3078 2316 3167 (aliis
2345 3081 2426 3147 ad

166 3214 495 3291 sequentes
526 3201 957 3296 paragraphus
1004 3199 1281 3291 reiectis)
1317 3201 1385 3268 in
1436 3197 1926 3289 praesentiarum
1957 3194 2378 3286 expendimus
2405 3223 2426 3284 3

170 3341 427 3410 nempe,
449 3341 533 3389 an
596 3324 885 3386 teneatur
922 3315 1277 3407 Episcopus
1306 3314 1668 3404 pax-ochum
1705 3311 1900 3380 citare
1930 3331 2042 3380 seu
2069 3333 2318 3398 vocare,
2361 3320 2431 3380 ut

166 3455 323 3502 eum
344 3435 572 3504 audiat.
604 3433 749 3515 Quo
778 3439 1125 3523 praenotato
1152 3431 1235 3497 sit

256 3549 625 3620 Psorosmo
650 3548 727 3616 1⁸.
759 3586 849 3601 —
872 3547 1113 3616 Plures
1149 3542 1510 3613 canonista»
1553 3540 2016 3608 sustinuerunt
2063 3540 2434 3608 vocandum

164 3689 295 3736 esse
316 3665 689 3758 par-ochum
714 3663 897 3731 :imo
940 3674 1005 3730 et
1034 3657 1405 3730 invalidam
1429 3657 1579 3747 fore
1614 3654 1931 3746 Episcopi
1976 3654 2350 3739 licentiam,
2380 3654 2438 3720 si

152 3784 545 3870 foi-molitas
572 3783 711 3849 hoec
726 3778 1377 3870 praetermitteretur.
1444 3811 1534 3826 —
1575 3771 1940 3841 Citabimus
1967 3768 2432 3861 Pignatelium,

160 3896 573 3966 Cardinalem
604 3895 811 3982 Petra,
838 3893 1438 3984 Schmalzgrueber,
1468 3888 1862 3960 Leurenium
1885 3893 1950 3958 et
1993 3886 2433 3956 Reiffenstuel.

270 4013 329 4080 1⁰
354 4013 677 4082 Doctrina
718 4011 1115 4102 Piqnatclli.
1166 4049 1254 4060 —
1294 4007 1747 4078 Necessarium
1798 4004 2185 4073 existimavit
2217 4009 2438 4072 auctor

170 4129 309 4215 ille,
358 4153 489 4212 non
536 4135 793 4197 tantum
866 4133 939 4196 ut
989 4128 1227 4218 praevio
1282 4131 1545 4194 vocetur
1612 4127 1677 4188 et
1743 4121 2044 4188 audiatur
2099 4121 2436 4208 parochus,

170 4245 289 4312 sed
323 4248 512 4314 ctiam
550 4251 623 4312 ut
674 4236 1093 4312 consentiat:
1148 4243 1510 4332 «Insuper,
1566 4234 1826 4324 inquit,
1877 4232 2153 4322 exigitur
2207 4257 2441 4325 perue-

180 4386 223 4426 «ι
261 4383 422 4428 cesse
471 4349 833 4430 consensus
888 4360 1146 4449 parochi
1204 4360 1333 4425 sive
1400 4349 1673 4442 capituli
1747 4369 1940 4438 penes
1989 4349 2164 4438 quod
2214 4351 2442 4420 residet
