2834 4959
1159 379 1310 430 PARS
1357 383 1574 433 TERTIA
1583 416 1598 436 .
2394 393 2427 450 3
2439 395 2474 452 6
2484 397 2515 450 7

234 518 272 558 «
301 492 700 578 Paludanus,
741 513 934 564 sacrae
961 493 1300 587 theologiae
1329 500 1551 574 doctor
1585 512 1648 573 et
1696 509 2013 598 professor
2040 549 2127 566 —
2154 507 2519 593 Gulielmus

235 634 272 673 α
293 607 653 694 Mer-cerus,
683 629 884 678 sacroe
913 608 1243 703 theologiae
1271 615 1493 686 doctor
1516 625 1581 688 et
1606 622 1922 711 professor
1946 625 2247 712 Lemnii,
2274 639 2398 704 etc.
2430 673 2521 690 —

231 751 270 792 α
299 725 626 795 Henricus
652 711 973 817 Rampen,
1005 749 1198 808 sacrae
1217 729 1557 822 theologiae
1580 735 1801 808 doctor
1827 746 1889 808 et
1907 743 2252 834 professor,
2280 754 2403 818 etc.
2430 789 2521 804 —

223 868 269 934 «ς
301 840 710 911 Christianus
742 839 1126 926 Bensecum,
1158 865 1354 914 sacrae
1379 846 1715 940 theologiae
1742 853 1959 925 doctor
1986 863 2050 926 et
2081 861 2401 951 professor
2430 903 2521 918 —-

238 981 282 1020 α
307 953 418 1024 Fr.
465 953 746 1026 Michael
790 953 1186 1044 Paludanus,
1227 981 1425 1030 sacrae
1470 963 1807 1057 theologiae
1853 968 2074 1040 doctor
2104 979 2169 1042 et
2203 978 2523 1068 professor

241 1095 286 1136 ι(
311 1108 399 1121 -
413 1068 521 1139 Fr.
545 1069 952 1161 Augustinus
963 1070 1312 1163 Theodori,
1327 1097 1526 1148 sacrae
1540 1081 1873 1174 theologiae
1889 1086 2186 1159 doctoret
2200 1094 2519 1182 professor

242 1211 284 1251 α
309 1223 401 1238 -
432 1183 539 1254 Fr.
581 1183 964 1264 Franciscus
990 1185 1378 1278 Capronius‚
1424 1215 1620 1264 sacrae
1660 1197 1997 1288 theologiae
2026 1202 2247 1274 doctor
2275 1215 2337 1276 et
2364 1231 2516 1299 pro·

241 1323 284 1363 α
311 1299 510 1368 fessor
551 1337 638 1351 -—
659 1297 766 1369 Fr.
820 1299 1060 1370 Paulus
1114 1301 1419 1396 Pepinus,
1466 1329 1663 1380 sacrae
1691 1312 2029 1404 theologias
2053 1317 2424 1392 licentiatus
2452 1333 2514 1391 et

241 1439 282 1480 α
307 1415 645 1505 professor.
683 1441 716 1480 n

331 1557 364 1596 α
393 1529 645 1621 Ejoetos
719 1554 758 1602 a
829 1535 962 1605 suis
1019 1538 1465 1628 monasteriis,
1528 1563 1642 1630 per
1697 1543 2153 1618 haereticorum
2214 1573 2509 1642 persecu·

231 1674 268 1713 α
293 1648 530 1734 tiones,
583 1649 932 1740 regulares,
985 1673 1117 1721 non
1166 1653 1358 1722 modo
1407 1656 1685 1726 retinere
1735 1663 1959 1730 omnia
2000 1670 2064 1733 et
2102 1667 2359 1757 singula
2396 1691 2505 1739 or-

231 1789 268 1830 «
296 1763 472 1833 dinis
516 1766 618 1832 sui
661 1766 996 1856 privilegia
1050 1773 1114 1836 et
1159 1766 1625 1859 indulgentias,
1672 1775 1798 1842 suh
1836 1777 2095 1866 praelato
2144 1802 2263 1850 suo
2309 1805 2508 1873 regu-

234 1905 274 1944 a
297 1879 422 1948 lari
477 1879 771 1966 vivendo,
822 1903 898 1951 ac
943 1882 1310 1953 functiones
1359 1906 1631 1954 suarum
1681 1889 2061 1978 regularum
2121 1899 2505 1978 exercendo;

94 2071 104 2078 ι
239 2019 277 2058 α
307 1993 420 2062 sed
471 1995 658 2063 etiam
708 2001 844 2065 tuto
896 2017 972 2066 ac
1017 1996 1194 2067 licite
1242 1998 1422 2090 po¹sse
1462 2001 1689 2072 domos
1732 2004 2063 2074 saeculares
2113 2006 2217 2075 vel
2261 2009 2508 2079 condu-

233 2133 270 2174 «
299 2131 468 2195 cere,
513 2110 614 2180 vel
661 2132 856 2179 novas
910 2119 1256 2201 exstruere,
1295 2113 1366 2182 in
1419 2116 1655 2206 quibus
1706 2116 2070 2188 functiones
2118 2141 2265 2190 suas
2317 2144 2506 2211 regu-

236 2224 460 2294 «lares
517 2246 804 2295 exercere
864 2227 1146 2317 possint;
1202 2235 1266 2296 et
1309 2238 1775 2321 consequenter
1828 2253 2011 2323 posse
2086 2235 2345 2304 eosdem
2406 2260 2507 2306 re-

235 2365 268 2404 «
297 2339 556 2430 gulares
610 2341 681 2408 in
727 2341 1104 2433 hujusmodi
1142 2343 1443 2414 domibus
1484 2365 1665 2416 sacra
1716 2348 2039 2418 celebrare
2089 2351 2158 2418 in
2198 2351 2507 2422 altaribus

234 2481 267 2522 κ
296 2454 736 2547 portatilibus,
763 2453 1002 2546 absque
1051 2459 1427 2548 particulari
1481 2461 1873 2532 admissione
1923 2465 2025 2534 vel
2058 2487 2223 2536 nova
2268 2489 2507 2560 appro-

235 2595 270 2635 «
297 2570 556 2640 batione
593 2577 706 2640 aut
735 2569 998 2641 licentia
1043 2571 1572 2662 ordinariorum,
1606 2579 1885 2648 maxime
1932 2581 1987 2649 si
2036 2581 2369 2673 regulares
2405 2585 2509 2654 isti

235 2711 272 2750 (ι
300 2685 548 2755 fuerint
587 2683 900 2757 ordinum
955 2688 1454 2758 Praedicatorum
1510 2689 1614 2757 vel
1668 2689 2123 2780 Minimorum,
2172 2697 2415 2785 quibus
2472 2719 2509 2766 a

239 2825 278 2864 a
297 2802 453 2890 jure
492 2804 821 2872 communi
862 2803 1269 2893 peculiariter
1302 2807 1396 2872 est
1430 2801 1847 2888 attributum,
1881 2827 2015 2874 non
2049 2809 2275 2877 minus
2313 2831 2509 2899 quam

234 2939 272 2980 ι(
297 2913 661 3009 Episcopis,
718 2925 795 2987 ut
852 2919 922 2988 in
964 2919 1123 2989 locis
1167 2917 1565 3008 quibuslibet
1611 2917 1899 2987 honestis
1955 2941 2135 2988 sacra
2187 2920 2511 2993 celebrare

103 3079 112 3096 .
233 3056 268 3097 α
295 3032 572 3124 possint,
621 3033 807 3104 nulla
851 3032 934 3104 ab
974 3032 1336 3103 Ordinariis
1374 3033 1687 3125 postulata
1736 3033 1927 3102 venia
1973 3057 1989 3100 z
2036 3035 2241 3125 capite
2274 3038 2356 3106 In
2411 3037 2510 3106 his

236 3147 378 3215 «de
433 3148 851 3242 Privileqiis;
905 3151 1111 3241 capite
1159 3147 1394 3218 ultimo
1444 3149 1669 3220 eodem
1710 3149 1939 3236 titulo,
1990 3148 2107 3218 lib.
2168 3149 2251 3232 6;
2308 3158 2385 3218 et·
2420 3153 2510 3221 ibi

231 3287 270 3326 α
295 3261 554 3352 glossa:
587 3267 865 3334 Summa
890 3264 1341 3356 Sylvestrina,
1370 3264 1527 3334 dict.
1570 3264 1835 3352 Altare,
1887 3269 2117 3355 quaest.
2156 3265 2223 3336 6.
2258 3264 2506 3338 Meliori

235 3379 544 3469 «judicio
591 3402 844 3472 semper
897 3379 1092 3450 salvo.
1148 3379 1517 3472 Stephanus
1566 3385 1893 3470 Weymes,
1958 3381 2297 3473 utriusque
2338 3385 2507 3474 juris

233 3515 273 3558 (ι
297 3492 519 3564 doctor
594 3501 660 3564 et
723 3495 1038 3586 professor
1111 3495 1488 3586 primarius.
1551 3495 1839 3564 Andreas
1914 3493 1995 3562 de
2059 3495 2295 3585 Vaulx,
2336 3499 2509 3586 juris

229 3633 268 3674 α
293 3610 640 3700 utriusque
683 3610 902 3680 doctor
931 3617 992 3680 et
1039 3610 1353 3702 professor
1401 3608 1794 3678 ordinarius.
1846 3609 2169 3678 Henricus
2216 3610 2503 3700 Zoesius,

233 3749 270 3788 a
300 3723 641 3814 utriusque
707 3724 876 3814 juris
958 3725 1179 3793 doctor
1245 3732 1308 3794 et
1375 3725 1692 3815 professor
1760 3724 2154 3794 ordinarius.
2229 3723 2507 3806 Jacobus

239 3863 278 3902 a
301 3835 600 3928 Sauvoet,
639 3837 814 3931 Juris
862 3840 1201 3930 utriusque
1225 3838 1229 3846 '
1251 3839 1473 3909 doctor
1523 3847 1584 3908 et
1639 3840 1938 3910 canonici
1994 3838 2309 3932 professor
2361 3841 2505 3929 pri-

237 3977 274 4016 α
303 3957 572 4024 marius.
612 3955 953 4025 Cornelius
997 3954 1077 4024 de
1121 3953 1318 4047 Paep,
1362 3956 1531 4046 juris
1560 3957 1901 4046 utriusque
1941 3954 2159 4058 doctor
2209 3959 2271 4021 et
2308 3952 2511 4023 civilis

235 4093 270 4132 a
299 4068 619 4160 professor
693 4071 1086 4140 ordinarius.
1163 4069 1491 4139 Adrianus
1597 4067 1864 4159 Baulkz,
1923 4069 2094 4158 juris
2173 4068 2509 4158 utriusque

236 4208 268 4246 α
292 4181 542 4271 doctor,
586 4193 651 4255 et
693 4184 1024 4277 quondam
1068 4205 1400 4255 sacrorum
1466 4205 1792 4254 canonum
1840 4183 2175 4275 professor.
2229 4181 2507 4258 Joannes

236 4323 271 4362 «
297 4297 750 4388 Van-Sestich,
814 4299 984 4392 juris
1061 4301 1394 4392 utriusque
1452 4299 1697 4386 doctor,
1775 4317 2107 4367 sacrorum
2178 4317 2503 4366 canonum

235 4436 270 4476 ι(
297 4413 516 4503 regius
589 4416 930 4507 professor.
1015 4413 1283 4484 Michael
1359 4411 1871 4495 vander-Perre,
1944 4412 2110 4500 juris
2166 4411 2504 4502 utriusque
