2834 4959
374 352 501 413 42⁴
932 360 1271 409 Tnac‘rarus
1316 360 1399 409 nn
1443 360 1592 408 June
1635 357 2060 407 anonumum

379 508 413 551 α
432 480 675 551 Eodem
710 478 885 553 anno
920 482 1117 565 1721,
1166 480 1289 551 sub
1310 480 1510 551 finem
1545 479 1788 549 mensis
1804 478 1984 571 julii,
2011 476 2236 550 Patres
2260 484 2650 574 capitulares

378 621 415 661 a
442 594 739 665 Dublinii
758 618 1140 684 convenere,
1170 617 1289 688 pro
1306 597 1518 686 prima
1531 596 1766 685 prioris
1783 596 2208 687 provincialis
2233 597 2546 669 electione
2557 600 2644 691 (1)

378 734 415 777 a
438 716 579 801 post
612 711 882 782 exilium
927 712 1225 801 generale
1270 713 1428 781 anni
1457 710 1655 782 1698.
1697 708 2050 800 Elegerunt
2095 718 2320 781 autem
2347 734 2646 785 reveren-
2689 732 2694 735 ·

384 848 417 891 α
452 825 615 895 dum
666 825 1004 897 Patrem...
1059 826 1305 895 Exinde
1358 846 1552 917 porro
1591 826 1674 895 ad
1727 827 2068 915 praesent-ia
2113 848 2324 917 usque
2363 835 2643 920 tempora

384 966 419 1005 α
456 940 787 1031 eliguntur
816 943 1239 1033 provinciales
1300 941 1584 1013 nostri...
1623 935 1900 1031 Semper
1925 963 2097 1012 vero
2143 944 2474 1015 habentur
2515 944 2644 1015 Du·

380 1082 415 1123 α
438 1056 629 1127 blinii
650 1060 911 1128 comitia
963 1048 1409 1150 provincialia.
1439 1056 1608 1127 Cum
1637 1057 1820 1129 enim
1849 1058 2260 1149 amplissima
2287 1062 2372 1128 sit
2397 1061 2640 1145 civitas,

380 1196 417 1237 α
439 1175 756 1265 regnique
804 1175 1207 1265 metropolis,
1271 1175 1482 1265 magis
1529 1174 1785 1243 occulte
1833 1177 1900 1243 et
1939 1179 2125 1243 caute
2179 1196 2258 1243 eo
2308 1178 2644 1247 convenire

254 1296 261 1303 ·
384 1312 417 1351 α
438 1287 653 1359 valent
694 1288 911 1359 Patres
939 1289 1347 1382 capitulares,
1377 1310 1654 1359 numero
1685 1295 1762 1357 ut
1779 1289 2145 1379 plurimum
2165 1290 2426 1359 circiter
2450 1293 2643 1382 quin-

384 1427 420 1467 «
446 1403 779 1493 quaginta,
829 1424 1029 1493 quam
1058 1405 1141 1472 ad
1164 1406 1428 1493 exiguas
1447 1405 1730 1473 civitates
1754 1403 1858 1473 >vel
1889 1404 2155 1494 oppida,
2179 1405 2250 1472 in
2267 1402 2510 1493 quibus
2529 1426 2644 1477 neo

383 1526 567 1585 «tres
618 1519 837 1587 adesse
882 1524 1147 1609 possunt
1208 1519 1474 1587 advenas
1535 1518 1778 1609 absque
1827 1517 2318 1608 magistratuum
2381 1522 2636 1589 notitia.

390 1658 421 1699 ι(
446 1634 631 1704 Adde
672 1635 874 1725 quod,
928 1658 1081 1705 cum
1120 1637 1534 1726 magistratus
1573 1634 2030 1706 Dublinienses
2083 1635 2200 1705 sub
2243 1635 2448 1705 oculis
2499 1638 2635 1705 sint

380 1774 415 1813 α
444 1750 786 1841 pro-regis,
866 1750 1087 1841 ejusve
1156 1751 1724 1841 vices-gerentium
1803 1752 2162 1820 clementiae
2237 1750 2636 1833 deditorum,

380 1889 415 1927 α
442 1870 635 1955 atque
671 1865 751 1935 de
778 1866 971 1935 rebus
995 1865 1259 1956 majoris
1286 1866 1604 1935 momenti
1651 1866 2049 1950 curantium,
2089 1864 2260 1953 leges
2281 1864 2354 1933 in
2397 1864 2642 1947 clerum

266 2003 269 2006 ·
384 2004 419 2043 α
441 1979 601 2048 latas
633 1980 992 2050 executioni
1008 1981 1311 2050 mandari
1364 2000 1502 2049 non
1541 1985 1864 2070 satagunt.
1905 2004 1939 2048 n
1978 1978 2332 2071 (Hibernia
2357 1976 2640 2049 donami-

374 2114 570 2182 cana,
593 2116 737 2185 pag.
776 2096 953 2186 162.)

462 2209 657 2276 Anno
678 2211 867 2298 &1751
923 2211 1165 2299 prodiit
1214 2210 1426 2298 Sacrae
1477 2210 2009 2302 Congregationis
2059 2210 2499 2303 Propagandae
2523 2212 2640 2282 de·

378 2328 653 2405 cretum,
686 2345 816 2415 quo
860 2324 1317 2416 disponebatur
1374 2348 1458 2396 ne
1519 2329 1884 2418 superiores
1929 2326 2262 2417 regulares
2316 2326 2640 2397 Hiberniae

383 2436 692 2507 haberent
712 2439 1149 2529 inposterum
1180 2441 1250 2509 in
1288 2442 1424 2533 ipsa
1453 2440 1764 2511 Hibernia
1784 2442 2186 2533 probationis
2230 2441 2505 2527 domos3
2537 2444 2640 2513 sed

369 2558 637 2647 juvenes
654 2556 997 2648 Hibernos,
1014 2558 1327 2630 Ordinem
1357 2562 1612 2652 ingredi
1633 2562 1940 2649 volentes,
1969 2562 2302 2631 mitterent
2341 2562 2410 2629 in
2434 2560 2638 2651 regio-

370 2690 529 2741 ·nem
566 2672 972 2757 catholicam,
1030 2676 1125 2745 ibi
1155 2677 1536 2746 novitiatum
1567 2684 1936 2769 peracturos
1963 2686 2026 2767 et
2064 2678 2144 2747 ad
2181 2676 2636 2769 professionem

378 2789 801 2881 recipiendos,
836 2799 1176 2883 posteaque
1218 2794 1296 2862 ad
1330 2793 1711 2865 Hiberniam
1761 2792 2078 2863 redituros
2125 2793 2480 2885 (Hibernia
2521 2791 2637 2861 do-

378 2905 742 2991 minicam,
802 2930 948 2999 pag.
1010 2908 1185 2999 162).
1236 2908 1407 2999 Ergo
1451 2930 1624 2979 anno
1680 2910 1844 2978 1751
1909 2909 2174 2978 aderant
2219 2910 2288 2977 in
2332 2906 2643 2979 Hibernia

381 3020 538 3088 varii
566 3019 821 3092 ordines
848 3023 1158 3113 religiosi,
1188 3030 1253 3093 et
1279 3024 1546 3113 quidem
1569 3046 1725 3093 cum
1776 3023 2232 3109 novitiatibus3
2295 3024 2634 3115 atqueibi-

376 3133 524 3204 dem
580 3136 806 3206 novitii
868 3138 945 3205 ad
992 3139 1347 3207 solemnem
1412 3138 1874 3230 professionem
1931 3138 2431 3230 recipiebantur.
2509 3136 2640 3205 Nec

376 3251 646 3337 mirum,
678 3274 828 3321 cum
854 3254 989 3341 jam
1020 3253 1103 3322 ab
1128 3274 1301 3321 anno
1347 3254 1520 3322 1624
1561 3254 1688 3323 sibi
1732 3255 1959 3325 domos
1993 3261 2057 3324 ct
2101 3254 2332 3325 sacella
2371 3273 2644 3346 compa-

378 3364 691 3433 ravissent
747 3392 765 3435 ι
818 3394 854 3440 α
906 3370 1092 3438 Circa
1148 3389 1398 3439 annum
1451 3368 1647 3455 1624,
1705 3370 2034 3462 regulares
2075 3373 2368 3462 cujusvis
2401 3368 2638 3441 ordinis

386 3504 421 3546 α
449 3482 737 3549 construi
764 3481 887 3552 sibi
942 3484 1233 3553 fecerunt
1260 3483 1558 3555 Dublinii
1607 3486 1838 3555 sacella
1877 3492 1941 3554 et
1991 3487 2242 3555 domos.
2284 3510 2318 3550 n
2389 3480 2638 3577 (Hiber-

372 3596 490 3664 nia
514 3594 962 3687 dominicam,
992 3622 1142 3693 pag.
1172 3602 1326 3687 195,
1360 3624 1430 3672 n.
1475 3600 1610 3692 15.)
1639 3602 1806 3673 Vide
1843 3600 2249 3686 etiamibid.,
2287 3623 2441 3692 pag.
2486 3599 2632 3686 716,

370 3733 437 3779 n.
485 3712 635 3782 115.

453 3828 561 3898 Ab
577 3849 751 3900 anno
781 3852 929 3901 vero
962 3832 1126 3901 1751
1160 3853 1363 3923 usque
1386 3854 1591 3920 nunc,
1625 3832 1852 3901 inutile
1881 3833 2043 3902 foret
2087 3831 2364 3924 probare
2405 3848 2630 3920 peren-

371 3966 523 4013 nem
562 3946 743 4015 illam
786 3946 1233 4038 religiosorum
1270 3947 1714 4018 Hibernorum
1765 3953 1829 4018 et
1883 3947 2252 4039 Anglorum
2307 3950 2628 4040 perpetua·

370 4058 635 4129 tionem.
656 4060 897 4132 Notum
929 4065 1080 4132 satis
1104 4069 1197 4132 est
1224 4084 1564 4153 nunquam
1589 4064 1936 4133 extinctam
1965 4064 2160 4133 fuisse
2189 4055 2628 4153 congregatio·

423 4244 491 4311 (1)
516 4248 639 4299 Toto
662 4251 893 4313 tempora
920 4263 1020 4314 quo
1040 4252 1372 4313 nequiverant
1394 4250 1570 4302 Patres
1585 4250 1894 4303 Domtntcanl
1921 4248 2168 4301 Hiberniae
2193 4248 2411 4314 capitula
2433 4254 2526 4296 sua
2545 4252 2626 4292 ce·

361 4320 575 4396 lebraie,
608 4349 783 4387 eorum
812 4339 1126 4401 provincialis
1152 4343 1380 4404 superior
1416 4342 1710 4393 nominatus
1737 4340 1905 4392 fuerat
1924 4352 1955 4390 a
1979 4341 2220 4403 magistro
2249 4333 2460 4403 generali
2481 4328 2630 4386 ordl-

359 4421 475 4481 ntu
505 4426 646 4484 Juxta
669 4422 863 4476 editum
885 4428 937 4477 tn
965 4428 1180 4479 comitiis
1202 4426 1518 4491 generalibus
1537 4430 1659 4479 anni
1683 4432 1804 4481 1656
1830 4428 1927 4479 hae
1955 4428 2020 4480 da
2044 4438 2100 4480 ro
2127 4426 2408 4480 decretum.
