2834 4959
1168 342 1321 391 PARS
1364 341 1606 389 mm.
2395 342 2432 394 4
2443 342 2476 394 7
2489 342 2520 395 ‘1

242 466 517 555 huiusce
564 461 939 530 documenti
990 466 1209 531 tenore
1263 468 1543 541 constat,
1597 464 1861 551 agnosci
1915 484 2024 532 eos
2073 474 2146 532 ut
2197 486 2378 537 veros
2432 470 2540 540 Ci-

243 576 644 660 stercienses,
678 572 861 641 illius
896 592 1133 664 nempe
1173 572 1650 643 reformationis
1695 573 1778 641 ab
1809 572 2036 643 abbate
2069 576 2147 643 de
2173 575 2386 647 Rance
2423 582 2536 649 in-

238 692 477 775 ductae,
522 710 725 779 quam
772 686 1127 757 laudarunt
1168 694 1233 757 et
1272 689 1766 769 confirmarunt,
1819 694 1882 757 et
1929 710 2049 779 pro
2098 712 2250 761 vero
2297 694 2530 765 ordine

238 805 547 895 religioso
589 803 963 872 habuerunt
1013 803 1229 895 plures
1256 804 1502 875 summi
1529 802 1893 875 Pontifices.

336 920 709 991 Pnorosmo
746 921 851 989 Ψ.
888 958 981 971 -
1007 920 1374 1012 Trappistae
1406 920 1660 991 Gallioe
1697 921 2180 1010 exemptionem
2211 922 2298 991 ab
2341 925 2532 995 Ordi-

240 1036 455 1107 nariis
475 1047 769 1127 exparte
790 1034 1181 1104 amiserunt.
1225 1072 1314 1085 —
1338 1034 1596 1105 Etenim
1629 1034 1696 1102 in
1725 1034 1975 1104 decreto
1997 1038 2154 1106 anni
2181 1038 2351 1109 1837
2381 1040 2531 1131 (sub

240 1152 631 1244 praecedenti
660 1150 728 1241 ἓ,
766 1170 1037 1219 numero
1073 1147 1123 1217 ΙΙ
1165 1148 1397 1240 relato)
1429 1150 1521 1217 sic
1559 1148 1924 1239 disponitur
1960 1175 1978 1218 ε
2027 1153 2344 1235 Quamvis
2381 1178 2525 1223 mo-

242 1268 539 1339 nasteria
584 1265 1071 1357 Trappensium
1122 1287 1165 1333 a
1191 1263 1660 1355 jurisdictione
1700 1265 2186 1358 Epist-operum
2223 1283 2529 1362 exempta

242 1384 407 1470 sint,
456 1404 533 1451 ea
580 1392 827 1465 tamen,
873 1380 957 1449 ob
996 1379 1375 1471 peculiares
1425 1380 1741 1468 rationes,
1790 1392 1858 1449 et
1900 1380 2106 1451 donec
2149 1384 2354 1453 aliter
2392 1398 2529 1455 sta-

250 1510 509 1585 tuatur,
557 1496 1019 1590 jurisdictioni
1084 1494 1466 1565 eorumdem
1523 1496 2011 1588 Episcoporum
2065 1498 2350 1589 subsint,
2417 1502 2537 1592 qui

234 1614 605 1709 procedant
628 1624 953 1705 tanquam
964 1614 1019 1681 A
1021 1612 1362 1703 postolicoe
1386 1610 1556 1680 sedis
1580 1610 1898 1704 deleqati.
1926 1611 2104 1683 Num
2127 1612 2306 1685 hisce
2323 1616 2532 1687 verbis

240 1732 499 1803 sublata
548 1728 865 1799 censenda
921 1727 1081 1796 foret
1126 1724 1618 1818 Trappistarum
1667 1726 1894 1796 Galliae
1948 1732 2292 1821 exemptio,
2347 1732 2532 1802 valde

239 1848 647 1937 disputatum
670 1844 1073 1914 rescivimus.
1102 1840 1230 1913 Sed
1254 1863 1409 1912 cum
1437 1862 1611 1913 anno
1644 1839 1818 1912 1839
1837 1845 2182 1932 quaesitum
2211 1845 2428 1915 luisset
2449 1849 2530 1919 de

246 1982 411 2031 vero
441 1981 661 2028 eorum
701 1982 912 2037 sensu,
942 1980 1325 2050 responsum
1364 1964 1462 2028 est
1501 1981 1539 2027 a
1579 1956 1774 2027 Sacra
1803 1956 2312 2046 Congregatione
2347 1960 2532 2051 Epis-

246 2096 567 2165 coporum
598 2083 661 2142 et
692 2075 1089 2165 regularium
1130 2098 1148 2143 ε
1196 2078 1413 2143 Donec
1449 2074 1649 2143 aliter
1681 2096 1726 2143 a
1759 2086 1991 2143 sancta
2025 2072 2188 2143 Sede
2218 2073 2532 2142 decerna-

244 2204 393 2277 tur,
424 2189 827 2259 monasteria
854 2200 917 2258 et
960 2189 1315 2259 monachos
1343 2189 1670 2280 subjectos
1713 2212 1846 2259 esse
1887 2189 2268 2258 visitationi
2299 2201 2364 2257 et
2395 2204 2534 2257 cor-

241 2306 533 2377 rectioni
580 2305 1094 2397 Episcoporum,
1149 2305 1351 2376 salvis
1419 2306 1996 2376 constitutionibus
2043 2302 2298 2375 ordinis
2363 2304 2532 2398 (vide

244 2441 601 2492 numerum
639 2419 728 2490 111
765 2423 1178 2513 praecedentis
1217 2422 1656 2516 paragraphi).
1711 2422 1804 2493 De
1844 2423 2004 2515 jure
2047 2423 2388 2492 communi
2424 2444 2533 2493 ne·

244 2542 502 2628 queunt
550 2536 879 2627 Episcopi,
943 2538 1137 2607 etiam
1201 2543 1510 2626 tanquam
1567 2538 1737 2607 sedis
1792 2536 2173 2630 Apostolicoe
2227 2536 2528 2628 delegati,

246 2659 580 2745 exemptos
613 2651 909 2721 virorum
938 2658 1297 2722 conventus
1328 2652 1608 2720 visitare.
1646 2652 1807 2720 item
1836 2659 2171 2743 nequeunt
2197 2675 2301 2721 eos
2329 2653 2536 2721 corri-

250 2786 434 2855 gere,
452 2766 573 2835 nisi
594 2768 665 2833 in
685 2766 875 2834 certis
898 2765 1287 2856 quibusdam
1316 2764 1597 2848 casibus,
1622 2763 1800 2832 verbi
1825 2770 2053 2853 gratia,
2077 2765 2132 2831 si
2154 2765 2536 2853 delinquant

248 2886 432 2951 extra
475 2882 965 2962 monasterium,
1020 2887 1132 2950 aut
1198 2882 1266 2949 in
1334 2882 1888 2950 sacramentorum
1948 2878 2527 2946 administratione.

246 2995 423 3065 Cum
464 2974 663 3086 ergo,¹
690 2996 903 3085 quoad
950 2993 1321 3089 Trappistas
1368 2993 1618 3085 Galliae,
1670 2995 1780 3085 Jus
1833 2992 1998 3063 illud
2048 2989 2427 3062 visitationis
2471 3002 2534 3063 et

252 3112 673 3181 correctionis
698 3110 1060 3203 Episcopis‚
1089 3115 1399 3202 tanquam
1437 3109 1764 3201 delegatis,
1805 3107 2169 3193 tribuatur3
2217 3105 2348 3175 imo
2377 3126 2532 3175 cum

248 3226 615 3317 generatim
650 3227 1052 3309 decernatur,
1082 3234 1157 3296 ut
1181 3226 1558 3297 eorumdem
1581 3226 2064 3319 Epist-operum
2074 3220 2537 3314 jurisdictioni

264 3343 635 3435 Trappistoe
666 3342 973 3427 subsint;
1022 3343 1438 3413 manifestum
1485 3348 1579 3412 est
1616 3342 1947 3431 integrum
1992 3339 2170 3411 hisce
2217 3338 2537 3430 religiosis

258 3476 395 3525 non
424 3458 804 3527 remansisse
834 3458 1256 3549 exemptionis
1288 3457 1736 3549 privilegium.

352 3570 494 3642 Non
539 3578 757 3642 tamen
810 3574 1229 3664 privilegium
1278 3571 1446 3641 illud
1493 3573 1566 3642 in
1613 3578 1824 3641 totum
1876 3569 2256 3653 amiserunt,
2311 3566 2422 3635 sed
2461 3586 2538 3635 ex
2631 3612 2640 3620 -

260 3693 443 3777 parte
498 3700 529 3757 ἑ·
575 3690 815 3780 prime,
864 3689 1019 3779 quia
1068 3686 1335 3758 facultas
1390 3688 1530 3757 haec
1588 3685 1922 3779 Episcopis
1968 3682 2209 3754 tributa
2255 3699 2387 3749 non
2443 3683 2539 3749 est

262 3808 567 3893 tanquam
614 3802 976 3873 ordinariis
995 3854 1016 3886 ,
1072 3805 1182 3873 sed
1233 3803 1543 3873 duntaxat
1587 3808 1896 3893 tanquam
1941 3800 2108 3895 sedis
2157 3796 2540 3888 Apostolicae

264 3912 589 4007 delegatis.
650 3916 974 4006 Secundo,
1035 3919 1190 4009 quia
1236 3918 1377 3989 haec
1431 3920 1724 4011 apposita
1769 3918 1892 3987 fuit
1935 3912 2279 3994 restrictiO,
2337 3909 2542 3981 salvis

256 4033 845 4103 constitutionibus
878 4032 1157 4103 ordinis.
