2834 4959
77 302 90 323 '
215 307 340 367 540
713 297 1131 396 {diametrus
1171 311 1252 358 ns
1297 309 1449 358 ient.
1498 307 1917 356 noemma.

209 439 593 512 censentur;
625 401 809 514 οἶα)
845 431 1020 522 quod
1059 451 1296 522 nempe
1337 431 1419 498 ad
1462 428 1759 498 habitum
1804 427 2143 516 religionis
2172 433 2503 524 recipian-

210 560 348 636 tur,
373 556 438 620 et
481 547 606 617 sub
652 551 1023 638 potestatem
1069 545 1485 638 praelatorum
1534 543 1873 632 religionis
1920 548 2250 614 transeant
2292 568 2502 638 usque

211 668 292 737 nd
346 661 700 760 pubertatis
737 681 1015 730 annum.
1091 661 1192 732 Ad
1235 660 1623 728 novitiatum
1672 661 1888 728 autem
1934 663 1999 726 et
2042 659 2499 749 professionem

211 782 478 875 proprie
503 779 744 848 dictam
771 777 1028 846 admitti
1053 781 1415 868 nequeunt,
1446 775 1569 844 nisi
1598 793 1677 842 ea
1714 777 1899 842 aetate
1924 779 1991 842 et
2020 774 2149 843 sub
2176 777 2261 844 iis
2278 777 2503 846 condi-

210 896 500 968 tionibus
527 917 676 984 quae
704 913 822 984 pro
865 892 1114 962 caeteris
1159 893 1609 982 requiruntur.
1645 888 1805 970 Quae
1834 890 2119 958 conditio
2149 913 2517 982 puerorum

213 1014 310 1080 sic
351 1011 746 1094 oblatorum,
773 1015 848 1078 ut
887 1013 1057 1076 recte
1086 1006 1517 1095 intelligatur,
1550 1002 1765 1072 visum
1800 1009 1893 1072 est
1938 1007 2307 1096 praecipuas
2336 1008 2519 1097 juris

215 1126 693 1218 dispositiones,
715 1145 862 1216 qnoe
915 1123 1089 1214 ipsos
1143 1127 1573 1205 concernunt,
1618 1119 1901 1189 breviter
1960 1119 2075 1188 hic
2114 1121 2514 1193 describere.

311 1245 374 1314 1⁰
427 1245 694 1314 Certum
735 1249 855 1329 est,
885 1246 952 1312 et
1007 1241 1088 1310 de
1124 1243 1276 1332 jure
1324 1238 1631 1324 naturali,
1662 1243 1727 1306 et
1774 1236 1856 1306 de
1896 1239 2043 1328 jure
2080 1238 2519 1311 ecclesiastico

216 1360 468 1430 licitam
521 1359 718 1430 fuisse
769 1357 1151 1450 hujusmodi
1195 1378 1551 1447 puerorum
1600 1377 1639 1424 a
1693 1353 2069 1448 parentibus
2115 1355 2517 1426 oblationem

219 1497 334 1545 seu
359 1476 802 1556 donationem,
837 1473 1038 1542 elicui
1065 1472 1286 1542 ordini
1303 1472 1605 1559 religioso
1632 1471 1893 1540 factam.
1932 1469 2029 1539 De
2064 1473 2213 1560 jure
2236 1471 2513 1560 quidem

221 1590 500 1659 naturali
529 1611 546 1656 ε
581 1608 736 1656 nam
761 1608 969 1675 usque
995 1588 1074 1655 ad
1105 1586 1542 1678 pubertatem,
1568 1607 1699 1655 non
1720 1585 2005 1678 propria,
2026 1586 2129 1654 sed
2154 1591 2503 1675 parentum

221 1705 549 1773 voluntate
578 1701 762 1794 pueri
815 1701 1084 1792 regendi
1122 1708 1276 1772 sunt
1316 1728 1333 1771 z
1375 1703 1489 1792 jus
1512 1709 1731 1772 autem
1778 1701 1945 1772 illud
1972 1705 2251 1794 parentes
2276 1697 2501 1769 cedere

223 1825 496 1910 possunt
539 1817 752 1904 alteri,
784 1817 978 1886 modo
1004 1817 1162 1886 huic
1195 1839 1329 1886 non
1369 1817 1583 1886 desint
1626 1818 2025 1888 conditiones
2078 1815 2397 1906 requisitae
2426 1813 2509 1883 ad

225 1941 472 2004 rectam
501 1941 564 2004 et
589 1933 766 2025 piam
791 1955 1142 2024 puerorum
1191 1933 1736 2023 gubernationem
1761 1938 1827 2000 et
1850 1933 2299 2002 educationem
2321 1953 2341 2000 ε
2362 1949 2517 2020 quae

228 2053 634 2124 conditiones
659 2071 813 2120 cum
858 2050 928 2118 in
973 2047 1370 2139 religionum
1409 2049 1689 2140 praelatis
1730 2051 2138 2141 reperiamur
2184 2067 2519 2137 quamma-

227 2168 424 2251 xime,
465 2167 534 2235 in
583 2186 692 2232 eos
729 2164 1058 2254 praecipue
1111 2170 1383 2256 possunt
1430 2171 1725 2258 parentes
1746 2167 1857 2256 Jus
1886 2163 2058 2234 illud
2086 2185 2275 2234 suum
2302 2168 2517 2230 trans-

229 2278 513 2346 mittere.
567 2274 756 2344 Unde
781 2282 1043 2366 pactum
1100 2277 1180 2346 de
1223 2277 1348 2347 hoc
1399 2285 1694 2382 parentes
1742 2279 1911 2346 inter
1956 2282 2021 2345 et
2054 2275 2527 2346 monasterium

227 2389 498 2476 initum,
521 2393 796 2460 omnino
817 2393 1213 2460 censendum
1241 2399 1338 2460 est
1377 2393 1459 2460 de
1482 2396 1637 2483 jure
1664 2391 1946 2462 naturali
1970 2391 2265 2462 validum
2290 2396 2353 2458 et
2376 2389 2527 2459 lici-

229 2512 399 2574 tum.
441 2503 598 2572 ltem
639 2505 895 2572 licitum
943 2514 1035 2573 est
1087 2505 1166 2574 de
1207 2507 1358 2598 jure
1387 2508 1837 2596 ecclesiastico,
1866 2514 1941 2576 ut
1968 2514 2235 2592 constat,
2260 2513 2409 2576 tum
2452 2527 2531 2574 ex

231 2619 376 2688 aliis
401 2617 654 2704 multis,
687 2624 828 2688 tum
858 2621 1182 2713 praecipue
1209 2644 1286 2692 ex
1313 2645 1559 2697 canone
1598 2623 2007 2696 Monachum
2038 2623 2129 2713 (3,
2161 2643 2375 2692 causae
2402 2621 2525 2708 20,

231 2755 296 2823 q.
329 2733 392 2822 1)
421 2734 490 2802 in
520 2755 652 2823 quo
679 2735 774 2804 sic
799 2739 1256 2826 pronuntiatur
1283 2739 1738 2830 :Monachum
1762 2752 1888 2808 aut
1909 2750 2201 2830 paterna
2228 2737 2530 2825 devotio,

233 2861 356 2918 aut
383 2850 680 2942 propria
709 2853 1032 2944 professio
1051 2855 1245 2945 facit.
1349 2889 1354 2894 ·

323 2964 391 3032 2⁰
437 2963 672 3034 Offerri
747 2973 811 3036 et
865 2968 1073 3059 recipi
1143 2977 1415 3060 possunt
1476 2970 1800 3060 ejusmodi
1844 2971 2059 3062 pueri,
2108 2989 2243 3038 non
2312 2968 2539 3038 solnm

233 3078 638 3170 impuberes,
667 3081 776 3150 sed
803 3087 868 3148 et
901 3089 1051 3152 ante
1097 3085 1364 3154 rationis
1403 3104 1599 3156 usum
1632 3085 1809 3175 (vide
1832 3083 2433 3171 Schmalzgrueber,
2462 3085 2537 3153 in

235 3196 503 3264 titulum
531 3194 610 3266 de
635 3195 1104 3288 Reqularibus,
1143 3221 1212 3266 n.
1253 3200 1427 3292 151).

327 3308 394 3378 3⁰
443 3307 720 3398 Recepta
763 3312 1098 3403 religionis
1147 3319 1342 3399 veste,
1373 3323 1439 3384 et
1478 3317 1705 3407 adepto
1732 3314 1997 3386 rationis
2024 3337 2177 3400 usu,
2208 3315 2531 3384 habentur

237 3430 312 3491 ut
335 3443 626 3513 personae
649 3425 1094 3500 ecclesiasticae
1143 3430 1355 3515 (ibid.,
1385 3453 1455 3500 n.
1496 3429 1671 3522 150).

280 3504 394 3608 14³
431 3537 584 3607 Non
631 3546 785 3608 sunt
816 3545 952 3613 veri
999 3545 1286 3633 religiosi
1329 3552 1404 3615 ut
1450 3546 1600 3616 satis
1627 3551 1823 3637 patet.
1874 3545 2015 3614 lmo
2052 3566 2175 3615 nec
2201 3552 2357 3614 sunt
2394 3543 2545 3614 veri

237 3654 490 3740 novitii,
537 3677 650 3726 seu
678 3657 777 3726 'sd
817 3657 1206 3728 novitiatum
1262 3661 1523 3752 proprie
1568 3661 1817 3730 dictum
1858 3658 2115 3732 admitti
2164 3664 2543 3749 nequeunt,

239 3773 586 3859 antequam
637 3771 850 3862 adepti
880 3774 1009 3840 sint
1049 3774 1479 3846 sufficientem
1516 3778 1970 3848 discretionem
2008 3773 2093 3846 ad
2128 3781 2307 3844 recte
2334 3773 2543 3842 intel-

235 3880 576 3973 ligendum
611 3885 769 3978 quid
795 3885 876 3956 sit
897 3890 1268 3973 novitiatus,
1291 3899 1353 3962 et
1379 3891 1461 3962 ad
1488 3894 1943 3964 convenienter
1986 3888 2331 3960 subeunda
2382 3907 2541 3980 pro·

237 3995 518 4069 bationis
571 4003 1028 4092 experimenta.
1085 4003 1276 4078 Posse
1320 4015 1539 4078 autem
1596 4009 1665 4080 id
1706 4007 2087 4097 contingere
2130 4007 2203 4074 in
2260 4002 2533 4094 quibus-

237 4111 390 4182 dam
429 4121 577 4185 ante
621 4118 1057 4211 pubertatem,
1079 4143 1157 4192 ac
1177 4124 1452 4214 proinde
1472 4147 1653 4217 posse
1676 4145 1787 4196 eos
1812 4130 1973 4194 tunc
1997 4121 2079 4192 ad
2108 4120 2529 4204 novitiatum,

234 4226 388 4298 licet
431 4231 650 4300 adhuc
677 4233 1074 4325 impuberes,
1109 4239 1386 4328 admitti,
1425 4242 1572 4310 vide
1604 4241 1779 4333 apud
1806 4237 2183 4311 Suaresium
2224 4232 2333 4324 (de
2356 4229 2539 4302 Reli-

235 4342 460 4432 qione,
497 4356 676 4417 tomo
709 4347 778 4435 3,
819 4350 866 4418 1.
921 4352 989 4436 5,
1025 4374 1085 4422 c.
1123 4353 1356 4446 1).Alii
1400 4361 1619 4426 tamen
1646 4361 1939 4428 auctores
1966 4352 2203 4425 docent
2248 4369 2357 4420 eos
2402 4365 2539 4416 non
