2834 4959
359 304 484 361 122
927 309 1266 358 TRAGTATUS
1311 307 1392 355 DE
1436 308 1587 355 JURE
1634 305 2055 354 REGuLuuUM.

367 428 583 500 «ditio
606 432 698 498 sic
745 429 910 500 facta
951 453 988 498 a
1037 430 1368 521 superiore
1414 429 1716 518 religioso
1748 427 2098 518 acceptat-13
2131 425 2219 494 ita
2258 431 2335 494 ut
2367 446 2628 516 voventi,

369 571 406 614 ιι
432 545 498 612 vi
526 544 674 613 talis
713 541 1074 614 traditionis
1125 548 1421 614 teneatur
1455 564 1573 633 per
1606 539 1819 610 media
1859 541 1930 610 in
1974 541 2082 610 tali
2136 539 2447 628 religione
2474 563 2635 632 prae·

369 687 402 726 α
435 660 675 750 scripta
717 658 797 728 ad
853 658 1312 750 perfectionem
1368 656 1793 728 christianam
1852 655 2165 726 tendere:
2224 655 2346 724 hoc
2392 662 2629 738 autem,

265 759 268 764 ¹
371 801 406 841 α
433 780 497 844 et
541 795 672 843 non
725 773 898 866 plus,
929 773 1011 842 ad
1066 779 1301 842 statum
1353 773 1761 862 religiosum,
1798 793 1874 840 ex
1928 776 2156 840 natura
2220 770 2635 840 institutionis

374 915 408 954 ι(
443 910 574 958 suae
629 888 1006 978 requiritur.
1035 913 1070 954 ιο
1121 887 1752 978 (Schmalzgrueber,
1797 888 1867 956 iu
1912 885 2178 955 titulum
2228 883 2309 954 de
2353 885 2635 978 Περαία·
2771 989 2772 992 ¹

365 1002 581 1092 ribus,
613 1026 680 1072 n.
719 1003 858 1092 15.)

464 1119 748 1202 Objicies
775 1119 866 1188 3⁰.
900 1155 990 1170 --
1013 1115 1082 1187 Si
1133 1116 1505 1186 sufficerent
1548 1125 1694 1186 vota
1742 1115 2089 1207 simplicia,
2118 1116 2461 1206 religiosus
2515 1118 2636 1186 dici

367 1247 576 1330 posset
603 1237 796 1306 etiam
837 1237 975 1325 ille,
1000 1237 1113 1328 qui
1163 1239 1398 1327 emisso
1436 1243 1583 1305 voto
1622 1237 2013 1327 paupertatis
2041 1242 2103 1304 et
2130 1237 2455 1320 castitatis,
2492 1237 2636 1307 obe-

369 1351 678 1424 dientiam
717 1358 974 1420 voveret
1025 1351 1224 1421 alicui
1269 1351 1609 1443 Episcopo,
1663 1352 1764 1419 vel
1814 1349 2250 1441 confessari03
2308 1353 2484 1442 quod
2533 1350 2639 1420 fal·

365 1491 514 1538 sum
540 1474 656 1538 est.
681 1506 771 1519 —
794 1467 1215 1559 Respondeo:
1265 1491 1300 1531 α
1330 1464 1684 1556 Subjectio,
1710 1485 1856 1555 quae
1898 1487 2013 1556 per
2067 1472 2289 1535 votum
2336 1466 2641 1536 obedien-

379 1607 414 1648 «
441 1583 546 1652 tiae
601 1584 674 1651 fit
718 1583 1059 1675 Episcopo,
1100 1583 1202 1651 vel
1237 1581 1644 1666 confessario,
1688 1602 1820 1651 non
1878 1588 2249 1673 acceptatur
2292 1582 2371 1651 ab
2424 1581 2637 1652 Eccle·

373 1723 411 1764 α
445 1699 562 1785 sia,
618 1719 734 1768 nec
788 1699 1233 1791 approbatur3
1295 1699 1463 1768 sicut
1536 1705 1750 1766 tamen
1802 1696 2120 1788 acceptari
2170 1703 2233 1765 et
2294 1695 2633 1787 approbari

375 1835 411 1877 α
445 1810 631 1880 debet
674 1811 987 1903 subjectio
1038 1833 1154 1903 per
1193 1817 1416 1880 votum
1467 1809 1877 1897 obedientiae,
1917 1829 2047 1898 qua
2096 1809 2242 1899 quis
2302 1807 2637 1898 religiosus

376 1926 734 2034 «efficitur.
791 1953 828 1993 >>
909 1925 1544 2019 (Schmalzgrueber,
1596 1925 1667 1994 in
1722 1925 1990 1994 titulum
2034 1922 2113 1991 de
2170 1925 2634 2016 layum—ihm,

367 2065 437 2110 n.
478 2043 612 2134 16.)

461 2156 740 2244 Objicies
793 2158 886 2225 4⁰.
943 2193 1032 2208 —
1084 2154 1324 2226 Saltem
1385 2161 1529 2225 vota
1592 2155 1906 2226 solemnia
1956 2159 2353 2227 constituunt
2398 2163 2637 2228 statum

367 2269 560 2358 longe
614 2269 1058 2360 perfectiorem
1115 2275 1178 2338 et
1217 2271 1606 2359 firmiorem,
1680 2291 1877 2362 quam
1930 2271 2251 2363 simplicia
2293 2296 2312 2340 ι
2368 2295 2488 2364 per
2542 2273 2641 2342 illa

367 2385 546 2455 enim
599 2404 840 2453 vovens
887 2385 1094 2473 tnagis
1139 2390 1448 2476 perpetuo
1494 2391 1559 2454 et
1603 2387 1918 2455 stabiliter
1966 2409 2036 2468 se
2076 2387 2271 2456 tradit
2306 2387 2638 2478 religioni,

367 2500 556 2588 eique
601 2496 1026 2588 adstringitur
1072 2502 1356 2584 arctius;
1399 2489 1555 2590 ergo
1582 2505 1726 2570 vota
1762 2499 2085 2593 simplicia
2125 2523 2259 2571 non
2302 2503 2639 2572 sufficiunt

365 2610 446 2681 ad
499 2617 734 2680 statum
791 2611 1170 2702 religiosum
1221 2615 1575 2706 perlectum
1624 2621 1685 2684 et
1739 2617 2163 2709 completum.
2216 2655 2308 2670 —
2347 2617 2640 2711 'Respon-

368 2728 488 2797 deo
521 2751 539 2796 z
589 2753 624 2794 ι(
645 2727 848 2818 MaJor
897 2730 1166 2800 firmitas
1217 2730 1500 2821 religiosi
1544 2737 1771 2821 status,
1810 2755 1954 2824 quae
1982 2755 2059 2802 ex
2098 2733 2505 2804 solemnitate
2534 2757 2637 2806 vo·

376 2870 410 2910 α
437 2849 654 2914 torum
721 2845 1036 2935 provenit,
1092 2825 1392 2936 religioso
1466 2848 1657 2915 statui
1732 2847 2087 2918 essentialis
2142 2870 2274 2917 non
2322 2855 2441 2934 est,
2483 2871 2637 2919 cum

377 2961 577 3028 «sine
625 2961 736 3029 illa
779 2962 1150 3052 perstiterit,
1181 2967 1243 3030 et
1281 2962 1353 3031 in
1403 2962 1703 3033 societate
1744 2961 1895 3034 Iesu
1947 2964 2159 3034 adhuc
2194 2966 2491 3057 persistat
2527 2987 2627 3034 ra-

374 3102 410 3141 «
441 3075 528 3142 tio
555 3097 701 3144 vera
724 3075 1075 3166 religionis.
1107 3103 1143 3142 n
1180 3075 1809 3170 (Schmalzgrueber,
1850 3081 1919 3148 in
1951 3080 2214 3151 titulum
2240 3079 2320 3150 de
2348 3081 2634 3174 Requla-

365 3189 576 3276 ribus,
601 3211 671 3258 n.
715 3189 852 3280 16.)
