2834 4959
1076 336 1227 383 PARS
1273 336 1491 383 PmMA.
2351 330 2427 385 77

167 460 260 529 nis
289 476 488 548 quam
528 456 906 547 prolaturus
947 460 1075 535 est;
1103 456 1290 574 quasi
1310 455 1591 524 diceret:
1636 479 1671 521 «
1702 452 1872 523 Cum
1896 455 2027 523 voti
2050 454 2432 526 solemnitas

171 604 202 643 ι
223 574 346 645 sola
385 572 703 642 Ecclesiae
745 572 1196 640 constitutione
1233 572 1505 639 inducta
1552 571 1661 649 sit,
1698 570 1775 639 ad
1800 569 2171 639 solvendam
2200 592 2432 661 propo.-

165 692 406 760 ‹sitam
471 686 928 760 difficultatem
971 686 1215 756 sufficit
1264 687 1614 774 declarare,
1664 686 1903 775 quibus
1947 686 2018 753 in
2049 684 2330 767 casibuS,
2358 708 2433 753 ex

168 832 199 871 ι
221 802 694 872 constitutione
729 800 1187 886 ecclesiastica,
1237 808 1463 871 votum
1512 802 1797 870 solemne
1823 802 1906 868 sit
1932 806 1996 868 et
2018 801 2433 869 subsecutum

168 940 204 981 ι
227 918 724 985 matrimonium·
771 916 1036 984 dirimat
1079 939 1096 983 ε
1149 916 1402 985 declaro
1454 922 1673 985 autem
1718 916 2040 1005 ejusmodi
2091 936 2275 983 casus
2304 938 2435 985 esse

177 1054 212 1093 α
237 1028 404 1097 duos
451 1029 778 1117 duntaxat,
827 1030 1252 1119 susceptionis
1314 1047 1551 1121 nempe
1608 1048 1941 1099 sacrorum
2004 1030 2337 1114 ordinum,
2376 1036 2439 1096 et

176 1168 214 1211 «
245 1142 648 1233 professionis
677 1146 749 1211 in
779 1144 998 1234 aliqua
1027 1144 1340 1233 religione
1365 1166 1402 1213 a
1432 1146 1581 1213 sede
1608 1144 1973 1235 Apostolica
2003 1144 2369 1236 approbata.
2394 1170 2429 1209 n

169 1258 400 1327 Atvero
447 1260 504 1327 si
551 1259 924 1348 loqueretur
974 1260 1276 1327 duntaxat
1325 1258 1406 1327 de
1434 1259 1839 1327 solemnitate
1873 1258 2293 1339 accidentali,
2328 1259 2439 1326 ab—

167 1394 320 1443 sone
363 1372 760 1442 decisionem
821 1392 1032 1443 suam'·
1063 1374 1362 1443 fundaret
1411 1375 1538 1443 boc
1576 1376 1923 1465 principio,
1978 1374 2149 1465 quod
2188 1376 2316 1442 voti
2342 1396 2439 1444 so-

165 1490 452 1558 lemnitas
485 1489 574 1557 sit
627 1488 1054 1559 institutionis
1079 1486 1542 1559 ecclesiasticae.
1577 1490 1771 1559 Nulla
1794 1492 1969 1559 enim
2008 1500 2103 1561 est
2130 1496 2440 1562 connexio

167 1605 324 1673 inter
359 1605 503 1673 haec
571 1604 704 1671 duo
737 1604 1257 1672 :solemnitatem
1309 1604 1785 1674 accidentalem
1844 1628 1981 1674 esse
2016 1607 2439 1675 institutionis

167 1720 646 1801 ecclesiasticae;
703 1725 770 1786 et
807 1726 1032 1787 votum
1083 1720 1212 1787 dici
1245 1720 1477 1787 debere
1500 1719 1813 1806 solemne,
1848 1742 1923 1789 ac
1945 1722 2435 1790 matrimonium

165 1834 488 1918 dirimere,
555 1835 628 1903 in
695 1832 954 1902 duobus
1011 1832 1358 1901 declaratis
1417 1832 1697 1900 casibus.
1784 1832 1837 1899 E
1888 1838 2109 1901 contra
2160 1836 2443 1921 rigor-osa

59 1962 66 1971 ’
167 1955 352 2022 adest
385 1953 688 2023 connexio
723 1953 896 2021 inter
938 1952 1080 2021 haec
1135 1953 1306 2020 duo:
1335 1950 1806 2019 solemnitatem
1837 1952 2221 2040 quamlibet,
2254 1958 2444 2040 atque

167 2067 327 2137 adeo
365 2066 568 2159 ipsam
611 2067 812 2135 etiam
846 2066 1386 2152 substantialem,
1420 2086 1555 2135 esse
1575 2066 1745 2155 Juris
1766 2062 2211 2151 ecclesiastici3
2242 2070 2303 2133 et
2331 2086 2444 2132 vo-

168 2191 304 2253 tum
355 2206 490 2254 non
533 2185 668 2252 dici
719 2182 951 2253 debere
995 2185 1256 2276 proprie
1301 2183 1614 2267 solemne,
1677 2203 1795 2250 nec
1834 2182 2081 2249 habere
2126 2182 2259 2250 vim
2291 2183 2447 2251 diri—

29 2362 31 2365 <
169 2300 382 2369 mendi
428 2298 863 2381 matrimonii,
911 2299 1040 2367 nisi
1091 2299 1164 2367 in
1197 2299 1453 2367 du‘obus
1479 2298 1671 2366 dictis
1698 2296 1972 2365 casibuS.
2005 2296 2171 2365 Nam
2204 2298 2275 2367 iu
2298 2301 2447 2387 jure

169 2413 590 2483 ecclesiastico
637 2432 772 2479 non
825 2412 938 2480 alii
985 2414 1398 2503 reperiuntur
1448 2432 1631 2482 casus
1682 2416 1752 2480 in
1801 2411 2042 2502 quibus
2070 2420 2294 2481 votum
2335 2414 2449 2479 ha-

173 2528 390 2597 beatur
467 2549 592 2619 pro
661 2527 800 2608 tali,
856 2534 920 2594 et
963 2527 1110 2596 talis
1162 2527 1427 2597 effectus
1476 2528 1876 2618 productivo.
1950 2526 2135 2596 Unde
2199 2548 2275 2596 ex
2324 2528 2447 2597 hoc

177 2642 510 2735 principio,
560 2644 736 2734 quod
775 2643 1146 2713 solemnitas
1187 2644 1330 2712 haec
1379 2643 1825 2712 substantialis
1853 2661 1985 2711 non
2010 2643 2271 2712 aliunde
2290 2651 2449 2711 esset

181 2756 565 2826 desumenda
609 2778 810 2847 quam
861 2778 944 2826 ex
976 2758 1138 2849 jure
1178 2756 1635 2839 ecclesiastice,
1683 2755 1887 2846 logice
1919 2757 2233 2824 interebat
2254 2756 2449 2824 Boni-

187 2870 386 2939 facius
445 2870 627 2959 vm,
688 2871 758 2940 in
827 2871 1086 2951 duobus
1153 2872 1462 2939 duntaxat
1516 2870 1643 2940 illis
1720 2869 1974 2939 casibus
2020 2890 2153 2938 esse
2208 2868 2447 2937 admit-

185 2984 456 3055 tendam.

264 3101 596 3171 Secundus
645 3112 866 3170 textus
901 3101 1206 3193 probans
1249 3100 1761 3169 substantialem
1791 3100 1939 3169 voti
1962 3100 2451 3170 solemnitatem

185 3236 315 3283 esse
349 3217 794 3287 incitationis
851 3218 1327 3287 ecclesiastices.
1378 3254 1469 3269 —
1516 3216 1867 3305 Gregorius
1920 3214 2101 3300 Xlll,
2152 3218 2221 3286 in
2274 3216 2453 3286 bulla

187 3332 450 3415 Quanto
483 3334 902 3423 fructuosius
935 3334 1094 3401 anni
1143 3332 1340 3411 1583,
1385 3332 1761 3401 institutum
1788 3332 2105 3403 societatis
2128 3333 2278 3405 Jesu
2301 3358 2453 3405 con·

181 3444 522 3536 firmando,
575 3450 750 3516 inter
787 3449 918 3518 alia
937 3448 1391 3534 declaraverat,
1421 3453 1648 3517 contra
1669 3447 2025 3518 nonnullos
2056 3450 2258 3541 hujus
2279 3460 2455 3518 tem-

179 3563 354 3651 poris
377 3562 712 3653 theologos
751 3562 818 3631 id
869 3570 1196 3651 negantes,
1226 3582 1451 3631 omnes
1499 3572 1563 3631 et
1589 3582 2032 3655 quoscumque
2060 3567 2180 3656 qui
2213 3566 2284 3631 in
2310 3564 2455 3654 ipsa

177 3682 488 3752 societate
513 3681 874 3751 admissi..
911 3680 1046 3749 tria
1075 3694 1234 3750 vota
1259 3679 1612 3773 proedicta,
1645 3686 1911 3752 tametsi
1926 3682 2270 3775 simplicia
2298 3682 2457 3749 emi-

179 3796 494 3883 sen‘m...,
521 3820 672 3867 vere
705 3797 1057 3889 etproprie
1073 3796 1421 3889 reliqiosos
1444 3798 1657 3887 fuisse
1684 3810 1751 3866 et
1774 3822 1929 3885 esse,
1952 3808 2018 3867 et
2036 3797 2119 3865 ab
2145 3796 2457 3867 omnibus

181 3914 428 3983 censo-2·
439 3924 508 3982 et
539 3913 886 3981 nominari
903 3911 1168 3999 debere;
1189 3912 1519 4003 simulque
1548 3912 2055 4004 prohibItionem
2083 3910 2451 3983 addiderat:

183 4046 268 4095 ne
287 4028 658 4119 quisquam.
671 4078 688 4095 .
703 4078 720 4095 .
753 4026 940 4096 illud
957 4026 1030 4096 in
1053 4026 1589 4097 controversiam.
1602 4078 1618 4096 .
1632 4078 1649 4095 .
1670 4048 1912 4118 ponere
1934 4022 2182 4093 audeat
2200 4046 2457 4119 quoquo

185 4140 400 4212 modo.
457 4142 630 4213 Cum
680 4164 832 4212 vero
879 4142 1228 4213 Pontificiae
1271 4143 1431 4213 huic
1478 4142 1872 4233 injunctioni
1904 4142 2222 4212 nonnulla
2252 4142 2460 4233 capita

189 4256 576 4348 heteroclyta
613 4257 1021 4349 pertinaciter
1061 4258 1276 4329 adhuc
1322 4258 1856 4343 contradicerent,
1883 4276 2109 4325 eorum
2130 4258 2461 4327 temerita-

196 4376 354 4457 tem,
365 4374 436 4443 in
451 4374 790 4445 subsecuta
805 4372 983 4445 bulla
993 4371 1398 4444 Ascendente
1410 4373 1691 4444 Domino
1701 4373 1859 4444 anni
1880 4372 2077 4459 1584,
2096 4375 2465 4465 perstrinxit
