2834 4959
433 324 514 380 72
1017 330 1364 381 meuriss
1408 332 1489 380 DE
1532 330 1683 381 lm
1724 330 2140 381 usuumuu.

431 475 565 524 non
591 461 802 523 essent
831 453 1088 544 proprie
1109 452 1435 543 religiosa.
1474 452 1647 542 Ergo
1674 474 1712 521 a
1738 452 1985 521 fortiori
2032 474 2165 521 non
2216 457 2425 523 essent
2461 450 2675 521 solem-

429 580 559 647 nia.
591 576 678 645 Et
719 598 944 646 revera
979 576 1050 644 in
1074 577 1226 667 jure
1255 599 1385 646 non
1428 576 1706 647 habetur
1750 578 1967 647 ullum
2008 584 2233 646 votum
2276 583 2354 646 ut
2392 576 2673 663 solemne,

429 694 560 762 nisi
585 694 1060 767 sitexternum.
1089 692 1273 762 Idem
1306 693 1503 761 tradit
1540 692 1883 763 Suaresius
1912 692 2017 784 (de
2044 692 2398 784 Reliqione,
2438 698 2677 760 tralatu

433 808 503 894 7,
529 808 644 877 lib.
695 809 764 895 2,
813 832 876 878 c.
911 808 978 894 5,
1013 830 1080 877 n.
1129 808 1224 901 5),
1255 810 1597 889 adnotans,
1638 810 1775 879 sive
1808 809 1890 878 ad
1935 814 2163 878 votum
2212 806 2679 877 substantialiter

432 924 743 1005 solemne,
795 926 928 993 sive
990 924 1196 993 etiam·
1243 924 1324 992 ad
1376 930 1599 992 votum
1644 922 2115 993 accidentaliter
2166 922 2471 1006 solemne,
2522 944 2555 987 tt
2580 940 2677 987 ne-

439 1064 476 1105 «
501 1040 854 1107 cessarium
879 1060 1022 1107 esse
1055 1044 1155 1126 ut,
1187 1038 1565 1109 non‘solum
1594 1038 1901 1123 mentale,
1932 1039 2043 1107 sed
2070 1038 2265 1105 etiam
2294 1042 2609 1106 externum
2630 1040 2677 1101 et

443 1180 480 1219 α
507 1145 756 1223 {visibile
799 1154 902 1221 sit.
935 1152 1112 1221 Tum
1141 1153 1300 1243 quia
1351 1154 1611 1222 nullum
1640 1158 1842 1245 potest
1868 1152 2232 1243 simplicius
2266 1158 2491 1233 ,votum
2538 1170 2674 1235 esse,

443 1290 478 1334 α
505 1288 705 1355 quam
743 1290 904 1357 pure
930 1289 1034 1334 me
1046 1266 1250 1346 ntale;
1279 1288 1457 1357 ergo,
1490 1271 1563 1336 ut
1583 1271 1809 1335 votum
1835 1266 1923 1335 sit
1940 1267 2159 1355 aliquo
2184 1266 2379 1335 modo
2396 1264 2675 1348 solemne,

445 1406 482 1447 ι
507 1382 698 1452 debet
723 1382 948 1450 saltem
971 1380 1208 1451 addere
1235 1380 1523 1473 aliquam
1547 1390 1877 1451 externam
1908 1382 2507 1453 manifestationem.
2534 1379 2679 1448 Tum

445 1522 482 1561 α
505 1498 698 1564 etiam
753 1498 910 1585 quie
945 1502 1170 1566 votum
1224 1518 1358 1568 non
1401 1498 1647 1567 dicitur
1692 1498 2009 1585 solemne,
2066 1497 2195 1567 nisi
2246 1499 2317 1567 in
2364 1496 2577 1565 ordine
2615 1492 2680 1559 ad

445 1636 484 1677 α
507 1610 892 1692 Ecclesiam,
933 1615 1044 1681 cui
1082 1612 1274 1683 debet
1319 1614 1402 1683 de
1446 1614 1563 1682 tali
1608 1619 1759 1683 voto
1812 1620 2127 1683 constare.
2170 1612 2254 1683 Et
2292 1612 2441 1682 ideo
2471 1612 2685 1699 injure

449 1753 486 1792 α
511 1725 770 1797 nullum
843 1734 996 1797 votu
1005 1752 1068 1795 m
1137 1728 1425 1799 solemne
1492 1728 1887 1821 appellatur,
1945 1729 2121 1822 quod
2186 1734 2519 1799 externum
2571 1742 2684 1790 non

453 1869 488 1907 α
513 1844 626 1928 sit;
658 1844 814 1932 quia
840 1844 1208 1930 internum,
1243 1866 1358 1935 per
1383 1867 1451 1914 se
1473 1852 1538 1913 et
1566 1851 1795 1914 natura
1830 1865 1974 1925 sua,
2004 1844 2344 1914 occultum
2385 1849 2475 1915 est
2492 1836 2687 1909 bomi-

451 1985 489 2025 «
512 1960 727 2030 nibus,
761 1986 797 2028 ι

530 2075 850 2145 Probatur
898 2078 1180 2146 secunda
1226 2098 1394 2167 pars
1436 2077 1912 2168 propositionis,
1961 2078 2027 2144 id
2086 2083 2215 2163 est,
2256 2074 2689 2146 solemnitatem

441 2188 926 2259 substantialem
975 2214 1109 2259 non
1161 2193 1513 2285 consistere
1566 2194 1638 2262 in
1690 2192 1827 2261 ullo
1880 2200 2141 2261 externo
2202 2195 2395 2264 modo
2443 2200 2549 2261 aut
2586 2188 2691 2255 ritu

443 2311 590 2373 vota
637 2304 997 2373 emittendi.
1065 2304 1325 2374 Etenim
1389 2306 1765 2397 quicunque
1819 2308 1902 2376 sit
1958 2305 2066 2375 ille
2112 2308 2283 2377 ritus
2328 2330 2441 2377 seu
2488 2302 2693 2375 modus

443 2426 736 2487 externus
781 2418 850 2486 in
875 2420 1225 2489 emissione
1273 2419 1406 2490 voti
1477 2422 1807 2493 adhibitus
1820 2474 1839 2507 ,
1890 2429 2093 2513 potest
2155 2422 2447 2493 Ecclesia
2496 2422 2690 2490 decer-

445 2554 601 2602 nere
625 2542 698 2601 ut
723 2542 948 2603 votum
977 2557 1131 2633 cum
1161 2538 1300 2625 ipso
1335 2539 1649 2606 emissum
1686 2539 1770 2606 sit
1818 2538 2234 2608 solummodo
2260 2516 2551 2631 simplex.
2576 2532 2689 2615 Sic,

447 2648 625 2716 verbi
648 2651 876 2739 gratia,
908 2651 961 2718 si
987 2652 1318 2721 Romanus
1371 2650 1663 2721 Pontifex
1702 2652 2078 2723 decerneret
2116 2659 2193 2723 ut
2230 2656 2303 2723 in
2351 2655 2565 2745 aliquo
2611 2668 2691 2716 re·

441 2764 674 2855 ligioso
711 2765 935 2835 ordine
979 2768 1116 2855 jam
1161 2768 1371 2837 emitti
1426 2790 1559 2837 non
1602 2776 1855 2860 possent
1910 2772 2038 2838 nisi
2079 2778 2229 2840 vota
2260 2770 2597 2865 simplicia,
2632 2786 2693 2833 ex

443 2887 603 2950 tunc
637 2904 853 2951 revera
905 2882 1230 2972 simplicia
1255 2883 1567 2953 duntaxat
1600 2885 1812 2953 forent
1850 2886 2085 2955 emissa
2133 2885 2203 2955 in
2248 2888 2365 2957 illa
2408 2886 2690 2975 religione

443 3004 612 3080 vota,
662 2997 813 3066 licet
845 3008 1182 3087 pergerent
1223 3000 1431 3069 emitti
1484 3020 1638 3068 cum
1677 3002 1902 3070 eodem
1946 3004 2223 3071 omnino
2262 3005 2397 3073 ritu
2436 3008 2691 3075 externo,

441 3114 557 3201 qui
595 3118 780 3182 antea
811 3114 878 3182 in
925 3114 1088 3183 votis
1139 3114 1539 3185 solemnibus
1589 3116 2039 3187 adhibebatur.
2093 3119 2261 3187 ltem
2316 3120 2375 3189 si
2412 3120 2699 3187 decerne·

441 3233 540 3295 ret
581 3226 898 3298 Summus
949 3230 1245 3299 Pontifex
1295 3236 1519 3301 votum
1564 3233 1893 3321 castitatis,
1948 3234 2127 3323 quod
2184 3233 2575 3327 susceptioni
2614 3248 2697 3297 sa-

439 3362 704 3411 crorum
729 3346 1036 3413 ordinum
1069 3346 1463 3435 annectitur,
1492 3348 1633 3437 jam
1664 3369 1795 3417 non
1822 3348 1961 3417 fore
1998 3348 2543 3441 impedimentum
2560 3342 2700 3414 diri-

443 3478 630 3527 mens
683 3462 894 3549 qnoad
941 3462 1364 3531 subsecutum
1393 3464 1917 3551 matrimonium,
1960 3486 2037 3533 ex
2083 3470 2241 3533 tunc
2280 3473 2510 3534 votum
2551 3452 2699 3530 illud

439 3576 598 3645 foret
623 3576 918 3666 simplex,
951 3578 1260 3669 quamvis
1301 3580 1523 3648 solitus
1558 3581 1628 3647 in
1686 3580 2091 3649 conferendis
2138 3584 2338 3650 sacris
2378 3577 2701 3650 ordinibus

435 3694 600 3761 ritus
651 3692 830 3761 nulla
877 3712 950 3759 ex
991 3698 1170 3784 parte
1219 3696 1699 3765 immutaretur.
1734 3694 1923 3765 Unde
1966 3696 2191 3765 nullus
2214 3696 2569 3786 excogitari
2596 3710 2705 3782 po-

435 3812 558 3877 test
596 3817 894 3879 externus
941 3814 1086 3877 vota
1137 3810 1473 3879 emittendi
1516 3811 1773 3895 modus,
1824 3812 1938 3901 qui
1990 3832 2105 3902 per
2154 3831 2221 3880 se
2270 3812 2509 3881 solum
2540 3813 2601 3876 et
2638 3822 2701 3872 ex

436 3932 665 3993 natura
716 3946 832 3993 sua
873 3926 1348 3995 solemnitatem
1409 3926 1898 3996 substantialem
1944 3924 2282 4019 importet3
2338 3928 2453 3997 sed
2496 3930 2703 3993 votum

433 4058 591 4107 cum
634 4042 769 4128 ipso
811 4042 1122 4111 emissum
1147 4094 1167 4125 ,
1221 4048 1459 4110 attenta
1500 4043 1634 4111 sola
1690 4042 1892 4132 hujus
1944 4043 2187 4111 externi
2244 4043 2417 4111 ritus
2462 4046 2703 4120 natura,

429 4161 566 4223 tam
615 4162 818 4244 potest
857 4178 994 4227 esse
1057 4156 1330 4249 simplex
1359 4179 1559 4248 quam
1606 4158 1915 4229 solemne.
1960 4158 2237 4232 Proinde
2266 4159 2443 4249 quod
2496 4160 2577 4226 sit
2608 4173 2711 4220 so·-

431 4274 646 4341 lemne
693 4270 902 4361 potius
951 4295 1154 4363 quam
1205 4272 1502 4366 simplex,
1554 4275 1617 4343 id
1649 4298 1779 4343 non
1820 4277 2119 4367 provenit
2166 4296 2243 4344 ex
2300 4283 2531 4343 natura
2586 4272 2708 4359 ipsa
