2834 4959
1041 319 1194 368 PABS
1239 321 1461 370 rmus.
2298 325 2333 379 7
2344 325 2377 380 9

131 451 298 516 tatem
333 443 536 512 fuisse
585 443 726 512 sola
771 441 1070 512 Ecclesiae
1105 441 1555 511 constitutione
1598 445 1956 531 inventam,
2018 455 2081 515 et
2128 457 2381 520 certum

130 562 363 632 omnino
393 559 481 629 sit
537 559 606 627 id
642 579 800 628 eum
843 557 1219 638 intellexisse
1248 557 1326 624 de
1367 551 1770 628 solemnitate
1820 562 2250 647 substantiali,
2281 565 2390 636 de-

127 674 360 744 serenda
409 693 684 762 prorsus
717 679 812 744 est
863 679 1156 742 veterum
1201 671 1449 761 aliquot
1500 672 1944 764 theologorum
1982 679 2207 769 opinio
2251 677 2386 759 ills,

128 810 234 880 qua
257 788 746 858 substantialem
788 791 922 858 voti
963 787 1439 858 solemnitatem
1488 789 1569 857 ad
1611 791 1725 879 jus
1768 790 2096 880 divinum,
2140 782 2271 861 iton
2307 794 2388 862 ad

125 887 610 974 ecclesiasticum
641 903 1032 974 referebant.

207 1018 418 1090 Semel
453 1025 664 1089 autem
715 1019 1023 1106 admisso,
1067 1017 1557 1088 substantialem
1610 1019 2081 1089 solemnitatem
2114 1043 2249 1091 esse
2288 1023 2393 1092 in-

127 1136 456 1204 stitutionis
515 1155 696 1204 mere
755 1134 1235 1222 ecclesiasticas,
1297 1132 1537 1203 invicte
1586 1135 1877 1226 sequitur
1921 1138 2140 1227 (prout
2194 1137 2379 1208 initio

129 1253 320 1339 hujus
341 1251 634 1320 secundae
686 1249 1086 1342 probationis
1137 1249 1445 1340 diximus)
1499 1248 1971 1320 solemnitatem
2022 1251 2202 1321 illam
2225 1275 2375 1322 non

129 1368 446 1434 consistere
481 1366 558 1434 in
607 1363 948 1434 traditione
973 1386 1177 1454 quam
1207 1364 1310 1434 sui
1339 1363 1543 1456 ipsius
1580 1363 1730 1434 iacit
1778 1387 2035 1436 vovens.

204 1483 536 1554 Panum
585 1483 704 1554 111.
736 1521 828 1536 -
869 1477 1150 1554 Ratione
1195 1483 1584 1575 theoloqica.
1617 1521 1707 1536 -
1731 1483 1861 1566 Qui
1924 1488 2242 1557 sustinent
2290 1509 2397 1559 so-

125 1600 504 1669 lemnitatem
585 1599 1076 1670 substantialem
1149 1601 1493 1670 consistere
1564 1599 1635 1668 in
1696 1599 2060 1690 traditione,
2129 1606 2391 1675 ratioci-

129 1721 336 1784 nantur
361 1717 432 1784 in
487 1715 676 1782 hune
707 1714 982 1784 modum
1013 1739 1034 1783 ε
1068 1740 1104 1780 «
1131 1714 1420 1784 Traditio
1436 1737 1511 1783 ex
1532 1721 1761 1784 natura
1786 1739 1905 1785 sua
1949 1725 2013 1784 et
2038 1721 2393 1788 necessario

134 1857 162 1896 α
201 1831 482 1900 excludit
543 1831 1038 1922 possibilitatem
1115 1831 1537 1902 contrahendi
1614 1833 2037 1902 matrimonii.
2130 1831 2387 1902 Etenim

134 1973 168 2011 ι
207 1967 334 2014 non
358 1953 561 2038 potest
588 1947 742 2038 quis
787 1947 1283 2018 matrimonium
1339 1946 1719 2016 contrahere
1776 1946 1901 2014 nisi
1950 1948 2235 2036 corporis
2290 1950 2397 2015 sui

135 2087 166 2126 α
211 2062 570 2132 dominium
623 2061 832 2131 tradat
883 2063 1172 2153 conjugi.
1250 2061 1374 2132 Sed
1415 2061 1679 2151 quando
1726 2061 1898 2150 quis,
1955 2080 2087 2130 non
2138 2067 2395 2132 tantum

131 2205 162 2244 α
189 2181 479 2268 promisit
529 2200 646 2248 seu
694 2180 868 2247 vovit
910 2181 1289 2264 castitatem,
1336 2179 1447 2246 sed
1496 2177 1765 2268 insuper
1815 2197 2155 2267 personam
2212 2199 2399 2248 suam

129 2317 158 2353 α
183 2301 325 2360 actu
347 2292 625 2362 tradidit
671 2293 742 2361 in
785 2291 1172 2382 obsequium
1216 2289 1361 2376 Dei,
1394 2297 1457 2360 et
1498 2292 1617 2360 ista
1659 2291 1918 2361 traditio
1974 2292 2095 2362 ruit
2136 2294 2403 2363 nomine

131 2405 290 2476 «Dei
315 2413 643 2499 acceptata
694 2429 733 2475 a
779 2408 1082 2496 religioso
1135 2408 1366 2476 ordine
1416 2427 1613 2496 quem
1664 2405 2054 2496 ingreditur,
2077 2407 2215 2498 jam
2260 2431 2399 2480 non

125 2544 156 2582 α
181 2519 378 2590 habet
409 2523 782 2592 dominium
831 2524 1116 2614 corporis
1169 2507 1296 2592 sui.
1330 2513 1509 2612 Ergo
1551 2522 1690 2612 jam
1749 2523 1979 2614 nequit
2028 2524 2399 2596 dominium

122 2663 156 2700 a
195 2637 366 2706 illud
423 2640 688 2728 conjugi
750 2640 1022 2708 tradere.
1073 2637 1244 2728 Ergo
1285 2637 1598 2710 inhabilis
1634 2638 1837 2706 estad
1886 2640 2401 2712 contrahendum

126 2777 162 2816 α
183 2751 708 2828 matrimonium.
747 2754 1206 2825 Substantialis
1253 2759 1472 2821 autem
1502 2751 1875 2820 solemnitas
1926 2755 2057 2821 voti
2106 2755 2403 2822 castitatis

127 2891 162 2930 α
184 2873 288 2933 est
331 2865 598 2955 ipsamet
627 2869 718 2938 vis
771 2890 968 2961 quam
1007 2867 1202 2936 habet
1257 2865 1715 2936 inhabilitandi
1739 2866 1817 2934 ad
1860 2869 2395 2934 matrimonium:

129 3007 164 3046 «
187 3002 348 3051 cum
397 3003 546 3072 ergo
589 2987 686 3054 vis
732 2985 846 3054 illa
909 2991 1058 3054 voto
1101 2985 1361 3054 accedat
1415 3003 1531 3073 per
1586 2981 2023 3064 traditionem,
2053 2979 2399 3050 dicendum

127 3123 162 3162 a
189 3105 286 3166 est
309 3097 785 3168 solemnitatem
832 3098 1010 3168 illam
1041 3098 1114 3166 in
1139 3097 1476 3168 traditione
1526 3097 1889 3164 consistere.
1915 3117 1951 3158 ³>

207 3211 570 3282 Fatendum
625 3213 898 3305 quidem
953 3219 1071 3298 est,
1139 3213 1336 3282 hocce
1386 3217 1731 3301 systemate
1770 3209 1987 3301 primo
2031 3209 2275 3278 intuitu
2300 3211 2405 3280 vi-

118 3326 260 3394 deri
311 3349 486 3417 posse
532 3335 632 3397 sat
683 3329 848 3398 bene
894 3329 1338 3419 explanatum,
1389 3327 1550 3418 quid
1620 3327 1703 3395 sit
1791 3326 1917 3394 voti
1996 3325 2394 3398 solemnitas.

119 3443 358 3512 Atvero
399 3444 780 3535 diligentius
836 3445 1002 3517 illud
1047 3447 1370 3529 rimanti,·
1397 3443 1587 3512 facile
1627 3442 1870 3534 patebit
1908 3441 2215 3512 deiectus.
2251 3443 2407 3512 Ruit

121 3581 352 3652 nempe
379 3583 450 3630 ex
473 3562 618 3652 ipso
663 3583 780 3630 suo
805 3561 1248 3630 fundamento.
1300 3558 1627 3650 Supponit
1682 3559 1925 3649 quippe
1976 3580 2158 3649 posse
2190 3559 2407 3625 homi-

121 3695 264 3744 nem
311 3677 406 3744 ita
471 3697 540 3746 se
599 3697 915 3766 suamque
949 3685 1316 3768 'personam
1371 3673 1507 3743 Deo
1548 3679 1610 3743 et
1652 3673 1957 3764 religioni
2008 3670 2283 3757 tradere,
2332 3677 2405 3738 ut

113 3791 242 3874 jam
287 3796 566 3880 nequeat
602 3791 972 3860 dominium
1005 3792 1109 3860 sui
1156 3791 1443 3882 corporis
1484 3789 1555 3858 in
1592 3790 1821 3858 ordine
1848 3790 1927 3857 ad
1955 3793 2135 3856 actus
2176 3784 2404 3852 matri·

123 3905 428 3974 moniales
451 3907 523 3974 in
559 3906 842 3976 alterum
862 3907 1230 3976 transferre.
1278 3903 1408 3974 Sed
1440 3905 1563 3974 hoc
1590 3904 1807 3996 ipsum
1850 3907 2041 3990 negat
2073 3897 2405 3970 Suaresius

121 4017 214 4106 (de
241 4020 623 4111 Reliqione,
667 4027 940 4092 tractatu
984 4022 1054 4106 7,
1091 4021 1140 4090 l.
1185 4021 1254 4107 2,
1287 4041 1348 4089 c.
1397 4020 1490 4110 9).
1536 4019 1879 4108 Contendit
1916 4037 2147 4108 nempe
2198 4017 2413 4087 homi-

127 4151 265 4202 uem
294 4157 416 4227 per
459 4159 528 4206 se
565 4137 810 4220 solum,
866 4143 930 4206 et
955 4137 1202 4206 secluso
1246 4137 1612 4204 interventu
1642 4133 1923 4224 publicae
1976 4134 2404 4219 authoritatiS,

129 4265 250 4314 non
296 4271 484 4340 posse
533 4251 596 4321 vi
644 4251 844 4320 ullius
902 4252 1286 4337 traditionis,
1339 4250 1537 4320 etiam
1580 4248 1711 4318 Deo
1766 4253 1830 4315 et
1874 4246 2071 4316 alicui
2113 4247 2413 4338 religioni

133 4359 334 4452 taetae,
390 4388 524 4436 sese
573 4365 932 4437 inhabilem
959 4366 1258 4460 ,reddere
1314 4365 1395 4435 ad
1448 4363 1659 4437 valide
1704 4362 2215 4433 contrahendum
2277 4386 2414 4434 ma-
