2834 4959
342 316 469 376 226
906 326 1253 397 salsurus
1294 325 1385 373 ns
1421 327 1570 374 suns
1613 323 2033 374 assumtum.

332 456 409 520 ut
452 449 561 516 fiat
608 449 873 538 insuper
921 453 985 516 et
1036 453 1397 539 acceptetur
1439 445 1722 532 traditio,
1767 466 1896 536 qua
1929 465 2002 515 se
2041 463 2276 514 vovens
2322 444 2444 515 Dei
2489 469 2638 520 ser-

317 566 479 638 vitio
520 563 847 654 mancipet
878 585 895 646 ;
956 563 1185 650 tertio,
1221 568 1302 632 ut
1325 561 1466 631 haec
1501 567 1894 652 peragantur
1923 581 2082 631 cum
2103 559 2324 650 aliqua
2351 562 2637 634 vivendi

318 703 555 753 norma
594 701 728 748 non
761 677 1122 768 prohibita
1140 698 1172 762 ,·
1206 699 1352 768 quae
1392 677 1578 746 tertia
1618 676 1904 746 conditio
1943 675 2226 763 additur,
2271 676 2432 766 quia
2457 699 2628 750 cum

316 797 528 867 tribus
569 797 731 866 votis
773 791 1309 864 substantialibus
1360 798 1422 860 et
1475 792 1740 883 praefatu
1781 789 2150 878 traditione,
2207 790 2432 880 plures
2477 813 2624 865 esse

314 919 587 1007 possunt
636 913 905 981 diversae
946 909 1205 979 vivendi
1238 909 1512 993 formoe3
1564 915 1628 976 et
1666 905 1952 977 Ecclesia
1993 913 2370 998 potestatem
2415 909 2627 981 habet

310 1030 563 1119 aliquas
634 1024 955 1117 ejusmodi
1008 1024 1247 1094 formas
1318 1021 1708 1116 prohibendi
1770 1027 1838 1092 et
1903 1021 2062 1091 alias
2139 1025 2618 1113 permittendi:

311 1144 489 1236 quod
550 1144 605 1212 si
651 1141 939 1231 aliquam
992 1139 1312 1228 ejusmodi
1366 1139 1644 1208 sormam
1709 1137 1996 1208 Ecclesia
2051 1138 2412 1230 prohibeat,
2467 1143 2616 1230 jam

306 1259 538 1349 nequit
568 1257 709 1326 dari
736 1277 894 1325 cum
936 1255 1059 1322 hac
1100 1255 1311 1322 forma
1350 1259 1550 1321 status
1588 1251 1877 1340 religiosi
1919 1253 2235 1340 essentia3
2271 1256 2430 1342 quia
2462 1259 2612 1346 jam

304 1374 431 1443 hoc
456 1375 617 1464 *ipso
660 1361 813 1440 non⁶
838 1371 1002 1440 foret
1042 1375 1245 1440 status
1294 1368 1731 1458 perfectionis,
1781 1367 1892 1438 sed
1938 1371 2138 1438 status
2181 1373 2616 1458 peccamino-

305 1509 443 1558 sus.

379 1603 539 1672 -Jam
580 1621 734 1670 vero
778 1601 851 1668 in
904 1620 1082 1680 casu,
1138 1600 1217 1668 de
1264 1621 1394 1689 quo
1437 1617 1616 1668 nunc
1665 1601 1949 1690 agimus,
1997 1601 2404 1692 reperiuntur
2447 1601 2610 1672 haec

274 1719 423 1789 {tria
464 1719 548 1788 ad
595 1717 939 1788 essentiam
996 1720 1195 1786 status
1245 1715 1532 1806 religiosi
1579 1716 1940 1786 necessaria
1999 1739 2019 1784 t
2077 1717 2308 1789 adsunt
2347 1737 2602 1809 nempe

292 1837 365 1906 in
403 1857 569 1904 novo
616 1836 907 1904 instituto
951 1833 1073 1900 tria
1109 1838 1254 1901 vota
1288 1838 1616 1923 perpetua,
1667 1851 1739 1902 ex
1790 1832 2133 1924 hypothesi
2165 1855 2184 1900 ε
2223 1831 2395 1901 adest
2429 1854 2602 1923 prae·

286 1951 415 2020 fata
464 1949 750 2030 traditio,
802 1955 877 2017 ut
918 1947 1161 2038 pariter
1210 1948 1692 2038 supponimus:
1753 1946 2016 2016 tandem
2063 1947 2310 2016 nedum
2367 1947 2608 2038 prohi-

286 2065 515 2134 beatur
552 2065 785 2133 modus
827 2063 1236 2153 particularis
1274 2063 1560 2146 vivendi,
1619 2083 1738 2153 pro
1779 2085 1912 2154 quo
1961 2063 2324 2154 postulatur
2359 2083 2599 2153 appro-

286 2181 488 2267 batio,
518 2181 714 2248 illum
740 2201 777 2247 e
819 2185 1044 2247 contra
1070 2177 1397 2248 Romanus
1429 2179 1722 2248 Pontifex
1750 2179 2086 2271 approbat.
2123 2177 2297 2268 Ergo
2337 2199 2598 2248 novum

282 2296 451 2367 illud
476 2296 881 2380 institutum,
924 2296 1263 2364 accedente
1293 2295 1577 2386 simplici
1605 2296 2098 2386 approbatione,
2139 2302 2344 2366 totam
2391 2296 2600 2366 habet

278 2410 565 2501 religiosi
618 2416 817 2477 status
870 2409 1232 2478 essentiam.
1286 2408 1367 2477 Et
1416 2411 1543 2478 hoc
1601 2410 1762 2480 adeo
1809 2431 2038 2481 verum
2079 2417 2196 2496 est,
2247 2417 2322 2479 ut
2371 2433 2598 2503 neque

276 2527 418 2617 ipse
457 2525 788 2594 Romanus
829 2524 1120 2595 Pontifex
1154 2525 1471 2616 impedire
1500 2528 1722 2616 possit,
1770 2547 1854 2595 ne
1894 2547 2139 2596 novum
2167 2526 2333 2596 illud
2385 2529 2593 2597 insti-

276 2645 523 2725 tutum,
574 2642 891 2730 quamdiu
940 2642 1022 2710 ab
1074 2641 1213 2734 ipso
1264 2642 1626 2712 remanebit
1677 2643 2064 2735 simpliciter
2117 2644 2587 2736 approbatum,

275 2754 477 2819 status
524 2750 813 2840 religiosi
858 2751 1202 2821 essentiam
1250 2775 1383 2822 non
1429 2753 1664 2823 habeat
1690 2779 1725 2840 ;·
1741 2755 1896 2844 quia
1923 2753 2239 2824 Summus
2283 2750 2592 2826 Pontifex

272 2887 407 2935 non
452 2873 661 2957 potest
704 2870 1009 2940 essentias
1056 2891 1279 2940 rerum
1336 2878 1614 2940 mutare.
1661 2869 1986 2961 Equidem
2023 2873 2077 2942 si
2123 2871 2319 2963 Papa,
2369 2873 2590 2944 simul

270 3001 347 3050 ac
388 2982 700 3075 approbat
743 3006 991 3055 novum
1028 2985 1432 3068 institutum,
1483 2986 1788 3056 decernat
1826 2993 1904 3058 ut
1947 3008 1986 3056 a
2025 2989 2289 3059 nemine
2325 2993 2480 3058 vota
2507 2989 2582 3058 in

268 3095 395 3167 hoc
441 3099 733 3168 instituto
786 3100 1135 3169 emittenda
1184 3106 1624 3193 acceptentur,
1673 3108 1862 3193 prout
1918 3101 2164 3174 factum
2213 3110 2305 3172 est
2353 3105 2578 3193 quoad

266 3211 673 3301 presbyteros
708 3213 1041 3284 Missionis
1070 3215 1186 3305 (les
1215 3215 1618 3308 Lazaristes),
1649 3239 1780 3286 non
1808 3218 2012 3288 aderit
2037 3225 2240 3288 status
2279 3218 2580 3308 religiosi

265 3327 567 3416 essentia,
613 3329 949 3399 deficiente
972 3384 977 3392 .
1000 3333 1440 3423 acceptatione
1469 3334 1860 3419 traditionis,
1891 3356 2036 3425 qum
2077 3335 2432 3426 acceptatio
2479 3345 2579 3406 oet

265 3459 483 3510 unum
520 3442 615 3512 de
638 3474 646 3482 ·
670 3447 1159 3516 essentialibus:
1206 3449 1317 3518 sed
1367 3455 1526 3520 tunc
1597 3471 1732 3520 non
1788 3449 2251 3542 approbabitur
2315 3469 2574 3522 novum

262 3555 634 3627 institutum
671 3560 846 3650 quod
872 3563 943 3630 in
990 3563 1155 3632 thesi
1206 3565 1666 3656 supponimus,
1703 3566 1814 3635 sed
1853 3565 2033 3635 aliud
2083 3567 2448 3636 diversum.
2495 3566 2570 3636 ln

261 3671 427 3742 thesi
450 3675 629 3744 enim
658 3679 1091 3768 supponimus
1117 3679 1492 3750 institutum
1529 3684 1598 3749 in
1625 3703 1755 3773 quo
1781 3689 1930 3752 vota
1959 3682 2318 3752 emittenda
2345 3689 2482 3752 sint
2506 3688 2570 3752 et

258 3788 381 3857 rite
400 3792 791 3880 acceptanda
816 3842 832 3860 .

346 3905 687 3976 Probatur
726 3907 793 3975 2⁰
844 3926 925 3977 ex
950 3907 1146 3977 modo
1190 3932 1322 4001 quo
1368 3910 1750 4003 approbata
1783 3911 1924 4000 fuit
1947 3912 2223 3982 societas
2255 3913 2438 3982 Jesu.
2472 3951 2562 3966 —-

262 4041 300 4085 α
326 4015 565 4092 Paulus
584 4022 695 4108 ΠΙ,
722 4024 937 4113 inquit
962 4023 1325 4110 Suaresius,
1352 4027 1424 4095 in
1443 4028 1654 4117 prima
1673 4048 1790 4096 sua
1807 4027 2272 4118 approbatione
2297 4027 2554 4100 nullam

264 4154 299 4196 α
332 4132 735 4204 mentionem
793 4135 945 4206 facit
988 4137 1371 4228 religionis3
1423 4137 1535 4206 sed
1586 4140 1911 4230 proposita
1969 4145 2100 4210 tota
2151 4141 2406 4210 ratione
2459 4141 2556 4208 vi·-

264 4267 301 4310 κ
327 4246 518 4316 vendi
567 4249 639 4316 in
686 4249 807 4320 hoc
852 4253 1173 4340 instituto,
1224 4253 1328 4321 his
1382 4252 1596 4324 verbis
1649 4252 1816 4322 illud
1859 4253 2325 4326 confirmavit:
2385 4257 2550 4324 Cum

258 4382 296 4426 α
322 4360 499 4432 nihil
522 4363 591 4432 in
601 4367 975 4456 praemissis
1000 4367 1399 4459 reperiatur,
1425 4367 1812 4460 quodpiam
1829 4390 1966 4440 non
1987 4368 2084 4440 sit
2115 4393 2195 4440 ac
2215 4383 2546 4455 sanctum,
