2834 4959
1081 353 1232 400 rans
1267 353 1495 428 emm.-
2334 345 2413 404 ³9

161 476 324 548 Unde
373 478 428 546 si
477 477 830 566 proprium
865 475 1192 562 ¹Iudicium
1245 497 1364 566 pro
1422 497 1653 546 norma
1708 477 1831 546 sibi
1885 485 2193 561 assumat,
2252 499 2419 567 saepe

151 591 499 682 decipietur
549 615 570 658 2
656 588 1067 680 obsequendo
1135 607 1372 680 nempe
1434 591 1675 663 amoris
1749 593 1995 683 proprii
2063 591 2419 662 aliarumve

147 706 538 777 naturalium
593 705 1028 796 cupiditatum
1087 703 1535 796 impulsibuS,
1572 705 1826 796 putabit
1882 727 1950 774 se
2010 706 2419 797 periectionis

142 825 394 894 &amite
455 825 784 894 incedere.
847 823 1012 892 Item
1063 823 1466 914 propositum
1506 825 1649 914 ejus
1706 823 2011 892 tendendi
2064 825 2141 892 ad
2202 825 2418 915 perse-

142 948 460 1028 ctionem,
523 943 1014 1014 occurrentibus
1067 942 1561 1013 difficultatibus
1612 949 1677 1012 et
1732 937 2209 1031 tentationibus,
2239 944 2421 1013 facile
2554 955 2561 960 ’

147 1053 540 1124 convelletur
585 1063 654 1122 et
697 1054 978 1142 deficiet,
1037 1053 1094 1122 si
1137 1054 1421 1124 liberum
1477 1055 1537 1122 ei
1600 1054 1683 1126 sit
1738 1075 1811 1122 ex
1852 1055 2113 1145 proprio
2156 1053 2421 1124 arbitrio

152 1190 370 1258 agere,
421 1177 482 1236 et
529 1190 664 1238 non
715 1167 1044 1257 obligetur
1077 1169 1164 1236 ad
1209 1169 1571 1257 parendum
1632 1169 1907 1259 alicujus
1934 1169 2283 1258 superioris
2306 1190 2421 1238 vo-

155 1285 400 1352 luntati.
428 1281 620 1352 Tunc
648 1283 902 1354 scilicet
928 1284 1112 1354 facile
1135 1283 1545 1374 derelinquet
1574 1305 1765 1374 opera
1792 1284 2167 1374 perfectioni
2190 1285 2421 1374 acqui-

151 1399 352 1466 rendae
381 1397 656 1497 idonea,
711 1404 776 1467 et
830 1399 908 1468 ad
943 1399 1483 1490 imperfectiones,
1540 1400 1675 1466 imo
1720 1399 1799 1467 ad
1838 1405 2093 1489 peccata
2146 1397 2421 1466 venialia

146 1536 299 1604 saepe
343 1511 737 1583 declinabit.
773 1511 828 1582 E
857 1521 1078 1584 contra
1104 1514 1163 1582 ei
1193 1535 1331 1583 sese
1363 1513 1635 1585 consilio
1661 1513 2041 1584 obedientiae
2082 1513 2419 1598 addixerit,

147 1652 252 1719 per
304 1629 728 1720 voluntatem·
765 1628 1114 1718 superioris
1145 1629 1646 1720 praecipientem,
1679 1630 1749 1698 in
1784 1631 2165 1722 peragendis
2212 1632 2423 1722 perfe-

148 1740 368 1808 ctionis
417 1739 760 1830 operibuS,
815 1761 858 1808 a
892 1739 1130 1831 quibus
1202 1739 1557 1808 identidem·
1604 1746 1827 1808 natura
1884 1740 2227 1829 refugeret,
2272 1762 2423 1808 con-

153 1863 314 1926 stans
363 1865 432 1926 et
475 1856 712 1924 firmus
757 1855 1172 1924 retinebitur.·
1199 1855 1384 1924 Unde
1403 1854 1633 1944 primo
1662 1856 2017 1944 requiritur
2073 1854 2419 1922 consilium
2450 1881 2473 1908 ο

159 1969 524 2052 obedieutiae
547 1971 638 2040 ad
661 1972 1126 2040 removendum
1155 1993 1354 2060 quam
1381 1971 1742 2041 maximum
1772 1966 2181 2058 perfectionis
2204 1966 2425 2054 acqui·-

153 2077 356 2149 rendae
369 2081 948 2174 impedimentum.
991 2082 1078 2150 At
1111 2079 1391 2150 secundo
1431 2081 1788 2168 requiritur
1829 2080 2022 2146 etiam
2046 2075 2227 2145 idem
2264 2095 2423 2147 con-

149 2189 360 2265 silium
387 2213 468 2262 ex
495 2193 699 2260 altero
745 2192 978 2282 capite,
1025 2192 1533 2282 adcom'pletum
1578 2189 1983 2282 perfectionis
2018 2185 2425 2278 acquirendae

145 2313 374 2376 statum
424 2309 810 2379 necessario.
852 2305 937 2376 Ut
970 2329 1204 2399 nempe
1253 2307 1609 2398 completus
1652 2306 2053 2396 concipiatur
2074 2303 2199 2371 ille
2224 2307 2425 2374 status

144 2439 272 2493 non
293 2423 548 2494 sufficit
595 2423 914 2492 removeri
960 2423 1316 2508 obstacula,
1363 2445 1509 2512 quae
1552 2422 2005 2512 perfectionem
2058 2416 2423 2487 notabiliter

143 2539 522 2630 impediunt
555 2591 576 2622 ,
631 2540 758 2613 sed.
793 2539 1060 2629 insuper
1133 2559 1390 2606 necesse
1462 2543 1556 2605 est
1612 2544 1683 2606 ut
1730 2537 2074 2628 praecipuae
2134 2531 2421 2601 bominis

145 2656 462 2738 actiones,
517 2676 632 2734 seu
679 2661 809 2725 tota
845 2654 1232 2743 generaliter
1283 2656 1425 2742 ejus
1452 2652 1607 2741 vita,
1662 2652 1741 2722 ad
1770 2652 2226 2743 perlectionem
2268 2669 2426 2740 pro-

147 2769 552 2859 sequendam
606 2776 742 2860 apte
793 2771 1110 2859 dirigatur
1157 2778 1221 2838 et
1267 2773 1633 2841 constanter
1683 2774 2011 2857 urgeatur.
2059 2763 2261 2834 Porro
2326 2761 2412 2830 ad

147 2890 284 2958 hoo
331 2909 462 2959 non
511 2888 852 2959 sufficiunt-
897 2889 1168 2961 consilia
1225 2889 1611 2979 paupertatis
1688 2895 1748 2954 et
1800 2884 2123 2971 castitatis,
2178 2879 2418 2972 quibus

147 3007 614 3098 imfvedimenta
681 3007 1032 3095 tolluntur3
1093 3008 1204 3078 sed
1283 3007 1549 3098 insuper
1622 3005 1971 3097 requiritur
2047 3001 2421 3070 obedientiae

145 3121 516 3192 consilium.
562 3121 738 3192 Nam
775 3123 832 3193 si
869 3121 940 3190 in
976 3121 1222 3192 caeteris
1251 3120 1637 3204 actionibus,
1700 3143 1845 3212 quae
1888 3123 2324 3211 paupertatem
2364 3123 2427 3185 et

149 3237 500 3304 castitatem
528 3258 663 3306 non
697 3237 1082 3328 respiciunt,
1138 3238 1305 3306 liber
1355 3240 1437 3306 sit
1485 3235 1687 3313 homo
1736 3236 1946 3304 facere
1989 3233 2165 3324 >quod
2220 3230 2425 3321 magis

149 3351 276 3443 ipsi
319 3353 548 3443 placet,
577 3354 774 3426 modo
819 3356 1344 3445 peccaminosum
1395 3375 1531 3422 non
1574 3353 1681 3440 sit,
1711 3353 1939 3443 poterit
1965 3349 2290 3428 declinare
2334 3348 2425 3432 ‚ad

149 3465 214 3534 id
236 3469 404 3557 quod
435 3468 899 3560 imperfectum
929 3475 1046 3553 est,
1070 3475 1133 3538 et
1160 3470 1255 3538 sic
1276 3470 1559 3536 maxima
1588 3489 1734 3557 pars
1761 3469 1903 3556 ejus
1928 3467 2284 3547 actionum,
2310 3483 2425 3532 seu

147 3588 350 3676 ipsius
391 3592 567 3671 vitae,
627 3591 696 3659 vi
739 3595 937 3660 status
997 3591 1168 3682 ejus,
1229 3591 1312 3658 ad
1382 3568 1839 3680 perfectionem
1907 3582 2421 3676 consequendam

149 3724 278 3774 non
321 3703 668 3795 dirigetur.
730 3705 900 3796 Ergo
933 3712 1130 3778 status
1181 3705 1288 3774 ille
1339 3725 1475 3774 non
1522 3705 1645 3774 erit
1694 3703 2049 3794 completus
2092 3694 2425 3790 perfeetio-

153 3822 254 3888 nis
279 3822 692 3910 aquirendae
717 3827 940 3912 statue.

237 3931 614 4012 Proroerno
637 3935 785 4010 lvf.
818 3975 909 3995 --
936 3936 1089 4008 Tria
1137 3935 1441 4016 consilia,
1470 3933 1922 4026 paupertatis,
1986 3927 2315 4002 castitatis
2357 3941 2429 3997 et

155 4057 562 4142 obedieuim
589 4061 944 4151 sufficiunt
967 4059 1060 4130 ad
1077 4057 1611 4128 constituendum
1630 4056 2035 4148 completum
2070 4053 2429 4143 perfectio-

159 4173 252 4242 nis
281 4175 710 4267 acquirenda
731 4187 1012 4247 statum.
1063 4213 1154 4228 —
1201 4177 1278 4245 In
1325 4168 2105 4264 superiori·propositione
2144 4168 2427 4236 diximus

159 4291 400 4379 requiri
419 4293 543 4360 tria
571 4292 680 4362 illa
707 4291 978 4362 consilia
1013 4315 1031 4362 ι
1063 4313 1248 4367 nunc
1273 4313 1348 4360 ea
1369 4291 1659 4382 sufficere
1688 4287 1766 4354 ad
1794 4283 2097 4373 completi
2124 4284 2277 4351 dicti
2302 4290 2430 4350 sta-

167 4409 266 4474 tus
283 4407 598 4478 rationem
627 4407 1178 4500 probandum-eet.
1215 4405 1374 4488 Quae
1403 4402 1701 4498 probatio
1726 4399 1819 4470 sic
1869 4398 2121 4468 institui
2168 4404 2373 4489 potest·
2402 4420 2423 4466 ε
