2834 4959
381 343 504 403 620
933 352 1273 403 moruus
1317 352 1398 399 ns
1436 351 1585 399 suns
1632 350 2049 399 nummum.

368 498 564 548 suam
599 474 891 545 validam
941 474 1230 557 reddere,
1261 494 1410 543 eam
1450 469 1851 563 ratifieando
1897 490 2198 561 expresse
2248 483 2359 539 aut
2413 475 2649 557 tacite,

373 591 731 661 dummodo
753 592 861 661 hie
890 602 956 661 et
998 612 1177 660 nunc
1221 588 1308 659 sit
1330 588 1491 657 liber
1516 588 1601 657 ab
1647 583 2145 677 impedimentis
2168 588 2653 675 professionem
2686 628 2693 636 ·

372 703 914 773 annullantibus.
953 730 990 771 α
1023 703 1301 774 Nulliter
1344 703 1693 797 professus,
1728 699 1946 791 inquit
1971 699 2417 792 Reiffenstuel,
2446 714 2649 795 potest

377 850 410 891 α
440 824 900 915 professionem
951 846 1138 893 suam
1185 827 1372 894 tacite
1420 830 1485 893 et
1520 842 1814 914 expresse
1847 820 2200 903 ratificare,
2230 821 2365 890 nisi
2424 824 2649 895 habeat

375 964 411 1003 α
435 946 818 1031 perpetuum
849 939 1419 1029 impedimentum.
1449 937 1639 1021 Quod
1664 936 1864 1031 possit
1886 957 2207 1029 expresse,
2240 941 2474 1007 tenent
2504 962 2651 1009 om-

377 1078 411 1119 α
447 1076 584 1144 nes,
615 1062 679 1124 et
711 1058 1151 1126 communiter
1172 1054 1561 1147 supponitur
1596 1056 1669 1124 in
1712 1054 1890 1146 Jure.
1936 1050 2125 1133 Quod
2182 1054 2383 1123 etiam
2448 1056 2653 1125 tacite

371 1194 408 1235 α
435 1171 657 1262 possit,
677 1170 906 1243 docent
947 1170 1318 1261 Sanchez..,
1349 1170 1725 1259 hayman„
1762 1165 2130 1257 Pirhing..‚
2180 1172 2248 1235 et
2274 1172 2649 1238 eommunis

378 1309 413 1350 ι
440 1286 744 1357 aliorum.
787 1286 970 1357 Ratio
997 1293 1094 1355 est
1133 1287 1288 1377 quia
1316 1285 1463 1377 plus
1514 1305 1651 1355 non
1678 1281 2041 1374 requiritur
2066 1281 2152 1350 ad
2176 1283 2644 1373 professionem

259 1428 270 1439 ·
375 1426 408 1465 ι
429 1400 900 1487 ratificandam,
935 1424 1135 1493 quam
1165 1402 1246 1471 ad
1269 1422 1416 1470 eam
1448 1401 1755 1491 primitus
1771 1396 1985 1467 valide
2008 1397 2435 1467 emittendam
2496 1423 2515 1467 ε
2546 1408 2642 1468 at·

381 1540 416 1581 α
441 1517 555 1606 qui
579 1516 884 1606 professio
919 1518 1224 1607 primitus
1275 1516 1461 1585 tacite
1512 1515 1654 1585 fieri
1711 1519 1955 1606 potest;
2004 1534 2156 1602 ergo
2186 1514 2383 1582 etiam
2442 1516 2643 1583 tacite

367 1654 414 1695 -α
434 1629 735 1697 ratificari
773 1631 1092 1721 poterit.»
1128 1629 1594 1723 (Reiffenstuel,
1630 1629 1699 1700 in
1744 1628 2009 1697 titulum
2038 1626 2110 1696 de
2158 1628 2627 1719 Requlan‘bus,

373 1764 442 1811 n.
478 1739 662 1834 213.)
708 1742 1062 1815 Ratifieatio
1108 1744 1313 1815 tacita
1349 1744 1575 1815 eodem
1620 1745 1817 1813 modo
1860 1744 1934 1813 fit
1960 1764 2036 1812 ae
2064 1743 2355 1834 professio
2402 1746 2624 1827 tacita,

371 1861 678 1949 gestando
705 1882 942 1953 nempe
990 1860 1316 1949 habitum,
1377 1869 1489 1930 aut
1510 1860 1860 1931 exercendo
1883 1866 2107 1929 aetum
2130 1858 2445 1948 religiosis
2480 1880 2633 1951 pto·

366 1975 543 2045 fessis
570 1979 934 2069 proprium.
967 1976 1230 2047 Dictum
1253 1984 1348 2047 est
1369 1978 1441 2047 in
1477 1977 1935 2069 propositione,
1970 1973 2333 2045 dummodo
2370 1976 2455 2045 sit
2486 1976 2641 2045 liber

371 2089 460 2158 ab
485 2090 675 2160 omm‘
694 2090 1162 2182 impedimento
1191 2115 1214 2161 .·
1234 2093 1388 2183 quia
1411 2093 1466 2163 si
1494 2099 1782 2184 tempore
1808 2112 1941 2184 quo
1961 2091 2425 2183 professionem
2454 2112 2635 2160 suam

371 2203 670 2291 ratificat,
697 2205 910 2276 adhuc
963 2207 1208 2275 adesset
1269 2206 1820 2299 impedimentum
1846 2206 2226 2292 annullans,
2266 2206 2453 2277 nulla
2480 2206 2639 2277 foret

373 2318 731 2404 ratificatio,
772 2326 848 2389 ut
901 2326 1092 2411 patet.
1153 2320 1336 2392 Unde
1371 2323 1786 2392 ratificationi
1828 2343 1961 2393 non
2012 2321 2217 2393 datur
2249 2322 2447 2411 locuS,
2504 2322 2631 2391 nisi

369 2434 628 2524 quando
671 2434 1234 2525 impedimentum,
1291 2457 1366 2505 ex
1417 2457 1549 2527 quo
1595 2438 1862 2508 nullitas
1924 2444 2069 2508 orta
2117 2445 2280 2526 erat,
2318 2438 2447 2531 jam
2508 2460 2629 2507 su·

359 2548 612 2617 blatum
639 2555 754 2617 est.

448 2658 824 2732 Psorosrno
849 2662 949 2733 11⁸.
984 2684 1076 2717 -·-
1111 2669 1195 2735 Ut
1225 2666 1445 2737 valide
1484 2670 1618 2761 fiat
1649 2670 2047 2761 ratificatio,
2108 2692 2247 2739 non
2274 2671 2639 2760 requiritur

363 2800 570 2847 novus
599 2800 945 2849 consensus
1002 2796 1307 2874 exparte
1336 2806 1565 2853 eorum
1590 2784 1686 2853 ad
1722 2808 1885 2877 quos
1922 2768 2181 2877 speetat
2230 2786 2532 2855 novitios
2555 2783 2639 2852 ad

354 2896 840 2985 professionem
870 2896 1243 2968 admittere.
1285 2936 1375 2952 —
1401 2900 1852 2991 Supponimus
1881 2902 2016 2987 hic,
2054 2906 2226 2973 sieut
2252 2910 2316 2970 et
2369 2906 2439 2969 in
2470 2924 2636 2992 prae-

358 3010 608 3079 cedenti
636 3011 1095 3103 propositione,
1135 3014 1547 3105 professionis
1593 3015 1967 3086 nullitatem
1994 3016 2265 3085 aliunde
2295 3016 2635 3101 provenire

361 3146 562 3213 quam
591 3147 667 3194 ex
692 3127 940 3196 defectu
960 3129 1278 3220 potestatis
1326 3131 1396 3200 in
1452 3129 1966 3201 admittentibus.
2022 3129 2228 3200 Casus
2262 3131 2467 3217 enim,
2504 3152 2631 3220 quo

357 3242 504 3327 quis
525 3242 605 3309 ad
636 3242 1089 3332 professionem
1109 3245 1431 3315 admissus
1472 3246 1697 3316 fuisset
1722 3268 1761 3316 a
1790 3248 2121 3339 superiore
2152 3254 2219 3316 et
2242 3246 2525 3336 capitulo
2550 3246 2627 3312 il·

355 3350 688 3441 legitimis,
709 3377 868 3425 num
897 3360 1314 3431 seilicettune
1335 3362 1417 3429 ad
1443 3360 1854 3432 validandam
1900 3361 2361 3452 professionem
2410 3381 2627 3429 neces-

356 3467 562 3537 sarius
585 3468 667 3537 sit
683 3492 1031 3544 consensus
1065 3476 1345 3565 legitimi
1376 3478 1727 3569 superioris
1752 3486 1817 3549 et
1845 3478 2140 3570 capituli,
2166 3476 2341 3546 infra
2380 3496 2621 3567 expen-

357 3583 552 3655 ditur.
576 3584 721 3666 Quo
743 3596 1114 3679 praenotate,
1145 3592 1454 3684 probatur
1480 3592 1701 3677 thesis,

455 3706 518 3772 1⁰
545 3704 637 3773 Ex
663 3726 738 3773 eo
763 3705 939 3794 quod
971 3726 1347 3790 consensus,
1380 3708 1568 3776 initio
1604 3730 1644 3777 a
1671 3709 2003 3799 superiore
2054 3716 2121 3777 et
2162 3708 2313 3777 aliis
2353 3708 2441 3777 ad
2468 3726 2617 3798 quos

359 3826 598 3913 spectat
625 3823 971 3913 praestitus‚
997 3821 1212 3891 adhuc
1236 3844 1640 3913 perseverare
1659 3822 2017 3893 censendus
2034 3823 2138 3892 sit.
2168 3822 2265 3892 Ex
2294 3819 2617 3914 hypothesi

355 3938 534 4007 enim
563 3958 695 4006 non
747 3936 868 4006 fuit
915 3944 1277 4027 revocatum
1313 3961 1469 4031 ergo
1512 3939 1843 4008 moraliter
1867 3946 2273 4031 perseverat3
2326 3960 2477 4029 ergo
2500 3958 2609 4004 ne-

257 4026 282 4059 ⁸
357 4074 525 4122 cesse
551 4074 685 4122 non
713 4060 806 4122 est
845 4059 919 4123 ut
947 4054 1158 4124 denuo
1191 4062 1546 4148 praestetur.

439 4166 508 4233 2⁰
539 4164 632 4235 Ex
659 4188 734 4237 eo
777 4167 951 4258 quod
1009 4168 1503 4239 matrimonium
1549 4168 1810 4238 nullum
1866 4190 1943 4238 ex
1975 4168 2237 4238 defectu
2272 4177 2615 4235 consensus

351 4282 548 4351 unius
576 4283 797 4372 partis,
842 4282 1133 4353 validum
1188 4283 1296 4354 fiat
1327 4284 1382 4353 si
1428 4306 1576 4375 pars
1603 4283 1715 4352 illa
1766 4302 2157 4353 consensum
2194 4282 2467 4374 praestet,
2496 4292 2611 4343 nee

347 4416 512 4485 opus
537 4398 618 4466 sit
645 4404 717 4466 ut
741 4398 938 4469 altera
977 4420 1127 4491 pars
1152 4420 1541 4471 consensum
1566 4405 1849 4470 renovet.
1906 4398 2163 4471 Etenim
2214 4418 2251 4466 a
2278 4394 2607 4465 matrimo-
