2834 4959
1054 379 1205 427 PARS
1245 380 1487 429 TERTIA.
2281 381 2400 438 401

136 504 321 575 modo
367 500 745 579 retulimuS,
822 504 885 567 et
918 498 1173 589 quibus
1246 499 1716 571 determinatur
1771 504 2004 573 modus
2055 504 2225 573 bona
2270 506 2409 580 haec

138 620 404 690 fideliter
452 614 883 685 conservandi
934 619 997 682 et
1044 616 1525 686 successoribus
1585 618 2085 706 transmittendi,
2139 643 2258 713 pro
2307 625 2411 692 in·

130 736 317 825 justis
364 730 685 801 habendae
740 730 976 799 forent.
1041 728 1183 799 lmo
1232 730 1582 803 dicendum
1648 737 1810 802 esset
1881 754 2122 804 errasse
2174 735 2418 807 dictam

140 849 401 921 Sacram
437 846 1045 936 Congregationem‚
1089 846 1251 918 dum
1292 845 1462 916 hona
1488 846 1630 917 haec
1669 848 1750 918 de
1785 848 2228 921 ecclesiasticis
2283 874 2420 923 esse

143 963 540 1034 existimavit.
595 960 939 1051 Ejusmodi
981 961 1397 1049 consectaria,
1447 982 1580 1032 non
1635 962 1859 1037 minus
1897 965 2172 1034 exitialia
2218 988 2418 1057 quam

145 1077 443 1165 absurda,
498 1076 842 1165 diligenter
920 1075 1319 1167 perpendant
1388 1076 1440 1143 ii
1521 1077 1720 1146 aetatis
1783 1084 2016 1149 nostrae
2082 1082 2420 1173 scriptores

146 1190 459 1275 catholici,
492 1192 605 1280 qui
634 1195 1045 1258 asseruerunt
1080 1210 1197 1282 per
1221 1189 1433 1280 legem
1461 1192 1838 1262 saecularem
1870 1194 2177 1287 impediri
2207 1218 2414 1287 posse,

149 1329 227 1377 ne
273 1306 526 1376 valeant
564 1305 875 1395 religiosi,
922 1304 1125 1375 aliave
1152 1304 1424 1395 collegia
1451 1307 1902 1393 ecclesiastica,
1939 1310 2298 1401 quidquam
2349 1315 2415 1383 in

150 1423 477 1491 communi
498 1422 673 1510 juste
699 1418 1044 1511 possidere.

234 1539 303 1607 2⁰
359 1537 745 1628 sequeretur
798 1534 971 1603 bona
1020 1533 1397 1627 temporalia
1461 1536 1709 1627 injuste
1755 1558 2038 1629 possessa
2101 1539 2296 1609 fuisse
2342 1542 2424 1610 ab

153 1654 425 1724 Ecclesia
476 1652 685 1721 tribus
743 1649 977 1742 primis
1028 1649 1303 1735 saeculis,
1354 1652 1492 1719 imo
1534 1657 1598 1720 et
1641 1651 1725 1721 ab
1770 1654 1928 1745 ipsis
1989 1654 2314 1747 Apostolis
2367 1662 2430 1725 et

152 1771 397 1841 Christo
417 1768 717 1837 Domino.
744 1766 1006 1835 Etenim
1040 1771 1299 1837 constat
1344 1764 1680 1837 Christum
1711 1767 2096 1844 „Dominum
2141 1775 2204 1839 et
2249 1772 2428 1863 Apo-

150 1884 342 1954 stolos
368 1902 747 1951 communes
789 1879 1037 1951 loculos
1072 1882 1407 1966 habuisse3
1462 1882 1614 1949 item
1647 1888 1894 1951 constat
1931 1882 2147 1979 statim
2176 1884 2258 1952 ab
2297 1884 2428 1955 Ec-

152 1998 363 2067 clesiae
391 1995 663 2064 exordiis
696 1996 1026 2065 inductam
1076 1995 1244 2065 inter
1290 1994 1510 2065 fideles
1547 1994 1740 2065 ruisse
1768 1996 2095 2093 bonorum
2137 2018 2434 2066 commu·

156 2114 418 2182 nitatem
436 2136 457 2197 3
496 2118 559 2179 et
592 2116 743 2181 noto
768 2112 982 2179 notius
1017 2115 1113 2179 est
1155 2131 1351 2202 penes
1390 2110 1744 2203 Episcopos
1788 2110 2249 2203 Apostolorum
2277 2132 2429 2181 suc-

149 2248 421 2299 cessores
500 2225 699 2295 fuisse
754 2224 1383 2297 administrationem
1449 2226 1806 2296 multorum
1857 2227 2172 2317 ejusmodi
2229 2226 2431 2297 bono-

160 2365 323 2429 rum,
416 2340 878 2413 communibus
979 2341 1469 2412 necessitatibus
1571 2342 2161 2433 expendendorum.
2235 2342 2434 2411 Porro

154 2459 306 2526 dum
341 2454 480 2527 haec
522 2457 773 2540 fierent,
822 2456 1103 2527 exstabat
1144 2457 1428 2527 Caesarea
1475 2459 1600 2540 lex,
1631 2481 1670 2527 a
1709 2455 1988 2551 Trajano
2043 2467 2107 2529 et
2146 2458 2436 2550 Septimo

156 2570 406 2660 Severo,
439 2579 587 2641 tum
624 2572 873 2661 Romae,
934 2578 1077 2641 tum
1130 2574 1203 2641 in
1244 2571 1432 2641 ltalia
1477 2580 1540 2640 et
1585 2576 1946 2663 provinciis
1997 2576 2434 2666 promulgata,
2482 2607 2494 2620 ·

154 2708 278 2775 qua
306 2708 473 2755 novo
510 2687 783 2757 cuilibet
844 2687 1143 2778 collegio,
1176 2686 1259 2756 ab
1305 2687 1692 2777 imperatore
1743 2694 1805 2754 et
1869 2698 2096 2757 senatu
2149 2711 2280 2758 non
2317 2712 2436 2778 ap-

166 2801 453 2891 probato,
502 2802 1003 2872 interdicebatur
1050 2800 1399 2893 possidere,
1433 2804 1568 2869 sive
1609 2799 2000 2879 immobilia,
2061 2801 2192 2869 sive
2241 2802 2438 2869 etiam

154 2920 495 3011 pecunias3
530 2920 667 2987 imo
696 2923 759 2985 et
809 2917 1129 3007 ejusmodi
1191 2914 1460 3005 collegia
1509 2914 1770 2983 dissolvi
1821 2912 2219 3003 jubebantur
2268 2913 2440 3003 (vide
2545 2920 2552 2927 ’

156 3034 533 3115 Mamacchi‚
564 3032 678 3103 del
698 3032 927 3101 Drino
958 3012 1162 3101 liber'o
1187 3030 1259 3099 di
1279 3030 1626 3122 possedere
1649 3027 1827 3099 della
1873 3028 2133 3109 emesa,
2175 3035 2333 3099 tom.
2367 3030 2434 3116 2,

160 3170 293 3241 cap.
322 3150 393 3235 2,
426 3149 721 3242 passim).

241 3269 303 3335 3⁰
332 3266 729 3357 Sequeretur
760 3268 915 3356 jure
961 3284 1077 3334 suo
1124 3266 1222 3333 uti
1266 3262 1610 3353 gubernia,
1664 3282 1811 3352 quae
1866 3261 2058 3331 hodie
2103 3260 2244 3352 lege
2298 3280 2442 3329 san-

162 3382 367 3469 ciunt,
424 3381 641 3451 nullas
698 3379 1027 3470 religiosas
1086 3385 1199 3449 aut
1252 3377 1708 3449 ecclesiasticas
1755 3379 2250 3449 communitates
2305 3400 2441 3449 esse

161 3494 236 3560 ad
279 3491 743 3583 possidendum
772 3491 1019 3561 habiles
1042 3515 1063 3575 ;
1090 3496 1153 3560 et
1178 3508 1350 3580 quae,
1378 3492 1452 3559 in
1500 3491 1700 3580 hujus
1755 3488 1918 3576 legis
1969 3492 2438 3571 executionem,

162 3605 327 3679 bona
351 3606 622 3679 illarum
665 3606 1215 3677 communitatum
1262 3604 1604 3677 invadunt.
1656 3604 1922 3675 Etenim
1967 3605 2024 3673 si
2078 3604 2274 3695 possit
2323 3623 2443 3671 εω-

158 3724 387 3795 cularis
432 3725 534 3794 lex
596 3723 917 3815 impedire
970 3744 1055 3793 ne
1092 3720 1411 3813 religiosae
1473 3728 1538 3791 et
1580 3720 2022 3791 ecclesiasticae
2065 3718 2442 3791 communi-

154 3844 315 3907 tates
349 3840 531 3929 juste
584 3840 978 3931 possideant,
1013 3840 1219 3931 posita
1257 3837 1643 3929 hujusmodi
1691 3838 1857 3928 lege,
1909 3828 2046 3929 Ja‘m
2097 3836 2238 3925 ipso
2281 3833 2447 3903 facto

161 3953 402 4045 injuste
452 3955 870 4046 possiderent.
914 3954 1237 4045 Legitima
1272 3974 1428 4044 ergo
1476 3954 1648 4023 bona
1675 3953 1996 4045 ipsarum,
2029 3951 2097 4021 id
2149 3957 2268 4030 est,
2306 3968 2448 4020 0111-

162 4066 349 4136 nium
372 4068 948 4156 monasteriorum,
970 4065 1405 4158 capitulorum
1427 4066 1926 4153 cathedralium,
1947 4070 2008 4133 et
2034 4060 2445 4149 dioecesium,

162 4180 283 4250 sibi
304 4183 705 4273 gubernium
734 4182 1087 4253 attribuere
1106 4184 1357 4275 poterit.
1392 4179 1580 4251 Unde
1615 4184 1988 4269 sequeretur

244 4298 315 4365 4⁰
352 4298 617 4368 Absone
655 4320 695 4369 a
722 4298 841 4369 Pio
886 4297 975 4368 lx
999 4296 1590 4370 excommunicatos
1629 4316 1842 4386 nuper
1869 4295 2222 4365 declaratos
2251 4294 2446 4365 fuisse

159 4431 265 4482 eos
310 4434 567 4503 omnes,
592 4418 711 4508 qui
756 4418 827 4485 in
860 4436 1061 4507 regno
1108 4414 1447 4498 Sardiniae,
1479 4411 1799 4503 ejusmodi
1849 4412 1979 4502 legi
2013 4418 2076 4481 et
2121 4412 2442 4481 bonorum

404 4538 453 4586 1.
2135 4534 2205 4582 aa
