2834 4959
1088 388 1241 437 uns
1279 390 1518 437 vnn-rm.
2314 390 2432 449 353

158 510 451 579 sitionem
480 505 769 596 religiosi
796 506 1071 597 dispersi
1108 509 1371 597 babent,
1406 510 1740 641 censendae
1765 518 1942 601 sunt,
1976 516 2188 604 quoad
2224 516 2430 588 domi·

158 626 359 710 nium,
392 622 477 691 ad
504 619 1047 693 communitatem
1074 625 1417 715 pertinere.

228 732 399 801 Hinc
443 733 780 821 nequeunt
824 751 927 799 res
974 731 1120 802 illas
1167 756 1283 825 per
1318 739 1801 820 testamentum,
1843 737 2128 811 aliumve
2157 748 2418 835 proprie

148 848 388 918 dictum
431 844 715 918 dominii
772 850 1016 930 actum,-
1066 850 1622 939 consanguinibus
1673 853 1833 941 suis,
1878 854 2102 926 aliisve
2138 858 2424 932 donare.

237 961 509 1032 Possunt
532 968 757 1030 tamen
795 960 1173 1031 donationes
1200 964 1411 1033 valide
1439 987 1512 1035 ac
1537 966 1712 1036 licite
1737 971 1988 1059 exequi,
2028 994 2102 1041 ex
2123 976 2424 1066 superio-

154 1100 294 1146 rum
340 1077 629 1179 legitime
658 1084 1082 1169 proesu1n,pta
1119 1086 1181 1148 et
1206 1101 1251 1147 a
1280 1081 1528 1151 fortiori
1551 1104 1841 1174 expressa
1882 1086 2230 1159 facultate.
2263 1093 2442 1183 quia·

150 1202 297 1264 tunc
346 1201 553 1283 agunt
598 1202 908 1303 tanquam
954 1198 1442 1267 communitatis
1477 1203 1842 1289 oeconomi3
1879 1210 1940 1273 et
1975 1212 2411 1281 communitas

150 1312 273 1400 ipsa
297 1310 673 1379 dominium
702 1310 1033 1381 transfert.

236 1425 601 1496 Pnorosmo
631 1424 825 1496 Vln·.
859 1465 944 1481 --
975 1427 1297 1519 Reliqiosi
1316 1429 1618 1523 dispersi,
1650 1433 1966 1525 leqitimis
1998 1438 2136 1507 suis
2157 1440 2410 1529 proela-

154 1542 237 1611 tis
258 1553 600 1611 remanent
648 1540 873 1635 quoad
908 1540 1291 1613 obedientioe
1325 1544 1624 1616 debitum
1657 1548 1934 1641 subjecti
1937 1572 1968 1636 ;
2003 1564 2070 1619 et
2107 1552 2278 1621 solet
2313 1554 2404 1623 eis

149 1681 259 1749 pro
298 1658 729 1751 dispersionis
768 1670 1084 1750 tempore,
1132 1661 1203 1728 in
1234 1661 1609 1751 leqitimum
1639 1664 2010 1754 proelatum
2042 1689 2085 1735 α
2107 1670 2406 1740 Romano

152 1776 459 1867 Pontifice
474 1774 817 1865 assiqnari
842 1774 1236 1845 Ordinarius
1255 1775 1389 1845 loci
1403 1778 1480 1845 in
1500 1801 1629 1869 quo
1649 1793 1998 1848 versantur
2009 1783 2407 1877 Episcopus.

155 1928 233 1945 -
280 1891 469 1972 Quod
516 1895 888 1961 remaneant
928 1890 1371 1983 superioribus
1419 1893 1576 1979 suis,
1613 1892 1684 1959 in
1739 1893 1879 1962 vim
1926 1896 2234 1966 solemnis
2281 1900 2412 1967 voti

150 2014 525 2083 obedientiae
574 2013 880 2106 subjecti,
934 2016 1225 2107 sequitur
1273 2037 1351 2085 ex
1400 2015 1588 2085 dictis
1637 2017 2070 2108 propositione
2126 2020 2222 2107 1⁸3
2285 2023 2410 2091 tria

156 2150 381 2221 nempe
401 2136 541 2199 vota
566 2130 880 2201 solemnia
915 2152 1329 2224 nequaquam
1358 2153 1472 2223 per
1490 2131 1956 2223 dispersionem
1981 2132 2168 2219 solvi,
2202 2133 2408 2204 sedin

155 2266 257 2313 suo
278 2245 507 2316 robore
542 2267 947 2337 permanere.
996 2246 1163 2315 Cum
1191 2268 1341 2317 vero
1369 2250 1528 2316 tunc
1555 2246 1840 2317 difficilis
1862 2246 2250 2339 plerumque
2274 2248 2412 2319 effi-

156 2361 343 2431 ciatur
380 2362 798 2451 singulorum
829 2363 1233 2453 regularium
1261 2363 1354 2432 sic
1388 2363 1852 2456 dispersorum,
1881 2386 2034 2435 cum
2059 2366 2195 2435 suis
2223 2388 2409 2457 supe-

157 2476 417 2547 rioribus
472 2474 885 2567 regularibus
935 2478 1442 2547 communicatio
1470 2531 1488 2567 ‚
1536 2502 1618 2549 ne
1661 2481 2060 2564 auctoritate,
2113 2500 2261 2577 quse
2305 2501 2414 2550 eos

158 2590 404 2661 interim
444 2572 715 2681 regat’et
752 2591 1034 2682 adiuvet,
1059 2593 1516 2681 destituantur,
1547 2594 1704 2663 solet
1725 2594 2055 2665 Romanus
2084 2594 2412 2680 Pontifex,

158 2704 587 2794 religiosorum
611 2708 915 2777 omnium
934 2707 1243 2777 ordinum
1264 2706 1618 2798 primarius
1639 2727 1713 2774 ac
1731 2728 2078 2798 supremus
2091 2711 2416 2800 superior,

156 2817 243 2887 eis
274 2820 341 2888 in
382 2822 717 2913 praelatum
748 2824 1131 2893 constituere
1165 2820 1590 2890 Ordinarium
1630 2819 1778 2904 loci,
1821 2820 1894 2889 in
1919 2844 2056 2912 quo
2095 2844 2212 2913 pro
2241 2829 2414 2891 tem·

156 2954 297 3023 pore
346 2940 659 3026 existunt,
707 2932 1119 3031 Episcopum.
1178 2936 1393 3018 Quam
1439 2932 1727 3027 praxim,
1777 2942 2008 3027 praeter
2049 2936 2176 3005 alia
2211 2938 2420 3009 docu-

160 3058 381 3137 menta,
414 3060 682 3125 testatur
719 3055 913 3123 etiam
957 3075 1155 3147 supra
1192 3055 1461 3139 citatum
1503 3053 1696 3123 breve
1742 3051 1841 3122 Pii
1881 3050 1968 3123 vl
1994 3050 2076 3120 ad
2119 3050 2422 3123 Brunen-

152 3167 307 3237 sium
348 3168 747 3263 Episcopum
774 3169 1155 3263 (Collection
1199 3170 1311 3239 des
1340 3169 1508 3239 brefs
1541 3170 1622 3239 de
1664 3168 1776 3239 Pie
1803 3169 1919 3257 vl,
1966 3190 2082 3260 par
2109 3167 2409 3256 Guillon,

153 3287 391 3373 tome2,
430 3310 577 3379 pag.
620 3286 810 3379 544);
842 3288 912 3355 in
934 3308 1065 3379 quo
1091 3288 1183 3356 sic
1205 3286 1560 3355 statuitur.
1598 3312 1634 3352 «
1666 3284 2116 3355 obedientiam
2143 3306 2404 3378 quoque

164 3424 197 3462 α
218 3408 511 3491 praestent
549 3400 889 3494 Episcopo,
920 3407 983 3471 et
1019 3401 1142 3470 sub
1171 3408 1337 3470 veste
1362 3402 1628 3491 signum
1651 3400 1910 3492 aliquod
1937 3408 2165 3489 gerant
2199 3425 2405 3492 regu-

166 3540 197 3579 α
218 3514 361 3588 laris
386 3519 831 3611 professionis.
868 3544 905 3583 »

233 3629 324 3701 De
354 3639 502 3702 voto
534 3633 809 3702 solemni
838 3630 1139 3701 castitatis
1176 3630 1343 3699 nibil
1379 3628 1807 3718 adnotamus;
1848 3631 2005 3722 quia
2031 3635 2200 3719 patet
2238 3628 2410 3697 nihil

152 3746 405 3814 omnino
430 3746 643 3837 quoad
691 3746 935 3837 ipsum,
962 3768 1041 3815 ex
1064 3742 1481 3837 dispersionis
1520 3744 2006 3813 circumstantia
2037 3741 2404 3810 immutari.

156 3853 301 3926 Haec
324 3858 397 3929 de
436 3861 785 3953 praecipuis
823 3861 1039 3931 dubiis
1080 3882 1229 3952 quae
1271 3865 1428 3930 oriri
1456 3866 1736 3952 possent,
1765 3860 1936 3930 circa
1967 3857 2405 3947 dispersorum

154 3973 541 4065 regularium
589 3974 1031 4069 obligationes.
1076 3976 1269 4046 Nunc
1299 3977 1377 4045 de
1412 3974 1788 4047 eorumdem
1813 3976 2073 4063 Juribus
2101 3971 2407 4041 nonnihil

154 4088 610 4181 attingendum.
