2834 4959
378 328 499 389 434
940 330 1279 380 ΤΒΑΟΤΑἹἮὸ
1324 328 1403 377 DE
1449 328 1600 377 stan
1641 327 2056 377 REGULARIUM.

375 469 865 545 sanctificationi
917 489 1051 539 suaa
1098 486 1323 537 vacare
1378 470 1624 555 queant
1681 471 1744 534 et
1787 464 2066 535 salutem
2113 470 2426 538 zeter-nam
2479 489 2652 543 con-

373 588 577 679 sequi.
606 586 789 653 Dum
827 604 985 675 ergo
1052 582 1135 653 ad
1178 582 1555 651 animarum
1593 580 1930 672 spirituale
1980 580 2232 652 bonum
2283 589 2650 658 necessaria

374 708 487 773 aut
556 698 737 768 utilis
781 704 876 767 est
934 695 1155 786 aliqua
1208 694 1542 786 dispositio
1602 692 1774 762 circa
1859 714 1964 763 res
2033 696 2442 787 temporales,
2497 720 2656 769 eam

374 816 857 910 dispositionem
936 812 1279 883 decernere
1356 808 1524 878 valet
1603 806 1884 878 Ecclesia
1915 832 1934 895 ;
1989 816 2052 879 et
2137 811 2390 882 nedum
2451 816 2660 905 possit

374 933 701 1007 saecularis
764 928 1064 1021 princeps
1117 924 1534 997 ecclesiastico
1603 923 1923 1015 ejusmodi
1975 924 2234 997 decreto
2315 928 2656 1012 obsistere,

376 1052 631 1117 tenetur
674 1064 709 1112 e
758 1047 983 1111 contra
1030 1039 1285 1111 brachii
1330 1037 1434 1107 sui
1487 1035 1804 1106 auxilium
1855 1037 1938 1107 ad
1995 1038 2142 1128 ejus
2201 1026 2654 1114 executionem

373 1168 692 1255 praestare.
728 1158 798 1229 ld
828 1157 1064 1227 invicte
1086 1154 1383 1247 sequitur
1423 1176 1499 1223 ex
1545 1155 1890 1245 utriusque
1935 1154 2258 1224 societatis
2291 1159 2660 1249 (saecularis

372 1298 605 1369 nempe
646 1281 709 1345 et
748 1271 1121 1365 spiritualis)
1172 1262 1343 1352 flne3
1387 1289 1466 1337 ex
1495 1288 1570 1337 eo
1593 1266 1866 1358 scilicet,
1907 1268 2086 1358 quod
2141 1270 2294 1339 finis
2318 1272 2560 1363 prioris
2581 1295 2664 1343 ex

370 1398 600 1465 natura
648 1412 765 1461 sua
816 1388 935 1457 fini
970 1384 1337 1478 posterioris
1380 1382 1796 1454 subordinari
1849 1382 2104 1472 debeat,
2151 1390 2217 1454 et
2261 1407 2497 1457 revera-
2535 1388 2659 1457 Dei

370 1505 619 1597 Optimi
662 1500 927 1573 Maximi
960 1499 1291 1569 voluntate
1334 1496 1798 1566 subordinatus
1825 1495 2043 1565 fuerit.
2103 1496 2240 1580 Ast,
2291 1498 2548 1589 inquis·5
2582 1502 2654 1569 id

368 1622 421 1691 si
446 1619 849 1703 admittatur,
895 1613 1063 1683 redit
1104 1616 1379 1701 systema
1416 1611 1548 1703 (rix
1586 1610 1784 1683 hodie
1843 1610 1928 1680 ab
1969 1610 2106 1681 ullo
2136 1613 2391 1683 doctore
2413 1614 2652 1683 catho-

366 1735 493 1807 lico
520 1726 1041 1827 propugnatum)
1074 1724 1347 1797 directae
1376 1726 1703 1817 potestatis
1751 1724 2062 1796 Ecclesiae
2109 1726 2176 1795 in
2217 1728 2650 1818 temporalia3

371 1857 434 1920 et
468 1848 827 1917 dicendum
890 1844 1037 1932 erit,
1096 1842 1363 1911 unicam
1394 1842 1465 1911 in
1519 1840 1770 1910 mundo
1821 1862 2196 1932 supremam
2241 1848 2656 1932 potestatem,

369 1964 869 2039 ecclesiasticam
923 1978 1191 2050 nempe,
1232 1958 1434 2029 fuisse
1473 1976 1514 2025 a
1551 1956 1687 2026 Deo
1723 1954 2188 2043 constitutam3
2227 1958 2654 2049 temporalem

368 2102 521 2151 vero
568 2084 941 2169 potestatem
996 2072 1168 2143 nihil
1199 2070 1377 2141 aliud
1421 2092 1562 2139 esse
1605 2090 1810 2160 quam
1869 2087 2128 2141 merum
2157 2070 2424 2141 alterius
2451 2072 2658 2141 mini-

370 2199 606 2263 strum.
638 2188 1018 2281 Respondeo
1048 2212 1075 2256 .·
1098 2208 1265 2277 nego
1316 2186 1669 2277 sequelam.
1725 2185 1986 2256 Etenim
2043 2187 2158 2256 ad.
2185 2188 2654 2257 vindicandum

342 2302 671 2376 'Ecclesiae
711 2306 823 2394 jus
867 2304 951 2373 de
998 2302 1466 2394 temporalibus
1493 2300 1912 2386 decernendi,
1957 2302 2030 2371 in
2075 2302 2158 2371 iis
2203 2302 2362 2373 solis
2397 2303 2662 2373 casibus

374 2420 704 2510 inquibus
726 2416 793 2485 id
839 2416 1115 2507 requirit
1152 2414 1494 2506 spirituale
1531 2416 1907 2485 animarum
1935 2415 2215 2504 bonum,
2243 2438 2504 2489 necesse
2527 2440 2662 2490 non

379 2540 472 2607 est
518 2554 849 2601 recurrere
918 2532 1001 2600 ad
1056 2538 1335 2621 systema
1398 2532 1730 2622 potestatis
1785 2528 2078 2620 directoe,
2109 2572 2116 2581 ·
2143 2540 2210 2603 et
2279 2536 2658 2605 saecularem

376 2648 743 2741 principem
772 2651 1081 2737 tanquam
1124 2666 1382 2715 merum
1433 2646 1816 2715 ministrum
1843 2647 2272 2719 ecclesiastico
2313 2648 2654 2741 subjicere.

379 2760 775 2855 Opinionem
828 2760 1039 2847 illam,
1091 2782 1131 2829 a
1172 2761 1460 2853 probatis
1517 2760 1750 2831 scholae
1807 2762 2180 2843 doctoribus
2225 2766 2664 2833 communiter

382 2882 715 2971 rejectam,
760 2884 821 2947 et
850 2896 971 2947 nos
994 2876 1331 2967 rejicimus
1372 2875 1492 2967 (1).
1527 2872 1816 2966 Utraque
1851 2898 2090 2969 nempe
2151 2884 2436 2968 potestas
2466 2901 2506 2948 a
2529 2877 2662 2948 Deo

382 2998 477 3063 est
530 2990 903 3061 immediate
950 2988 1243 3057 instituta
1290 2994 1357 3057 et
1396 2988 1480 3057 ad
1529 2988 1895 3077 regendum
1939 2988 2271 3057 mundum
2325 2988 2660 3083 deputata.

384 3108 502 3177 Ast
524 3104 819 3195 praefixus
858 3103 1221 3192 unicuique
1268 3102 1578 3193 proprius
1627 3102 1783 3172 finis
1819 3129 1836 3172 z
1891 3102 2194 3174 Ecclesia}
2247 3110 2324 3173 ut
2361 3106 2666 3176 homines

384 3222 512 3289 vita
538 3217 1015 3310 supernaturali
1054 3216 1361 3287 informet
1392 3238 1634 3307 eosque
1664 3216 1747 3287 ad
1787 3218 2060 3292 salutem
2098 3226 2404 3287 aeternam
2443 3219 2661 3289 dedu-

388 3339 542 3405 cat:
598 3332 889 3403 soeculari
929 3332 1348 3424 principatui,
1398 3340 1474 3401 ut
1519 3333 1758 3402 iisdem
1803 3332 2192 3403 hominibus
2233 3334 2658 3425 temporalem

386 3446 919 3538 tranquillitatem
952 3454 1016 3518 et
1066 3449 1478 3517 securitatem
1532 3448 1972 3518 nanciscatur.
2015 3446 2163 3517 Non
2213 3455 2440 3518 autem
2463 3448 2666 3519 voluit

391 3562 563 3634 Deus
602 3569 723 3631 aut
768 3562 933 3633 velle
967 3564 1203 3654 potuit,
1274 3568 1371 3649 ut,
1420 3562 1546 3631 sub
1595 3568 1906 3655 praetextu
1953 3563 2198 3655 proprii
2259 3563 2412 3634 finis
2454 3584 2666 3657 prose-

390 3678 661 3771 quendi,
710 3677 919 3747 valeat
963 3676 1292 3747 soecularis
1340 3683 1620 3765 potoetas
1668 3678 2032 3748 Ecclesiam
2092 3678 2408 3768 impedire
2457 3682 2528 3749 in
2581 3681 2662 3747 iis

393 3814 539 3885 quae
588 3794 669 3863 ad
716 3791 1121 3883 spiritualem
1176 3792 1520 3861 hominum
1591 3793 1956 3885 profectum
2014 3792 2414 3864 conducunt.
2477 3795 2662 3863 Alias

392 3909 569 3983 enim
600 3930 729 3979 non
777 3906 1097 3991 ordinem,
1134 3906 1245 3976 sed
1280 3906 1842 3982 Manichaeismum
1885 3914 2328 4000 aeternamque
2361 3930 2656 4001 pugnam

396 4023 799 4095 instituisset.
843 4020 1069 4093 Voluit
1088 4044 1269 4114 ergo,
1300 4024 1471 4091 utin
1503 4024 1583 4093 iis
1635 4044 1782 4116 quoe
1807 4048 1880 4094 ex
1911 4030 2146 4094 natura
2169 4046 2287 4094 sua
2325 4026 2656 4110 utriusque

460 4224 523 4285 (1)
554 4218 889 4271 Deserendam
913 4220 1203 4285 opinionem
1226 4220 1393 4279 istam,
1423 4222 1476 4271 et
1504 4220 1774 4270 tenendam
1806 4220 1906 4273 hac
1936 4222 1990 4273 tn
2021 4232 2078 4272 re
2105 4218 2388 4294 Benarmtnt
2415 4215 2662 4267 eison-e·

394 4308 455 4359 sti
472 4308 748 4361 doctrinam
776 4308 1097 4375 probabimus
1129 4308 1179 4359 tn
1210 4310 1428 4359 tratactu
1451 4306 1514 4358 de
1542 4307 1664 4359 Jure
1693 4308 1929 4360 Ecelesn‘ae
1959 4308 2180 4360 relative
2204 4310 2274 4361 ad
2291 4306 2546 4359 saeculares
2567 4318 2658 4369 po-

396 4396 621 4448 testates.
1689 4404 1702 4415 ·
