2834 4959
1067 349 1220 396 PARS
1263 351 1481 400 mum.
2292 350 2319 405 1
2340 350 2411 406 13

171 465 334 536 modo
370 472 516 535 voto
567 465 950 536 obedientiae
1011 469 1226 538 addita
1245 522 1265 558 ,
1315 471 1641 541 censenda
1696 479 1791 540 est
1858 475 2243 546 constituere
2308 478 2413 571 ip·-

167 587 408 650 sammet
449 582 654 670 hujus
703 581 834 649 voti
903 581 1394 654 solemnitatem.
1458 583 1627 656 Nam
1694 592 1944 658 certum
2014 595 2133 675 est,
2198 592 2417 664 adesse

37 782 39 805 ;
163 697 473 768 discrimen
523 697 816 766 solemne
881 698 1052 768 inter
1111 705 1175 768 et
1235 701 1511 792 simplex
1582 706 1809 772 votum
1877 703 2302 792 obedientiae3
2354 717 2419 778 et

162 821 362 882 votum
383 814 668 882 solemne
713 813 962 905 aliquid
1005 814 1291 908 amplius
1334 816 1574 888 habere
1616 840 1817 908 quam
1846 828 2071 890 votum
2114 821 2409 912 simplex.

161 927 298 996 lam
339 947 476 996 vero
521 945 756 1019 praeter
808 930 978 1000 hanc
1029 932 1166 1000 vim
1215 927 1527 1003 reddendi
1581 956 1697 1026 per
1750 935 2149 1026 superiorem
2208 937 2417 1006 irrita-

167 1041 322 1110 biles
363 1043 636 1132 praet'atas
661 1043 949 1134 religiosi
999 1045 1493 1135 promissiones,
1548 1048 1715 1116 nihil
1744 1048 2060 1140 assignari
2102 1057 2307 1141 potest
2344 1052 2415 1122 in

171 1163 308 1226 voto
353 1158 609 1227 solemni
659 1158 1060 1248 obedientiae,
1119 1162 1294 1251 quod
1338 1183 1467 1230 non
1524 1165 1880 1255 reperiatur
1932 1166 2004 1233 in
2067 1173 2213 1236 voto
2262 1166 2419 1238 sim-

175 1272 336 1362 plici.
357 1272 512 1364 Ergo
555 1295 784 1344 revera
819 1275 1190 1346 solemnitas
1235 1275 1436 1367 hujus
1477 1279 1609 1348 voti
1650 1281 1942 1349 consistit
1990 1281 2063 1350 in
2108 1281 2281 1352 dicta
2320 1281 2415 1368 vi,

37 1406 39 1485 ὲ
175 1395 232 1456 et
263 1391 346 1458 vis
377 1390 476 1474 illa
523 1412 662 1460 non
693 1390 755 1460 ei
798 1389 1063 1462 aliunde
1111 1390 1376 1474 accedit,
1432 1415 1633 1483 quam
1680 1417 1754 1463 ex
1800 1395 2075 1486 positiva
2108 1395 2417 1468 Ecclesiae

37 1534 39 1543 ·
171 1501 576 1594 dispositione.

1075 1761 1352 1833 CAPUT
1387 1763 1477 1835 V.

165 2000 374 2055 Genu-ali
397 2003 600 2056 formula
635 2006 1004 2058 determinatur
1035 2006 1092 2055 tn
1123 2017 1224 2069 quo
1243 2007 1346 2056 stet
1369 2009 1529 2058 trium
1556 2005 1967 2058 substantialium
1992 2005 2253 2072 religionis
2279 2009 2419 2058 voto-

1041 2107 1160 2146 rum
1184 2094 1505 2147 solemnitas.

37 2374 39 2387 ,
235 2293 382 2367 Cum
437 2297 886 2389 superioribus
933 2298 1254 2388 capitibus
1299 2298 1633 2389 sigillatim
1692 2299 1775 2368 de
1824 2319 2220 2390 unoquoque
2273 2304 2420 2370 voto

37 2396 40 2441 ³
167 2409 532 2501 exploratum
569 2415 673 2498 sit,
723 2417 794 2481 in
841 2433 971 2502 quo
1000 2417 1118 2480 stet
1151 2413 1352 2505 ipsius
1390 2416 1785 2496 solemnitas,
1838 2421 2131 2487 remanet
2169 2420 2242 2482 ut
2284 2420 2417 2485 tota

167 2523 268 2592 hac
297 2529 366 2596 de
393 2552 468 2598 re
497 2530 780 2618 exposita
806 2529 1095 2597 doctrina
1135 2529 1334 2598 unico
1377 2531 1581 2598 veluti
1622 2530 1862 2599 intuitu
1904 2531 2129 2601 lectori
2160 2532 2417 2624 conspi-

173 2637 362 2708 cienda
403 2640 812 2710 exhibeatur.
845 2639 923 2708 Et
966 2639 1182 2731 primo
1233 2639 1501 2729 quidem
1563 2642 1695 2710 voti
1746 2643 2047 2732 castitatis
2102 2642 2415 2713 solemni-

175 2757 340 2820 tatem
375 2754 788 2848 repetendam
837 2775 972 2823 esse
1025 2754 1304 2824 diximus
1344 2774 1421 2822 ex
1471 2753 1785 2843 peculiari
1832 2754 2095 2838 effectu,
2136 2756 2261 2843 ipsi
2307 2778 2421 2845 per

177 2865 432 2940 Ecclesiae
477 2877 790 2940 statutum
819 2870 1118 2959 alligat03
1171 2892 1245 2938 ex
1292 2889 1367 2938 eo
1408 2891 1647 2959 nempe
1694 2869 1871 2960 quod
1916 2876 1979 2938 et
2018 2869 2421 2958 subsequens

175 2983 462 3070 quodlibet
489 2987 1014 3073 matrimonium,
1055 2991 1118 3054 et
1158 2986 1354 3054 etiam
1397 2984 1777 3054 antecedens
1823 3005 1957 3052 non
1993 3004 2419 3054 consumma-

171 3103 288 3168 tum
317 3102 548 3172 irritet.
591 3101 750 3171 {tem
801 3101 1088 3171 solemne
1137 3121 1272 3170 esse
1309 3101 1701 3193 paupertatis
1747 3105 1971 3170 votum
2012 3121 2087 3168 ex
2130 3119 2203 3168 eo
2244 3101 2419 3190 quod

171 3214 509 3304 religiosum
565 3217 844 3286 dominii
897 3218 1272 3308 incapacem
1329 3215 1558 3287 reddat
1576 3245 1594 3306 3
1668 3222 1731 3286 et
1808 3217 1941 3282 vim
2016 3213 2420 3306 producendi

166 3326 414 3418 hujusce
463 3333 728 3404 effectus
761 3383 780 3421 ,
855 3332 1092 3424 pariter
1161 3354 1236 3401 ex
1306 3331 1575 3424 positiva
1636 3329 1936 3400 Ecclesiae
2003 3332 2419 3423 dispositione

165 3441 436 3518 defluere.
517 3447 764 3518 Pariter
838 3447 1192 3539 ipsummet
1263 3446 1557 3516 solemne
1633 3445 2013 3516 obedientiae
2084 3452 2311 3516 votum
2380 3467 2420 3514 a

163 3557 420 3653 simplici
469 3584 605 3632 non
654 3563 934 3649 differre,
983 3563 1110 3630 nisi
1155 3583 1232 3632 ex
1265 3583 1342 3630 eo
1377 3560 1555 3650 quod
1590 3559 1935 3630 irritabiles
1965 3584 2078 3653 per
2120 3558 2415 3651 superio-

163 3685 282 3734 rem
321 3670 544 3742 reddat
587 3669 1068 3760 promissiones,
1101 3689 1264 3758 quas
1299 3667 1435 3736 sive
1470 3665 1632 3750 Deo,
1680 3668 1811 3736 sive
1841 3667 2221 3738 hominibus
2269 3665 2420 3733 facit

163 3780 477 3872 religiosus
532 3791 676 3876 post
723 3785 1024 3854 emissam
1081 3781 1547 3876 professionem
1594 3803 1829 3867 suam;
1872 3803 2071 3872 quem
2112 3778 2415 3849 effectum

161 3897 408 3982 positivo
457 3902 654 3968 etiam
691 3900 868 3986 juri,
921 3898 1228 3970 Ecclesiae
1277 3919 1515 3990 nempe
1554 3898 1641 3968 ita
1696 3896 2094 3990 disponentis
2152 3897 2411 3982 statuto,

163 4010 604 4110 adscripsimus
633 4015 754 4105 (1).
875 4083 894 4106 ,

211 4245 278 4302 (1)
305 4242 536 4296 Fatemur
551 4243 804 4295 theoriam
821 4217 1100 4306 expositam
1117 4240 1182 4294 de
1204 4244 1306 4294 voti
1327 4243 1627 4294 obedientia
1643 4238 1987 4300 solemnltate,
2008 4239 2148 4294 haud
2167 4253 2409 4306 spernen-

165 4324 231 4378 <11⁸
270 4329 620 4394 objectionibus
663 4344 774 4384 esse
810 4331 1100 4384 obnoxiam.
1153 4331 1412 4393 Ejusmodi
1445 4330 1773 4392 objectiones,
1804 4341 1933 4392 quas
1974 4327 2232 4382 brevitatis
2261 4341 2415 4384 cansa

50 4437 52 4440 >
167 4411 574 4472 praetermisimus,
590 4412 746 4464 videri
759 4408 1116 4475 possuntapud
1133 4408 1457 4470 Snareslum'(
1476 4407 1539 4458 de
1554 4405 1827 4472 Reliqione,
1838 4414 1977 4461 tomo
1993 4415 2039 4473 a,
2054 4409 2145 4461 lib.
2166 4411 2217 4471 2,
2236 4421 2283 4464 e.
2302 4411 2403 4474 1³).

397 4506 439 4554 1.
2141 4503 2170 4550 8
2304 4543 2311 4550 .
