2834 4959
1102 328 1254 374 PARS
1300 328 1594 376 SECUNDA.
2363 331 2477 386 20¹

296 445 687 516 Prorosmo
700 445 1292 518 lV·.-Proedicta
1315 449 1429 520 lex
1443 451 1888 544 intelliqenda
1917 468 2034 538 est,
2061 481 2208 532 non.
2219 473 2485 532 tantum

214 561 285 630 de
304 561 783 654 reliqionibus,
820 561 936 632 scd
962 564 1163 632 ctiam
1217 563 1299 634 de
1344 569 1966 658 conqreqationibus
2011 576 2360 667 reliqiosis.
2404 619 2485 634 —

206 669 499 746 Diximus
529 699 739 768 supra
774 679 1007 769 (capite
1046 681 1109 762 1,
1146 702 1214 750 n.
1273 681 1335 770 1)
1356 682 1772 775 reliqiomcm
1812 687 2124 759 vocabulo
2167 691 2489 782 designari

204 794 511 876 instituta,
545 816 703 884 quae
729 802 797 864 et
837 794 1125 886 religiosi
1160 803 1359 866 status
1388 801 1736 870 essentiam
1765 802 2032 889 habent,
2063 813 2126 874 et
2171 808 2488 880 solemnia

204 915 393 976 vcta:
422 910 971 1000 conqreqationes
995 917 1213 980 autem
1238 912 1588 1020 reliqiosas
1609 916 1768 996 dici,
1801 939 1948 1008 quae
1973 923 2310 992 essentiam
2342 929 2486 1014 qui-

210 1019 359 1088 dem
382 1021 625 1091 babent
682 1030 881 1092 status
928 1025 1238 1114 religiosi,
1292 1025 1403 1094 sed
1447 1049 1598 1098 cum
1653 1030 1806 1098 solis
1844 1033 2006 1102 votis
2047 1036 2474 1126 simplicibus.

212 1135 290 1203 In
334 1136 447 1206 hoc
492 1159 661 1228 ergo
707 1161 901 1208 sensu
950 1139 1335 1232 accipientes
1376 1147 1972 1236 conqreqationum
2017 1150 2482 1242 reliqiosarum

213 1251 583 1322 vocabulum
615 1309 639 1340 ,
700 1255 985 1325 dicimus
1038 1255 1120 1324 ad
1187 1279 1293 1326 eas
1340 1261 1596 1328 extendi
1652 1260 1860 1351 legem
1887 1313 1908 1348 ,
1985 1287 2116 1354 qua
2171 1269 2480 1358 probibe-

212 1373 317 1435 tur
360 1371 497 1458 quis
536 1393 631 1440 ne
680 1392 915 1440 novam
970 1372 1376 1464 religionem,
1434 1397 1759 1448 novumve
1813 1379 2109 1450 ordinem
2165 1383 2480 1472 instituat,

210 1489 269 1550 et
313 1505 390 1552 ne
451 1485 874 1576 ingrediatur
932 1485 1315 1575 religionem
1362 1490 1750 1580 Apostolicae
1807 1493 1973 1564 sedis
2021 1499 2484 1588 approbatione

203 1598 590 1669 destitutam.

277 1716 631 1784 Probatur
651 1715 717 1782 1⁰
745 1738 827 1784 ex
848 1717 990 1808 ipso
1017 1717 1181 1808 leqis
1203 1729 1417 1786 textu.
1441 1753 1540 1771 --
1559 1719 1880 1810 Equidem
1903 1728 2108 1792 textus
2129 1725 2238 1794 ille
2255 1747 2476 1796 vocem

200 1831 389 1919 ipsam
436 1831 973 1920 congregationis
1026 1831 1345 1921 religiosae
1390 1854 1524 1900 non
1568 1835 1878 1903 continet.
1933 1834 2194 1906 Etenim
2247 1840 2318 1906 in
2364 1842 2482 1910 de·-
2545 1921 2548 1924 ⁴

208 1951 363 2012 creto
378 1944 761 2014 innocentii
789 1943 873 2012 111
900 1945 1285 2036 prohibetur
1326 1945 1647 2014 institutio
1689 1969 1872 2014 novae
1900 1949 2299 2038 reliqionis;
2325 1953 2479 2020 etin

211 2058 439 2130 decreto
468 2061 789 2150 Gregorii
836 2057 898 2130 X
928 2060 1316 2152 prohibetur
1352 2059 1666 2129 institutio
1700 2061 1856 2130 novi
1877 2060 2133 2132 ordinis
2173 2075 2297 2132 aut
2323 2066 2480 2134 reli-

206 2174 421 2262 qiom's.
468 2177 629 2244 Imo
654 2176 959 2244 nonnulli
998 2177 1289 2246 doctores
1316 2199 1391 2246 ex
1437 2178 1516 2244 iis
1557 2176 2024 2264 locutionibus,
2053 2185 2272 2270 utpote
2301 2179 2478 2250 desi-

204 2293 547 2380 gnantibus
591 2293 904 2362 duntaxat
944 2292 1237 2362 instituta
1284 2299 1580 2362 votorum
1633 2292 2104 2364 solemnitatem
2148 2295 2474 2380 habentia,

205 2408 419 2477 inferri
446 2430 643 2500 posse
670 2407 1149 2493 existimarunt,
1200 2430 1330 2477 non
1374 2410 1628 2479 extendi
1667 2409 2176 2500 prohibitionem
2211 2412 2292 2481 ad
2318 2435 2477 2482 con-

209 2527 602 2614 gregationes
639 2545 789 2614 quae
834 2525 1097 2594 nonnisi
1138 2523 1463 2615 simplicia
1501 2531 1647 2594 vota
1693 2528 1994 2596 emittunt
2039 2527 2208 2618 (vide
2250 2527 2481 2598 Suare-

215 2637 485 2707 siumde
510 2638 883 2731 Reliqione,
924 2646 1099 2708 tomo
1149 2640 1215 2727 3,
1248 2641 1297 2708 l.
1339 2640 1410 2728 2,
1438 2662 1500 2709 c.
1543 2639 1649 2722 16,
1695 2662 1760 2708 n.
1796 2641 1840 2706 4
1867 2649 1930 2708 et
1967 2641 2062 2731 5).
2106 2641 2232 2711 Sed
2259 2646 2479 2736 opinio

220 2750 363 2820 haec
382 2774 535 2821 vera
558 2775 681 2822 non
698 2762 816 2824 est.
854 2754 1019 2824 Nam

312 2866 555 2954 Primo,
588 2871 697 2939 etsi
737 2889 859 2938 vox
900 2868 1164 2960 reliqio‚
1206 2871 1395 2960 juxta
1441 2869 1947 2960 frequentiorem
1993 2873 2142 2960 styli
2188 2869 2484 2940 ecclesia-

224 2981 361 3050 stici
406 2991 465 3051 et
499 2984 705 3054 Curiae
750 3005 1037 3055 romanae
1088 3007 1312 3070 usum,
1355 2985 1658 3076 restringi
1703 2985 1901 3054 soleat
1955 2985 2038 3054 ad
2085 2986 2485 3074 designanda

218 3095 517 3187 instituta,
548 3101 619 3168 in
666 3100 907 3190 quibus
932 3101 1245 3170 solemnia
1268 3105 1412 3170 vota
1459 3109 1944 3191 nuncupantur,
1992 3101 2060 3170 id
2101 3106 2317 3170 tamen
2347 3122 2482 3169 non

215 3221 305 3284 est
356 3219 645 3306 rigorose
682 3219 1134 3311 accipiendum
1177 3241 1193 3287 :
1258 3225 1321 3286 et
1370 3217 1789 3288 referendum
1843 3224 1939 3286 est
1990 3217 2072 3286 ad
2123 3215 2482 3284 recentiora

218 3337 560 3422 prasertim
610 3343 932 3430 tempora,
962 3359 1097 3408 non
1142 3336 1223 3405 ad
1258 3338 1650 3426 antiquiora.
1702 3334 1826 3404 Per
1880 3355 1950 3404 se
2005 3335 2180 3406 enim
2210 3335 2480 3427 reliqz'o-

216 3471 370 3521 num
393 3453 789 3524 vocabulum
831 3455 1045 3546 potius
1072 3452 1363 3545 designat
1406 3453 1775 3522 indistincte
1815 3449 2122 3542 quaelibet
2156 3454 2476 3534 instituta,

211 3566 275 3634 in
302 3567 545 3658 quibus
572 3575 774 3640 status
797 3569 1085 3659 religiosi
1112 3567 1383 3638 essentia
1425 3568 1770 3658 reperitur,
1797 3567 1931 3636 sive
1975 3568 2319 3655 solemnia,
2345 3568 2481 3634 sive

209 3681 532 3774 s1mplicia
578 3685 887 3754 duntaxat
938 3689 1085 3753 vota
1142 3683 1444 3752 habeant.
1521 3682 1600 3751 Et
1655 3689 1824 3752 certe
1897 3682 2251 3774 reliqiones
2312 3687 2482 3750 recte

212 3801 417 3868 vocari
448 3806 723 3891 possunt
752 3808 819 3870 et
858 3801 1066 3871 solent
1116 3801 1403 3890 religiosi
1449 3799 1710 3870 ordines
1757 3801 1986 3892 quinto
2015 3797 2246 3869 saeculo
2299 3803 2482 3865 ante-

210 3913 431 4000 riores,
476 3917 779 4008 quamvis
805 3917 990 3986 valde
1030 3916 1361 4008 probabile
1408 3917 1491 3987 sit
1535 3916 1854 3987 solemnia
1882 3937 2015 3986 non
2066 3915 2263 3982 fuisse
2312 3912 2484 4003 ipso-

208 4049 357 4098 rum
406 4039 567 4102 vota.
630 4031 849 4103 Potuit
908 4055 1063 4123 ergo
1103 4032 1401 4103 adbiberi
1450 4031 1534 4102 ab
1580 4031 1960 4103 Innocentio
2009 4027 2100 4096 ΙΙΙ
2150 4028 2480 4118 religionis

209 4147 594 4218 vocabulum
620 4149 702 4218 ad
730 4149 1125 4240 designanda
1152 4149 1458 4239 quaelibet
1487 4149 1782 4218 instituta
1821 4145 2302 4235 religiosorum,
2345 4146 2478 4213 sive

212 4279 353 4329 cum
414 4261 847 4348 solemnibus,
900 4263 1035 4333 sive
1099 4286 1253 4334 cum
1309 4261 1718 4355 simplicibus
1773 4259 1940 4329 votis
1999 4259 2469 4351 profitentium.

214 4373 413 4468 Atque
466 4379 689 4470 ipsum
758 4402 978 4450 revera
1037 4403 1190 4450 cum
1264 4381 1385 4451 hac
1446 4379 1810 4451 extensione
1865 4399 2083 4450 vocem
2139 4401 2476 4471 usurpasse
