2834 4959
1177 333 1330 384 PARS
1377 330 1596 384 plum.
2396 338 2421 390 1
2440 337 2519 394 65

237 466 504 549 nmqr'zae
521 457 834 528 Dominoe
846 477 1174 530 mosum
1195 455 1342 547 (hoc
1361 456 1539 526 enim
1560 457 1825 528 nomino
1844 459 2097 551 Bryene
2115 464 2520 557 vocabatur),

228 596 308 642 ne
387 583 656 665 propter
733 576 1082 643 instantem
1151 569 1420 662 quidem
1496 576 2031 665 persecutionem,
2106 599 2145 648 e
2230 581 2523 654 coenobio

223 687 464 779 pedem
507 709 774 758 movere
819 692 1294 780 praesumerent
1309 688 1529 778 (Acta
1579 701 1991 776 sanctorum,
2020 691 2205 762 Junii
2248 700 2423 765 tomo
2450 697 2519 786 ὅ,

223 825 381 893 pag.
417 803 534 893 21,
571 803 688 887 22,
725 804 814 874 25
831 810 896 872 et
925 802 1062 894 32).
1129 802 1232 872 En
1279 811 1453 872 certe
1498 825 1703 891 veras,
1762 811 1827 875 et
1873 806 2043 875 tertii
2090 808 2357 898 quidem
2402 832 2524 882 sae-

231 920 403 1009 culi,
424 920 766 990 moniales.
809 919 950 989 Sub
993 919 1197 988 finem
1233 927 1453 990 autem
1490 922 1871 992 eorumdem
1894 928 2189 994 actorum
2228 936 2527 998 narratur

237 1059 470 1108 omnes
491 1037 666 1106 illius
696 1036 822 1106 loci
851 1037 1206 1108 monachos
1249 1013 1404 1106 cum
1452 1061 1570 1109 suo
1619 1039 2129 1112 archimandrita
2184 1044 2263 1112 ad
2304 1047 2527 1136 sepul-

243 1161 460 1223 turam
507 1160 744 1224 sanctae
785 1153 1120 1224 Febroniae
1173 1155 1591 1237 convenisse3
1622 1178 1697 1224 ex
1730 1177 1863 1247 quo
1904 1157 2093 1249 plane
2144 1159 2347 1250 liquet
2386 1164 2528 1252 jam

247 1272 390 1338 tum
411 1267 486 1338 in
533 1267 992 1358 Mesopotamia
1023 1268 1332 1368 viguisse,
1383 1277 1517 1338 tam
1566 1268 1735 1340 inter
1777 1271 1951 1341 viros
1994 1295 2193 1364 quam
2230 1277 2400 1344 inter
2440 1280 2529 1350 fe·

243 1381 482 1466 minas,
540 1380 973 1462 monasticam
1019 1380 1243 1448 vitam.
1305 1377 1439 1448 Nec
1482 1381 1737 1451 dubitat
1773 1381 2118 1472 Binterim,
2154 1385 2239 1454 ob
2289 1386 2531 1455 indicia

236 1496 500 1566 aliunde
529 1495 754 1586 petita,
802 1495 964 1586 quin
989 1495 1166 1564 idem
1194 1495 1266 1563 in
1296 1495 1438 1564 aliis
1468 1497 1661 1566 etiam
1713 1485 2091 1588 regionibus
2148 1502 2525 1572 obtinuerit.

309 1609 644 1704 Tempore
683 1612 888 1680 sancti
923 1609 1237 1702 Cypriani
1283 1613 1398 1701 qui
1452 1633 1625 1682 anno
1670 1613 1803 1683 258
1854 1619 2247 1708 martyrium
2302 1639 2529 1710 passus

223 1733 339 1809 est,
399 1726 716 1796 floruisse
758 1725 1094 1816 virginum
1125 1725 1260 1796 Deo
1299 1727 1661 1798 dicatarum
1713 1731 2113 1812 institutum,
2164 1740 2341 1802 extra
2386 1755 2530 1802 om-

229 1862 377 1910 nem
461 1839 978 1912 controversiam
1025 1841 1180 1910 tacit
1231 1841 1437 1931 hujus
1492 1843 1699 1910 sancti
1760 1841 1963 1912 Patris
2018 1843 2413 1933 opusculum
2456 1845 2534 1914 de

231 1957 488 2025 Habitu
509 1956 885 2048 viv-pinum.
926 1956 1023 2025 Ex
1049 1977 1180 2047 quo
1206 1963 1545 2048 postquam
1575 1956 1897 2025 nonnulla
1935 1960 2336 2048 transcripsit
2362 1958 2534 2028 Tho-

233 2072 592 2152 maninus,
623 2071 716 2139 sic
769 2069 960 2140 fateri
989 2071 1286 2160 cogitur:
1348 2097 1383 2136 α
1405 2070 1665 2151 Quibus
1713 2070 1925 2142 verbis
1968 2071 2357 2156 declaratur,
2418 2072 2534 2142 has

241 2187 452 2278 «Agmi
498 2187 906 2256 immortales
933 2208 1282 2277 sponsas...
1310 2189 1454 2277 jam
1498 2191 1641 2256 tum
1686 2186 1757 2255 in
1801 2209 2013 2257 unum
2040 2187 2357 2258 eximium
2402 2209 2531 2260 coe·

240 2327 272 2365 α
295 2309 438 2371 tum
468 2301 818 2387 coaluisse,
837 2323 875 2370 a
898 2302 1096 2392 vulgo
1131 2301 1429 2371 fidelium
1454 2306 1943 2392 segregatum.»
1982 2303 2211 2393 (Vetus
2263 2316 2327 2373 et
2358 2325 2533 2374 nova

228 2415 622 2509 disciplina,
656 2422 834 2508 parte
891 2418 957 2500 1,
1008 2417 1058 2485 l.
1091 2416 1161 2502 3,
1217 2440 1276 2486 c.
1306 2417 1425 2502 42,
1470 2440 1538 2486 n.
1607 2417 1705 2510 3.)
1753 2418 1991 2488 Atvero
2034 2421 2359 2511 ejusmodi
2396 2419 2531 2492 Deo

231 2531 476 2602 dicatas
558 2533 870 2623 virgineS,
923 2531 1006 2602 ab
1077 2531 1234 2624 ipsis
1315 2532 1640 2605 Ecclesiae.
1688 2533 2107 2604 incunabulis
2193 2537 2528 2606 exordium

239 2650 618 2740 sumpsisse,
672 2649 948 2742 probant
1021 2650 1254 2718 eruditi
1319 2650 1725 2719 documentis
1792 2652 2295 2741 quamplurimis
2360 2654 2529 2747 (vide

241 2763 521 2831 citatum
557 2786 708 2854 opus
754 2768 1149 2834 Examen...
1209 2765 1370 2834 libri
1416 2763 1719 2838 Mariani
1768 2763 2162 2849 Verhoeven,
2209 2767 2528 2840 Bruxellis
2566 2841 2569 2844 ,

252 2877 449 2964 1847,
499 2899 645 2970 pag.
689 2880 798 2972 44)
832 2907 852 2968 3
889 2902 928 2950 a
965 2881 1206 2972 quibus
1237 2879 1635 2950 adducendis
1678 2879 2139 2950 abstinendum
2188 2880 2520 2971 duximus,

243 3009 398 3061 cum
435 2994 571 3086 ipse
596 2993 1062 3066 Thomassinus
1113 3017 1253 3065 rem
1281 2996 1351 3064 in
1383 2993 1675 3065 confesso
1716 2995 1991 3064 habeat:
2036 3018 2071 3058 α
2107 2993 2201 3062 De
2246 2995 2524 3088 virgini-

243 3108 448 3192 «bus,
503 3112 746 3201 inquit,
779 3112 847 3179 id
893 3112 1108 3199 primo
1133 3111 1321 3181 fateri
1350 3111 1677 3202 cogimur,
1708 3131 1933 3181 earum
1984 3109 2356 3178 institutum
2400 3114 2523 3202 ipsi

245 3251 280 3288 α
299 3223 604 3297 Ecclesiae
628 3249 920 3298 coaevum
947 3249 1168 3298 esse...
1213 3227 1534 3298 Professio
1586 3229 1725 3320 ipsa
1768 3231 1831 3296 et
1884 3227 2274 3296 consecratio
2324 3225 2524 3320 virgi-

247 3365 284 3406 α
303 3363 464 3411 num
512 3365 654 3412 una
681 3365 836 3414 cum
863 3345 1235 3434 evangelica
1261 3349 1551 3412 semente
1574 3343 1795 3412 statim
1836 3339 1921 3410 ab
1944 3341 2205 3412 exordio
2233 3345 2521 3415 nominis

243 3481 278 3520 a
302 3457 646 3528 christiani
672 3481 788 3549 per
824 3460 1048 3529 orbem
1070 3462 1412 3551 propagari
1442 3459 1657 3550 coepit.
1688 3481 1725 3524 ι)
1763 3455 1991 3548 (Vettae
2016 3471 2081 3528 et
2124 3481 2300 3528 nova
2326 3461 2519 3542 disc„

227 3594 294 3663 p.
323 3573 386 3660 1,
445 3574 500 3641 l.
543 3571 615 3660 3,
643 3595 702 3642 c.
757 3574 872 3659 42,
919 3595 990 3642 n.
1047 3573 1142 3666 1.)
1185 3573 1386 3643 Porro
1424 3573 1746 3664 ejusmodi
1798 3573 2081 3662 virgines
2144 3575 2344 3642 semel
2389 3573 2523 3644 Deo

227 3695 624 3758 consecratae
697 3675 1004 3781 perpetuo
1062 3689 1366 3758 castitatis
1415 3693 1565 3757 voto
1632 3689 2209 3778 adstringebantur
2232 3713 2251 3772 ;
2278 3689 2365 3756 ita
2419 3697 2513 3774 ut,

229 3823 376 3890 quae
424 3809 658 3873 votum
685 3803 850 3873 illud
875 3803 1168 3873 violasset
1227 3809 1635 3894 reputaretur
1668 3803 1916 3873 Christi
1958 3801 2289 3885 adultera,
2322 3808 2395 3872 ut
2418 3803 2517 3873 lo—

229 3917 464 4006 quitur
501 3917 567 3988 S.
603 3917 964 4011 Cyprianus
995 3919 1204 4011 (epist.
1239 3919 1354 4007 62,
1389 3940 1539 4010 pag.
1572 3917 1753 4010 103).
1784 3917 2200 3988 Tenebantur
2236 3938 2516 4006 quoque,

229 4037 302 4099 ut
321 4053 400 4102 ex
453 4031 760 4127 Cypriani
805 4035 970 4127 (loco
1013 4037 1158 4123 cit„
1196 4058 1264 4126 p.
1305 4035 1435 4106 102
1488 4043 1550 4105 et
1585 4035 1739 4126 103)
1788 4041 1851 4104 et
1878 4033 2260 4120 Hieronymi
2308 4034 2514 4125 (epist.

234 4148 319 4218 22
348 4159 415 4219 et
446 4150 600 4242 130)
644 4153 912 4222 monitis
960 4151 1194 4244 liquet,
1228 4153 1431 4222 vitam
1498 4154 1732 4223 ducere
1772 4172 1811 4220 a
1867 4152 2155 4218 virorum
2198 4153 2521 4220 consortio

235 4267 624 4354 sejunctam,
675 4268 780 4338 sin
831 4269 1056 4338 minus
1102 4269 1170 4337 in
1215 4269 1705 4354 communitate,
1751 4264 1974 4334 saltem
2037 4264 2205 4334 intra
2248 4267 2523 4354 privatas

241 4376 450 4463 aedes3
501 4389 694 4473 atque
750 4383 1019 4476 insuper
1074 4389 1358 4454 terrenas
1408 4383 1737 4454 facultates
1790 4401 1937 4452 suas
1988 4380 2089 4449 vel
2147 4401 2185 4448 a
2232 4399 2297 4448 se
2342 4381 2523 4452 abdi-
