2834 4959
1053 333 1204 382 Pus
1257 335 1549 386 suctum.
2314 337 2439 395 293

24 451 27 556 ἐ
165 483 202 524 «
227 457 374 524 rina
415 453 750 521 obstiterat
789 455 1136 544 parochus,
1185 475 1321 524 non
1361 459 1575 524 solum
1608 457 1693 527 ob
1726 457 2025 530 timorem
2062 463 2443 536 deficientioe

161 599 198 638 «
221 572 816 658 eleemosynarum,
866 567 972 636 sed
1021 571 1232 638 etiam.
1275 592 1356 638 ne
1405 572 1630 662 populi
1680 573 2039 664 frequentia
2084 577 2443 650 imminue-

161 713 196 754 «
219 695 424 771 retur,
479 705 556 754 ac
603 686 1122 776 interponeretur
1171 685 1515 756 difficultas
1562 689 1971 781 explicationi
2021 694 2437 780 cathechesiS‚

24 847 27 904 3
161 829 196 868 «
217 801 550 890 sacrisque
579 792 1207 891 supplicationibus.
1263 801 1433 871 Cum
1492 808 1709 872 tamen
1762 803 2123 898 Episcopus
2172 810 2241 876 in
2294 819 2441 879 actu

24 905 27 984 ἑ
159 944 196 982 «
222 917 610 986 visitationis
656 914 1022 984 facultatem
1065 918 1433 1009 impertitus
1480 919 1705 987 suisset
1764 923 2179 992 construendi
2230 934 2441 993 orato-

24 1095 27 1098 .
168 1059 204 1098 (ι
231 1032 436 1112 rium,
483 1028 824 1100 nonnullis
873 1031 1136 1122 adjectis
1183 1032 1701 1121 conditionibus,
1758 1041 1821 1102 et
1866 1035 2007 1104 sine
2048 1037 2441 1127 praejudicio

24 1165 27 1172 ⁴
173 1147 494 1237 «jurium
557 1145 1079 1237 parochialium,
1131 1168 1202 1214 re
1251 1146 1461 1216 delata
1515 1148 1595 1217 ad
1662 1149 1957 1218 eamdem
2023 1149 2093 1219 S.
2158 1151 2443 1241 Congre-

24 1331 26 1356 ÷
171 1289 206 1330 α
233 1264 567 1352 gationem
589 1261 694 1330 die
729 1261 812 1330 12
847 1263 1066 1330 martii
1103 1261 1300 1343 1693,
1332 1265 1723 1354 rescriptum
1751 1265 2034 1357 prodiit:
2081 1269 2445 1336 Serventur

167 1403 206 1442 α
233 1375 560 1467 disposita
577 1400 706 1468 per
749 1378 1184 1469 Episcopum.
1231 1378 1605 1470 Eademque
1646 1379 1767 1448 ruit
1812 1403 1929 1472 pro
1968 1384 2443 1453 constructione

24 1475 27 1492 '
162 1517 200 1556 α
229 1493 494 1560 oratorii
517 1494 828 1560 sententia
861 1493 932 1560 in
960 1493 1350 1564 Placentina
1378 1493 1469 1562 20
1492 1472 1645 1564 maii
1694 1494 1893 1581 1697,
1924 1496 2077 1564 licet
2124 1500 2442 1587 parochus

163 1633 198 1672 α
223 1615 286 1676 et
302 1606 676 1698 Episcopus
697 1608 1128 1676 dissentirent.

242 1748 278 1788 «ι
305 1721 516 1792 Sacra
559 1728 774 1790 autem
816 1722 956 1791 haec
996 1723 1446 1813 Congregatio‚
1496 1723 1683 1792 nulla
1728 1725 1805 1792 de
1848 1725 2109 1814 parochi
2148 1728 2441 1796 dissensu

165 1861 198 1902 «ι
223 1837 448 1906 habita
492 1839 770 1925 ratione,
825 1838 1156 1930 licentiam
1199 1838 1564 1908 aedificandi
1610 1839 1969 1908 oratorium
2020 1843 2331 1909 concessit
2370 1845 2439 1910 in

167 1977 202 2017 <t
229 1954 672 2022 Macer-utensi
701 1953 784 2021 10
827 1953 986 2022 maii
1028 1955 1226 2040 1687,
1280 1975 1435 2024 cum
1476 1953 1867 2044 obligatione
1912 1975 2217 2044 congruae
2249 1955 2441 2038 dotis„

164 2095 200 2135 t(
226 2075 284 2136 et
297 2070 512 2138 salvis
514 2069 788 2161 juribus
793 2068 1326 2160 parochialibus.
1345 2069 1507 2139 Item
1528 2070 1599 2138 in
1622 2069 1951 2140 Theatina
1968 2069 2057 2137 29
2072 2070 2221 2159 julii
2242 2069 2441 2157 1690,

161 2213 196 2252 α
217 2189 530 2277 quamvis
567 2187 1110 2277 Archiepiscopus
1137 2187 1527 2276 dissentiret,
1588 2208 1671 2256 ne
1720 2187 1923 2256 villici
1966 2189 2293 2278 propriam
2324 2210 2441 2278 pa-

163 2327 194 2367 α
219 2303 528 2372 rochiam
555 2301 951 2371 desererent..
973 2303 1070 2371 Ac
1120 2303 1393 2371 demum
1438 2305 1506 2371 in
1552 2302 1999 2372 Foroliviensi
2044 2303 2125 2371 16
2158 2303 2446 2392 januarii

163 2419 438 2504 «1694,
513 2416 584 2485 in
653 2439 782 2506 qua
832 2418 1154 2508 parochus
1217 2418 1302 2486 ob
1370 2419 1841 2510 proximitatem
1906 2417 2193 2488 ecclesias
2252 2438 2443 2508 paro-

159 2559 190 2596 «
219 2535 460 2602 chialis
487 2533 977 2611 contradixerat.

252 2673 294 2714 α
313 2647 414 2716 Ex
437 2646 544 2714 his
568 2648 781 2738 arguit
809 2646 1208 2717 Monaeellus
1262 2649 1814 2738 (Formularium,
1862 2648 1959 2714 tit.
1994 2648 2063 2726 6,
2106 2649 2293 2716 form.
2336 2649 2443 2732 10,

163 2787 200 2826 α
233 2784 310 2830 n.
380 2761 492 2852 15)
547 2763 1026 2853 despiciendum
1084 2785 1218 2832 esse
1301 2762 1753 2853 praejudicium
1828 2761 2153 2849 parochiis
2211 2762 2448 2828 obven-

162 2903 200 2941 «
233 2884 468 2946 turum
527 2899 597 2946 ex
629 2879 1092 2948 imminutione
1154 2898 1503 2948 concursus
1548 2881 1613 2944 et
1660 2876 2245 2962 eleemosynarum,
2289 2895 2443 2940 cum

161 3017 200 3056 α
229 3014 310 3060 ex
349 2994 716 3086 praescripto
755 2995 1017 3062 concilii
1058 2993 1429 3062 Tridentini
1462 2992 1635 3084 (sess.
1680 2991 1792 3077 24,
1826 3012 1885 3058 c.
1911 2990 1957 3057 4
1982 2987 2062 3056 de
2084 2988 2257 3077 Res.)
2290 2989 2445 3057 hor·

158 3134 196 3174 «
223 3109 406 3177 tandi
449 3108 745 3198 quidem,
789 3130 922 3177 non
967 3115 1184 3178 tamen
1231 3109 1505 3198 cogendi
1552 3108 1682 3176 sint
1722 3107 1943 3176 fideles
1984 3106 2065 3175 ad
2109 3104 2449 3194 parochia-

153 3250 190 3288 «
219 3225 358 3292 lem
385 3224 726 3292 ecclesiam
749 3224 978 3293 diebus
999 3224 1174 3293 festis
1195 3224 1587 3294 adeundam.
1615 3247 1651 3288 n

243 3338 330 3406 ln
373 3339 498 3408 alia
525 3344 744 3409 autem
797 3361 1016 3426 causa,
1068 3361 1241 3409 anno
1299 3340 1499 3428 1840,
1556 3340 1647 3408 sic
1682 3336 2150 3407 adnotabatur:
2202 3363 2237 3404 «
2266 3337 2449 3408 Nihi-

155 3482 197 3522 α
229 3456 528 3525 lominus
586 3457 910 3548 explicant
961 3457 1248 3527 doctores
1278 3510 1298 3543 ,
1347 3457 1543 3527 etiam
1599 3455 2120 3525 dissentientibus
2174 3457 2451 3548 parocho

155 3599 193 3640 «t
219 3580 292 3641 et
347 3564 674 3656 Antistius,
735 3593 924 3664 posse
965 3573 1297 3642 interdum
1356 3571 1435 3640 ad
1491 3571 1949 3642 construendas
1998 3571 2295 3670 ecclesias
2350 3569 2451 3636 vel

153 3713 190 3752 ι(
215 3688 504 3756 oratoria
533 3687 796 3777 publica
837 3688 1148 3758 deveniri.
1183 3686 1352 3756 Cum
1389 3685 1568 3757 enim
1616 3687 1875 3755 nullum
1916 3685 2091 3754 aliud
2120 3686 2231 3774 jus
2270 3703 2451 3751 com-

146 3829 188 3868 «.
223 3806 410 3890 petat
447 3803 756 3890 parocho,
805 3823 1005 3893 quam
1062 3802 1284 3871 tuendi
1313 3803 1465 3888 jura
1502 3823 1622 3871 sua
1668 3801 2083 3894 parochialia,
2136 3797 2239 3864 his
2284 3819 2453 3887 prae-

152 3943 190 3982 «
225 3916 532 4000 servatis,
575 3918 836 3986 nullum
890 3917 1088 4009 ipsius
1130 3938 1515 3988 consensum
1558 3917 1803 4008 requiri
1834 3915 2133 3986 firmatur
2158 3934 2272 4005 per
2296 3911 2451 3981 Car-

152 4057 192 4096 «
217 4029 527 4100 dinalem
549 4029 732 4102 Petra
775 4031 880 4123 (ad
907 4031 1123 4102 Const.
1158 4032 1483 4102 Paschalis
1520 4031 1609 4122 Il,
1652 4037 1809 4102 sect.
1848 4038 1913 4114 1,
1955 4053 2023 4098 n.
2068 4029 2151 4097 16
2181 4035 2243 4096 et
2286 4049 2451 4118 seq„

155 4172 194 4212 et
225 4153 393 4215 tom.
429 4147 494 4238 1)
525 4172 542 4229 ;
570 4157 633 4217 et
660 4148 988 4239 colligitur
1019 4169 1094 4217 ex
1122 4155 1295 4217 textu
1324 4153 1392 4218 in
1419 4169 1663 4219 canone
1694 4147 2106 4236 Quicunque,
2142 4144 2251 4228 16,
2283 4165 2351 4233 q.
2390 4145 2453 4209 1.

153 4289 194 4328 α
225 4259 590 4356 Episcopus
651 4284 832 4352 vero,
896 4262 1208 4354 quoniam
1252 4265 1447 4353 justis
1513 4271 1575 4334 et
1634 4260 2125 4334 rationabilibus
2176 4280 2461 4330 concur-

162 4404 203 4445 «
231 4378 534 4449 rentibus
581 4380 794 4450 causis
839 4401 1174 4450 assensum
1236 4402 1431 4450 suum
1485 4381 1801 4471 denegare
1858 4397 1987 4446 non
2048 4383 2275 4470 potest,
2322 4376 2459 4466 jam
