2834 4959
1125 360 1278 409 PARS
1325 361 1587 420 015on
2363 351 2447 410 55
2458 355 2485 411 1

209 492 294 558 iu
329 485 593 578 magnis
635 483 1003 554 seminariis
1043 481 1366 572 ejusmodi
1413 481 1868 554 donationibus
1906 489 1973 552 et
2006 482 2497 554 fundationibus

233 605 348 692 (les
386 599 680 694 bourses)
709 601 1019 684 utuntur,
1049 595 1517 668 affirmandum
1566 598 1779 690 primo
1802 596 1970 668 mihi
1998 597 2211 667 visum
2240 597 2449 668 fuerat
2476 625 2509 670 :-

213 724 285 789 at
315 723 536 810 postea
577 737 718 786 rcm
773 713 1080 784 attentius
1123 713 1529 804 perpendens
1578 712 1815 784 dubius
1869 712 2051 782 haesi.
2096 711 2503 808 Quapropter

213 835 474 921 virum,
521 831 866 924 prudentia
909 852 1092 922 mque
1130 850 1208 900 ec
1246 829 1547 900 doctrina
1572 829 1934 921 insignem,
1970 830 2353 900 sententiam
2386 849 2499 901 ro-

216 948 418 1039 gavi3
455 948 566 1038 qui
593 949 844 1039 putavit
865 945 1054 1016 dictis
1072 946 1429 1039 juvenibus
1472 945 1649 1014 haud
1677 944 1989 1035 proecludi·
2026 945 2313 1016 liberum
2348 945 2503 1016 reli-
2582 1027 2587 1032 ⁸

215 1063 436 1154 gionis
462 1063 742 1144 aditum3
777 1064 848 1130 in
881 1083 1028 1132 eam
1058 1063 1443 1154 opinionem
1479 1058 1895 1132 vehementer
1924 1061 2177 1155 impelli
2216 1083 2285 1132 se
2333 1083 2499 1134 esse-

217 1199 397 1265 rens,
428 1201 504 1248 ex
525 1179 678 1248 istis
717 1177 1083 1248 rationibus
1137 1199 1154 1246 ε
1201 1179 1268 1246 1·
1311 1177 1520 1248 dictoe-
1538 1176 1973 1248 obventiones
2022 1175 2104 1248 iis
2151 1179 2507 1272 juvenibus

224 1315 358 1362 nen
403 1301 758 1385 erogantur
799 1314 956 1364 cum
1015 1313 1091 1364 ee
1136 1293 1507 1363 conditione
1548 1299 1647 1380 ut,
1696 1295 1753 1363 si
1800 1293 1959 1364 forte
1984 1293 2245 1366 ordines
2286 1317 2507 1368 sacros

221 1427 359 1478 non
387 1399 766 1498 suscipiant,
802 1411 886 1480 ad
941 1409 1415 1480 restitutionem
1469 1414 1849 1490 teneantur;
1876 1409 1987 1478 sed
2022 1410 2307 1481 liberum
2351 1413 2509 1504 ipsis

223 1527 326 1592 est
367 1525 437 1592 in
499 1525 711 1595 laicali
761 1525 1132 1596 conditione
1181 1545 1491 1612 manere;
1530 1532 1594 1594 et
1632 1545 1853 1594 revers
1898 1525 2117 1616 plures
2163 1531 2509 1616 quotannis

225 1639 495 1710 ineundi
539 1640 857 1711 clericalis
893 1646 1095 1712 status
1135 1639 1487 1711 consilium
1526 1639 1857 1729 deserunt,
1885 1643 2049 1732 quin
2090 1643 2175 1712 ab
2212 1629 2369 1735 ipsis
2396 1645 2511 1714 do-

223 1760 476 1827 natores
516 1749 882 1848 quidquam
915 1777 990 1825 ex
1029 1754 1281 1846 justitia
1319 1759 1633 1846 repetant.
1673 1758 1743 1822 2⁰
1774 1754 1943 1824 Cum
1983 1756 2321 1827 donatores
2356 1779 2512 1829 con-

219 1874 530 1953 sentient,
559 1877 652 1943 ut-
683 1872 781 1940 iili
832 1875 1100 1962 juvenes
1127 1871 1453 1958 laicalem,
1484 1865 1541 1939 si
1582 1869 1874 1956 libuerit,
1904 1871 2335 1942 conditionem
2384 1871 2509 1942 eli-

220 1988 406 2072 gant,
453 2002 492 2049 e
546 1980 794 2050 fortiori
842 1982 1272 2073 praesumendi
1327 1988 1482 2050 sunt
1528 1981 1891 2050 consentire
1935 1988 2009 2050 ut
2064 1987 2300 2051 stetum
2354 1983 2509 2052 reli·

219 2098 486 2184 gionun
531 2095 1004 2186 ingrediantur.
1051 2095 1124 2168 3·
1169 2098 1451 2167 Intentio
1478 2117 1717 2188 nempe
1739 2096 2137 2168 donatorum
2178 2097 2251 2166 in
2290 2095 2505 2168 Gallia

218 2209 478 2282 videtur
507 2231 656 2280 esse
717 2213 1104 2301 genet-atim,
1132 2219 1206 2282 ut
1249 2211 1661 2304 provideatur
1708 2211 1797 2282 de
1846 2213 2081 2302 majori
2122 2212 2512 2284 clericorum·

221 2347 524 2396 nutriero.
573 2327 864 2398 Intentus
901 2335 1120 2398 autem
1151 2329 1262 2398 ille
1289 2345 1537 2421 scopus·
1572 2328 1933 2418 obtinetur,
1960 2329 2211 2398 etiamsi
2254 2313 2331 2400 ei
2376 2331 2509 2400 illis

216 2441 576 2532 juvenibus
621 2443 1008 2530 nonnullos,
1057 2465 1192 2513 non
1233 2444 1555 2532 saeculari,
1597 2445 1705 2515 sed
1751 2445 2043 2536 regulari
2070 2445 2241 2515 clero
2265 2467 2503 2517 nomen

218 2559 374 2628 dare
397 2560 752 2650 contingat.
789 2558 1127 2650 Reguleris
1148 2562 1330 2628 enim
1355 2560 1568 2628 clerus
1592 2581 1724 2628 non
1751 2562 1819 2628 in
1848 2561 2168 2631 minorem
2201 2561 2504 2634 Ecclesiae

217 2663 560 2744 utilitatem
595 2675 798 2760 cedit,
825 2693 1024 2764 quam
1081 2674 1430 2743 saecularis.
1468 2673 1539 2740 4⁰
1588 2671 1723 2741 Nec
1774 2672 2027 2743 dicatur
2066 2678 2256 2744 statui
2292 2677 2500 2747 'dictes

215 2789 674 2860 subventiones
715 2789 1136 2859 determinate
1179 2789 1394 2881 quoad
1436 2808 1970 2878 unamquamque
2012 2788 2379 2880 dioecesim3
2414 2795 2495 2862 ita

213 2913 294 2976 nt
339 2911 594 2996 erogata
617 2907 688 2976 in
727 2906 950 2996 eliqua
989 2905 1272 2974 dioecesi·
1295 2905 1507 2996 quoad
1552 2903 1619 2973 id
1664 2901 1968 2995 pecunia,
2010 2904 2088 2971 ad
2118 2907 2491 2992 eugendum

211 3017 443 3110 hujus,
469 3025 535 3088 et
580 3041 716 3090 non
765 3019 1028 3090 alterius
1057 3019 1350 3092 dioeees'is
1395 3019 1648 3089 clerum
1696 3016 2085 3098 destinetur3
2142 3017 2497 3108 migrantes

211 3141 440 3205 autem
473 3137 556 3206 ad
599 3136 896 3227 religiosa
941 3143 1170 3223 cestra,
1203 3135 1593 3227 plerum-que
1614 3133 1809 3203 etiem
1846 3153 1883 3204 e
1904 3132 2161 3202 dioecesi
2184 3133 2489 3222 migrare.

211 3249 392 3321 Nem
431 3250 888 3342 respondetur,
923 3271 968 3320 a·
1010 3249 1445 3341 regularibus,
1476 3253 1699 3341 utpote
1758 3270 1874 3340 per
1932 3247 2139 3318 varias
2188 3249 2499 3321 dioeceses

213 3365 639 3456 apostolicam
694 3385 959 3457 operam
1012 3366 1427 3452 navantibus,
1469 3365 1760 3456 praestari
1814 3363 1989 3453 quod
2042 3363 2497 3438 intendebatur

213 3478 322 3548 illi
347 3481 542 3549 etiam
579 3481 866 3566 dioecesi,
899 3501 938 3548 e
977 3503 1114 3571 qua
1153 3481 1310 3551 dicti
1346 3484 1625 3571 juvenes
1661 3479 1741 3549 ed
1794 3477 2174 3548 novitiatum
2218 3481 2493 3569 digressi

211 3600 396 3664 sunt.
419 3595 550 3667 Pro
568 3596 696 3666 illis
717 3597 896 3665 enim
918 3597 1297 3686 juvenibus,
1325 3603 1559 3688 praesto
1594 3600 1746 3665 sunt
1764 3595 1875 3664 alii
1888 3593 2204 3684 religiosi,
2228 3595 2492 3664 aliunde

205 3710 506 3799 oriundi,
537 3729 700 3801 qnos
725 3711 852 3780 sibi
879 3711 950 3778 in
984 3711 1306 3780 auxilium
1331 3711 1533 3802 hujus
1554 3711 1847 3780 dioecesis
1871 3709 2222 3802 Episcopus
2264 3729 2493 3780 vocare

207 3830 434 3916 queat.
477 3825 570 3894 Ex
607 3847 740 3916 quo
786 3827 860 3894 tit
904 3827 1074 3896 inter
1115 3825 1326 3896 varias
1369 3827 1673 3898 dioeceses
1702 3828 2137 3918 compensatio
2160 3826 2485 3915 quaedam,

203 3959 368 4028 quae
393 3938 779 4010 donatorum
807 3937 1150 4010 intentioni
1176 3941 1366 4031 plene
1411 3941 1773 4011 satisfecere
1801 3940 2117 4010 censenda
2167 3946 2284 4010 est.
2322 3939 2489 4012 Cum

199 4054 394 4123 enim
433 4055 770 4125 donatores
797 4056 900 4125 illi
923 4061 1210 4124 mentem
1237 4077 1425 4126 suem
1448 4056 1871 4126 determinate
1918 4075 2051 4124 non
2094 4055 2487 4144 expriment,

209 4171 448 4238 merito
494 4179 986 4262 praesumuntur
1033 4173 1248 4263 potius
1302 4172 1637 4242 intendere
1686 4170 1861 4263 quod
1914 4169 1984 4238 in
2029 4171 2329 4258 generale
2372 4171 2489 4240 bo-

205 4305 382 4355 num
411 4287 605 4373 cedit,
648 4293 845 4378 atque
895 4288 964 4356 in
1006 4290 1322 4378 majorem
1370 4290 1746 4358 animarum
1776 4285 2143 4357 utilitatem.
2178 4285 2363 4358 Unde
2391 4289 2491 4380 ip-

201 4425 440 4475 sorum
494 4403 850 4474 intentione
891 4422 1022 4474 non
1067 4403 1348 4493 excludi,
1380 4404 1491 4474 sed
1530 4401 1745 4496 potius
1783 4400 2034 4472 includi
2060 4403 2376 4474 censenda
2398 4408 2493 4478 est
