2834 4959
429 324 552 376 154
999 326 1338 374 TRACTATUS
1383 327 1464 372 m:
1510 327 1658 374 mm:
1706 323 2123 374 REGULARmu.

425 450 706 520 caruisse
759 473 780 534 3
825 467 976 515 cum
1022 446 1270 537 privata
1307 447 1440 516 vita
1490 445 1815 535 religiosi.
1830 449 2031 512 status
2096 442 2525 514 substantiam
2567 468 2675 517 non

423 560 742 630 excludat.

511 675 702 758 Quod
779 681 994 744 autem
1053 675 1425 744 communis
1480 673 1745 742 habitus
1791 671 2163 741 nullatenus
2222 661 2303 742 ad
2370 677 2672 746 essentiam

425 801 622 862 status
642 791 926 881 religiosi
953 793 1290 882 pertineat,
1323 811 1441 882 per
1486 811 1553 858 se
1574 795 1746 881 patet
1777 812 1795 858 ε
1827 788 1965 856 imo
1992 787 2195 856 etiam
2224 787 2417 859 hodie
2470 790 2673 862 dantur

427 910 561 978 veri
602 906 889 997 religiosi
926 904 1138 997 (verbi
1177 905 1385 994 gratia
1424 903 1741 973 societatis
1768 902 2006 993 Iesus),
2034 903 2155 994 qui
2184 923 2267 972 ex
2292 904 2574 974 instituto
2608 911 2669 976 ad

429 1023 696 1092 nullum
723 1029 977 1092 certum
1007 1020 1312 1090 habitum
1346 1025 1673 1089 tenentur.
1733 1020 1949 1109 Atque
1972 1039 2011 1086 a
2049 1014 2307 1088 fortiori
2352 1019 2433 1089 ad
2474 1027 2671 1091 statum

426 1139 805 1228 religiosum
825 1135 1182 1206 necessaria
1207 1155 1340 1204 non
1383 1141 1479 1204 est
1503 1135 1639 1202 ulla
1684 1133 2057 1214 communis
2098 1135 2491 1204 exercitatio.
2522 1135 2670 1205 Unde

427 1271 688 1342 prorsus
730 1250 966 1339 nugari
1014 1248 1184 1316 mihi
1235 1247 1539 1316 videntur
1584 1248 1927 1338 scriptores
1969 1245 2096 1330 illi,
2150 1248 2271 1336 qui
2316 1252 2390 1338 ut
2442 1249 2668 1337 probent

427 1371 575 1434 ante
595 1399 602 1406 ·
625 1357 930 1455 quartum
985 1363 1298 1432 saeculum
1351 1362 1531 1432 haud
1586 1361 1893 1432 exstitisse
1934 1360 2277 1452 religiosos
2322 1362 2563 1454 proprie
2586 1363 2666 1430 di-

429 1487 589 1558 ctoS,
617 1479 864 1566 ingenti
911 1477 1294 1547 eruditionis
1321 1476 1492 1546 mole
1532 1476 1915 1568 persuadere
1960 1482 2314 1565 conantur,
2375 1476 2532 1547 dicto
2570 1499 2665 1548 sae-

427 1594 577 1662 culo
629 1593 935 1662 duntaxat
989 1592 1260 1684 reperiri
1323 1592 1619 1662 virorum
1674 1613 1751 1661 ac
1822 1592 2188 1661 mulierum
2275 1601 2483 1682 coetus,
2536 1595 2658 1661 vitae

433 1710 808 1780 communis
858 1707 1122 1776 vinculo
1171 1706 1631 1795 adunatorum,
1701 1707 2075 1796 religiosam
2144 1707 2351 1777 vitam
2412 1728 2666 1800 expresse

435 1825 901 1915 profitentium,
940 1843 1015 1891 ac
1035 1821 1159 1892 sub
1182 1821 1410 1924 eodem
1443 1823 1698 1912 habitu,
1754 1822 2187 1912 ejusdemque
2246 1822 2486 1894 Praelsti
2523 1822 2662 1912 regi-

429 1943 632 2024 mine,
665 1939 900 2008 iisdem
954 1937 1242 2029 quotidie
1293 1939 1482 2008 certis
1520 1939 1699 2008 horis
1726 1938 2227 2008 recurrentibus
2256 1939 2548 2008 exercitiis
2572 1957 2662 2002 va-

429 2056 740 2124 cantium.
812 2053 962 2123 Esto
1022 2060 1251 2144 quarto
1324 2055 1633 2123 duntaxat
1678 2054 1913 2123 saeculo
1976 2055 2124 2124 haec
2172 2055 2457 2148 religiosi
2502 2057 2656 2122 status

429 2171 636 2238 forma
689 2171 992 2261 usurpari
1040 2171 1307 2261 coeperit
1335 2171 1539 2261 :quid
1595 2169 1749 2240 inde
1768 2173 1801 2236 ⁴?
1825 2169 2115 2251 Quaestio
2160 2178 2259 2241 est
2312 2191 2469 2240 num
2512 2174 2654 2236 antea
2750 2163 2752 2174 '

429 2286 565 2354 veri
617 2284 898 2375 religiosi
953 2285 1334 2372 exstiterint,
1401 2287 1719 2355 diversam
1781 2287 1929 2356 licet
1978 2287 2247 2358 vivendi
2289 2289 2545 2358 formam
2580 2303 2657 2350 se·

431 2405 696 2468 etantes.

520 2515 772 2584 Rasum
791 2512 924 2583 111⁸.
949 2551 1041 2566 —
1065 2513 1468 2606 Neqandum
1490 2521 1627 2584 non
1652 2527 1747 2584 est
1758 2516 1987 2607 priori
1993 2516 2113 2586 bus
2136 2516 2655 2602 Ecclesioetempo-

429 2629 610 2698 n’bus
629 2651 814 2698 veros
835 2631 1155 2700 exstitisse
1177 2628 1542 2722 reliqiosos‚
1572 2654 1653 2700 ex
1680 2654 1753 2700 eo
1776 2629 1959 2722 quod
1998 2643 2159 2702 tunc
2184 2655 2319 2722 non
2341 2627 2651 2702 exstiterint
2748 2621 2750 2656 ²

431 2745 740 2814 monachi
802 2745 1080 2836 proprie
1153 2742 1338 2832 dicti,
1395 2757 1518 2814 aut
1578 2746 1851 2838 proprie
1908 2746 2083 2816 dicti
2135 2747 2553 2818 anachoreta».
2590 2775 2653 2792 -

428 2867 687 2938 Etenim
725 2868 1200 2938 monachorum
1241 2871 1510 2938 nomine
1540 2869 1797 2938 eosdem
1849 2869 2059 2943 solent
2104 2872 2441 2963 scriptores
2464 2859 2650 2935 intelli-

429 3005 578 3073 gere
605 3007 680 3052 ac
711 2985 1083 3073 coenobitas,
1129 3006 1244 3055 seu
1287 3007 1715 3055 communem
1758 2985 1882 3054 sub
1934 2986 2163 3055 eodem
2214 2986 2544 3078 superiore,
2566 2999 2645 3045 eo-

427 3096 708 3188 demque
735 3098 898 3186 loco,
939 3101 1138 3168 vitam
1173 3100 1500 3188 degentes.
1542 3101 1761 3190 Atque
1814 3121 1921 3170 eos
1954 3099 2565 3189 contradistinguunt
2583 3089 2646 3158 ab
2746 3149 2748 3176 ,

431 3212 850 3284 anachoretis.
888 3213 1020 3283 Hos
1033 3220 1250 3283 autem
1285 3216 1546 3307 proprie
1562 3235 1669 3284 eos
1688 3235 1823 3286 esse
1862 3214 2115 3298 dicunt,
2144 3213 2260 3307 qui
2288 3235 2418 3284 non
2445 3213 2645 3278 tantum

432 3326 728 3416 dispersi,
779 3331 886 3398 sed
947 3337 1010 3400 et
1042 3330 1272 3422 procul
1321 3331 1404 3398 ab
1441 3331 1695 3422 oppidis
1736 3339 1799 3400 et
1834 3333 2042 3422 pagi5‚
2069 3331 2143 3400 in
2171 3329 2428 3400 desertis
2466 3336 2647 3406 nempe

430 3442 591 3512 locis
647 3451 1004 3514 morantur.
1083 3444 1282 3516 Porro
1333 3445 1414 3515 ad
1460 3452 1657 3516 status
1712 3447 1997 3537 religiosi
2040 3447 2381 3518 essentiam
2420 3459 2539 3510 non
2570 3451 2645 3500 re-

429 3559 606 3650 quiri
631 3559 830 3628 vitsm
856 3531 1328 3646 coenobiticam,
1358 3565 1499 3653 jam
1530 3564 1945 3634 ostendimus.
1988 3562 2117 3634 Sed
2164 3582 2371 3652 neque
2418 3545 2643 3643 requiri-

431 3682 537 3742 tur
576 3680 651 3743 ut
697 3676 1035 3766 religiosus
1081 3678 1281 3749 vitam
1330 3683 1478 3767 agat
1546 3678 1773 3768 procul
1814 3699 1852 3747 a
1904 3678 2063 3747 locis
2114 3675 2428 3754 habitatis,
2480 3661 2644 3758 potius

431 3811 630 3880 quam
660 3791 829 3860 intra
851 3791 953 3860 vel
1005 3813 1204 3883 prope
1245 3791 1385 3862 loca
1413 3793 1550 3862 illa.
1583 3793 1768 3864 Hanc
1798 3795 2122 3864 nimirum
2155 3779 2641 3862 circumstantiam
2744 3821 2746 3848 =

431 3925 566 3974 esse
596 3905 677 3974 de
709 3913 908 3976 status
967 3906 1253 3997 religiosi
1293 3907 1653 3980 substantia
1695 3929 2038 4000 nunquam
2092 3905 2496 4002 probabitur;
2530 3908 2636 3965 1²0⁶,

431 4025 606 4114 quod
634 4027 861 4109 sciam,
893 4025 1222 4098 contendit
1251 4027 1452 4098 ullus.
1485 4027 1671 4098 Unde
1726 4036 2017 4099 remanet
2054 4027 2329 4121 potuisse
2375 4012 2641 4114 prioribus

436 4137 734 4209 Ecclesiae
786 4142 1189 4235 temporibus
1237 4145 1505 4214 existere
1555 4165 1739 4214 veros
1766 4145 2127 4236 religiosos,
2159 4143 2273 4234 qui
2318 4155 2431 4207 nec
2473 4139 2639 4198 οωῦθ·

433 4259 581 4330 hitae
607 4267 838 4348 essent5
883 4283 1003 4334 nec
1049 4264 1473 4334 anachoretas.
1525 4263 1890 4336 Potuerunt
1926 4265 2273 4357 siquidem,
2321 4261 2439 4326 t⁰¹⁸
2466 4259 2638 4317 κω·
2742 4337 2744 4354 2

433 4383 626 4444 nente
659 4381 862 4444 status
907 4377 1191 4468 religiosi
1241 4379 1618 4457 substantia,
1648 4388 1712 4450 et
1762 4382 1961 4451 vitam
2012 4381 2321 4472 privatam
2362 4380 2548 4458 agere,
2592 4353 2637 4418 ⁶²
2742 4391 2744 4406 ²
