2834 4959
451 343 578 402 1⁴0
1018 351 1360 399 moruus
1399 351 1479 398 nn
1520 351 1671 399 mas
1714 349 2130 400 assummum.

442 473 716 562 ligiones
783 469 1287 542 constituuntur.
1363 469 1550 540 Unde
1614 469 1967 539 dicendum
2034 475 2130 538 est
2150 523 2169 554 ,
2252 489 2497 537 necesse
2560 489 2665 536 non

443 587 635 656 fuisse
669 593 744 656 ut
783 587 930 676 quis
970 605 1038 655 se
1085 585 1298 654 alicui
1333 583 1609 677 speciali
1642 585 1944 654 societati
1974 584 2294 654 addiceret
2330 590 2509 674 atque
2548 589 2668 650 actu

443 700 742 786 traderet,
795 699 904 770 sed
949 699 1276 770 suffecisse
1319 707 1392 768 ut
1422 693 1690 788 publico
1724 699 2011 788 quodam
2058 697 2299 767 indicio
2341 685 2668 766 manifesta·

441 821 538 886 ret
579 837 644 883 se
689 811 913 885 divino
953 814 1263 906 obsequio
1303 815 1747 905 mancipatum
1780 834 1919 884 esse
1958 838 1977 883 z
2020 835 2151 904 quo
2180 815 2318 904 ipso
2360 811 2671 904 pertinebat

440 928 522 999 ad
569 928 958 1022 reliqiosum
999 941 1282 1012 statum,
1331 930 1404 997 in
1452 949 1659 1019 eoque
1704 949 2109 1020 perseverare
2154 917 2529 1006 tenebatur;
2576 947 2668 993 nec

445 1051 661 1115 tamen
709 1059 884 1115 certo
917 1045 1212 1115 coenobio
1253 1057 1527 1116 eertoeve
1562 1046 1817 1138 requloe
1856 1045 2116 1115 subesse
2158 1045 2446 1132 debebat,
2480 1043 2593 1132 nisi
2618 1041 2671 1106 in

445 1168 763 1252 quantum
801 1183 935 1231 sese
977 1164 1059 1231 ad
1101 1161 1228 1230 hoc
1275 1162 1494 1252 ipsum
1546 1165 1772 1251 sponte
1810 1147 2175 1252 obligasset.
2210 1161 2421 1251 Atque
2456 1160 2531 1228 ad
2578 1159 2673 1226 hoc

447 1285 848 1366 postremum
887 1277 1160 1347 refertur
1199 1275 1270 1346 S.
1307 1275 1631 1346 Benedicti
1678 1277 1926 1345 sanctio
1966 1277 2047 1344 de
2092 1277 2457 1346 stabilitate
2498 1297 2533 1342 a
2568 1273 2672 1342 suis

445 1395 782 1464 monachis
841 1381 1300 1485 premittenda,
1365 1413 1501 1483 qua
1554 1391 1876 1461 nimirum
1946 1393 2309 1463 vitarentur
2360 1392 2675 1481 frequentes

447 1507 578 1578 illae
633 1509 711 1577 de
785 1509 1170 1578 monasterio
1226 1507 1310 1576 ad
1364 1507 1837 1576 monasterium
1898 1509 2531 1599 transmigrationes:
2578 1524 2676 1572 nec

447 1621 616 1691 inter
656 1628 900 1692 veteres
947 1622 1421 1692 monachorum
1470 1621 1867 1712 legislatores
1923 1623 2035 1692 alii
2090 1625 2515 1714 reperiuntur,
2538 1639 2677 1708 prae-

447 1741 544 1804 ter
605 1737 950 1825 Isidorum,
1007 1737 1356 1808 Aurelium
1415 1736 1711 1828 (fortasse
1763 1737 2227 1832 Aurelianum)
2284 1747 2347 1810 et
2396 1737 2677 1808 Fructuo-

449 1869 620 1938 sum,
695 1853 812 1944 qui
837 1861 856 1880 ·
893 1854 1066 1924 idem
1137 1874 1210 1922 ao
1275 1850 1665 1922 Benedictus
1730 1851 1811 1922 de
1864 1852 2206 1924 stabilitate
2268 1849 2675 1924 decreverint:

449 1974 644 2057 prout
682 1971 968 2060 apposite
1018 1968 1375 2039 observavit
1411 1989 1782 2059 anonymus
1826 1967 2053 2039 Gallus
2102 1971 2327 2040 soeculi
2360 1991 2467 2054 ιιι,
2495 1969 2679 2034 auctor

451 2088 754 2152 tractatus
826 2086 906 2155 de
974 2084 1370 2175 professione
1387 2084 1920 2166 ‘monachor-um,
1978 2105 2015 2154 a
2060 2083 2378 2156 Martenio
2425 2083 2677 2173 primum

371 2207 380 2218 ·
453 2199 622 2286 typis
670 2196 914 2284 vulgati
965 2195 1082 2287 (1).
1127 2195 1364 2266 Statuit
1413 2195 1681 2287 insuper
1736 2197 1803 2266 S.
1852 2195 2243 2270 Benedictus
2296 2197 2571 2289 regulam
2618 2189 2679 2258 de

465 2311 808 2380 monachis
853 2313 1166 2382 extraneis
1211 2313 1376 2380 inter
1415 2331 1595 2399 suos,
1624 2319 1870 2382 servata
1912 2313 2130 2384 debita
2172 2315 2444 2395 cautela,
2480 2307 2679 2379 admit·

453 2423 658 2494 tendis
713 2426 854 2517 (2)=
912 2427 1054 2516 qui,
1116 2425 1291 2517 quod
1347 2433 1763 2496 censerentur
1806 2430 2205 2522 jampridem
2256 2431 2495 2502 vovisse
2536 2443 2679 2514 quae·

454 2561 716 2630 cunque
767 2541 850 2610 ad
903 2541 1221 2632 religiosas
1275 2542 1421 2612 vitae
1488 2544 1911 2614 substantiam
1964 2546 2401 2636 pertinebant,
2450 2537 2677 2634 sponde·

453 2653 611 2723 bant
653 2656 1061 2726 solummodo
1116 2657 1527 2736 stabilitatem
1580 2659 1705 2728 sub
1745 2659 1867 2729 hac
1914 2660 2198 2732 similive
2246 2660 2516 2733 formula
2562 2653 2677 2744 (3)=

461 2797 498 2838 «
524 2769 661 2861 Ego
710 2772 792 2844 N.
851 2773 1114 2843 veniens
1163 2774 1242 2842 de
1279 2774 1661 2864 longinquis
1716 2776 2073 2868 provinciis
2113 2777 2187 2845 in
2240 2779 2366 2848 hoc
2411 2776 2683 2845 monaste·

460 2913 496 2952 (ι
526 2887 730 2976 rium,
801 2890 952 2980 quia
1013 2889 1257 2982 placuit
1331 2889 1503 2958 mihi
1565 2893 1965 2980 conversatio
2018 2891 2299 2962 fratrum
2355 2892 2530 2963 istius
2586 2881 2681 2952 loci

461 3025 498 3063 «
533 3007 596 3068 et
641 3001 768 3070 illis
809 3002 1052 3092 placuit
1091 3023 1235 3071 mea
1285 3005 1710 3086 conversatio,
1736 3004 1882 3074 ideo
1924 3005 2342 3076 stabilitatem
2390 3023 2585 3076 meam
2628 3001 2681 3064 in

464 3139 498 3178 α
525 3113 649 3184 hoc
693 3119 1106 3204 monasterio,
1131 3139 1244 3208 per
1282 3119 1453 3186 hanc
1498 3119 1891 3211 scripturam
1936 3141 2140 3190 manu
2198 3143 2349 3192 mea
2388 3121 2681 3210 scriptam,

468 3253 500 3294 α
529 3240 904 3321 perpetuam
923 3233 1264 3304 confirmo.
1297 3257 1333 3299 n
1719 3218 1726 3229 ’

545 3343 743 3413 Porro
777 3369 1142 3440 anonymus
1175 3347 1288 3418 ille
1342 3349 1536 3420 modo
1584 3350 1879 3422 laudatus
1930 3359 2063 3422 tam
2107 3355 2365 3425 erudite
2412 3355 2492 3423 de
2531 3370 2597 3419 eo
2632 3345 2684 3411 in

453 3479 586 3548 quo
655 3481 988 3532 versamur
1055 3472 1441 3554 argumento
1527 3464 1833 3556 disputat,
1902 3473 1974 3536 ut
2036 3490 2229 3559 opere
2285 3467 2561 3559 pretium
2626 3455 2688 3524 sit

455 3573 672 3664 aliqua
739 3597 815 3646 ex
862 3577 1001 3668 ejus
1047 3584 1318 3648 tractatu
1373 3601 1734 3671 excerpere.
1814 3579 2038 3651 Tradit
2108 3582 2437 3675 imprimis
2482 3583 2690 3648 veteres

455 3693 804 3762 monachos
856 3713 1078 3762 omnes
1125 3715 1382 3786 semper
1436 3717 1699 3765 morum
1748 3697 2244 3768 conversionem
2298 3705 2361 3767 et
2410 3693 2689 3766 obedien·-

456 3806 641 3893 tiam,
689 3809 1072 3901 priusquam
1121 3809 1585 3902 reciperentur,
1642 3814 2053 3904 promisisse3
2106 3816 2519 3904 sponsionem
2572 3821 2689 3872 vers)

461 3920 540 3990 de
585 3923 923 3994 stabilitate
967 3945 1100 3994 non
1151 3924 1236 3993 ab
1289 3925 1597 3995 omnibus
1652 3927 1886 3998 factam
1933 3929 2148 4013 tuisse,
2192 3928 2305 3998 sed
2358 3947 2395 3997 a
2458 3921 2691 4016 quibus·

525 4125 681 4188 (ube
700 4129 862 4194 antiq.
896 4128 1040 4182 Eccl.
1079 4129 1201 4193 rit.,
1221 4133 1344 4181 tom.
1369 4131 1417 4194 3,
1443 4145 1504 4195 p.
1537 4134 1599 4182 65
1627 4137 1679 4183 et
1710 4145 1850 4198 seqq.

524 4217 585 4281 (2)
607 4215 729 4281 cap.
762 4222 840 4272 61.

526 4306 592 4368 (3)
619 4303 870 4368 nahmen,
899 4309 1086 4362 Annal.
1123 4311 1246 4362 Ord.
1273 4309 1327 4363 S.
1359 4311 1511 4373 Ben..
1540 4317 1670 4365 tom.
1710 4318 1755 4376 1,
1795 4315 1831 4366 1.
1872 4321 1920 4380 8,
1960 4329 2012 4369 n.
2059 4321 2137 4378 18,
2166 4315 2220 4371 d.
2268 4319 2379 4380 196,
2410 4313 2530 4366 edit.
2574 4307 2693 4356 Lucu

461 4391 699 4453 martene,
731 4395 1031 4461 commnt„
1054 4413 1112 4463 p.
1139 4403 1249 4450 8⁰2.
