2834 4959
1128 368 1280 417 PARS
1325 368 1584 427 QUARTA.
2362 366 2483 423 629

203 497 428 567 cedere
441 496 586 564 sine
613 494 892 563 licentia
913 492 1328 583 superiorum
1337 512 1365 576 ;
1393 515 1531 561 non
1558 494 2053 577 audiatur-,nisi
2080 496 2270 564 intra
2293 498 2490 586 quin-

203 615 576 709 quennium
617 623 888 681 tantum
937 634 980 679 a
1036 609 1140 679 die
1174 612 1623 703 professionis,
1656 626 1721 681 et
1774 624 1933 681 tunc
1960 636 2093 681 non
2122 615 2325 683 aliter
2356 616 2491 684 nisi

206 752 472 813 causas,
502 752 668 820 quas
682 725 1131 819 proetenderit,
1154 724 1503 794 deduxerit
1528 750 1751 797 coram
1780 731 2117 821 superiore
2141 754 2259 799 suo
2278 743 2343 799 et
2370 735 2491 799 Or-

208 845 500 913 dinario.
527 842 721 928 Quod
741 843 802 911 si
825 855 1024 911 antea
1042 840 1346 909 habitum
1374 856 1607 933 sponte
1631 842 1983 931 dimiserit,
2000 847 2379 915 nullatenus
2401 846 2495 915 ad

211 958 324 1028 all
329 958 658 1051 eqandum
687 978 1149 1049 quamcunque
1177 978 1446 1023 causam
1468 956 1901 1043 admittatur,
1920 960 2035 1028 sed
2058 960 2153 1028 ad
2165 974 2491 1030 monaste-

211 1077 394 1145 rium
425 1074 638 1143 redire
666 1085 964 1164 coyatur,
997 1082 1060 1139 et
1099 1084 1425 1161 tanquam
1464 1086 1782 1164 apostata
1798 1076 2138 1167 puniatur
2153 1096 2181 1161 ;
2214 1076 2489 1145 interim
2566 1114 2575 1123 ·

213 1212 366 1260 vero
391 1192 580 1259 nullo
593 1188 946 1281 privileqio
969 1209 1106 1255 suae
1131 1188 1465 1277 reliqionis
1479 1190 1777 1279 juvetur.

307 1308 404 1377 De
440 1314 608 1377 recte
658 1304 1078 1395 intelligendo
1112 1300 1493 1373 Tridentino
1534 1306 1657 1374 hoc
1691 1306 1967 1391 decreto,
2007 1308 2223 1398 plures
2269 1316 2493 1398 magni

216 1425 534 1493 momenti
601 1422 986 1513 quaestiones
1046 1421 1294 1489 moveri
1350 1420 1578 1488 solent.
1642 1420 1751 1491 Eae
1801 1444 1978 1491 nunc
2033 1424 2485 1514 expendendae.

219 1540 390 1610 Cum
433 1560 586 1609 vero
615 1538 758 1607 aliae
803 1535 1244 1606 difficultatem
1285 1557 1412 1604 non
1461 1535 1721 1621 faciant,
1759 1537 1901 1607 aliae
1926 1558 2077 1606 vero
2116 1545 2492 1609 controver-

217 1661 462 1733 tantur,
539 1656 788 1747 priores
875 1654 1182 1722 duntaxat
1259 1651 1381 1720 sub
1446 1653 1744 1743 praesenti
1823 1654 2030 1745 capite
2107 1652 2428 1722 solvemus
2471 1679 2487 1723 :

219 1776 482 1839 caeteras
554 1775 766 1839 autem
837 1767 918 1837 ad
989 1768 1197 1860 capita
1273 1767 1607 1857 sequentia
1670 1767 2013 1857 sejunctim
2088 1768 2495 1837 excutiendas

224 1884 626 1974 rejiciemus.

317 1998 606 2079 Omns-no
619 1998 695 2066 1⁸.
710 2000 922 2067 —An
929 2000 1050 2091 jus
1069 1997 1479 2067 reclamandi
1499 2010 1731 2067 contra
1745 1997 2041 2065 valorem
2063 1999 2497 2087 professionis

235 2126 376 2182 tam
423 2115 848 2199 monialibus,
884 2138 1085 2206 quam
1124 2114 1289 2183 viris
1324 2114 1654 2205 reliqiosis
1686 2116 2071 2203 competat?
2101 2152 2188 2163 -—
2213 2112 2497 2205 Respon-

229 2228 518 2297 dendurn
542 2229 958 2314 affirmative3
994 2231 1147 2319 quia
1175 2250 1294 2297 vox
1324 2228 1690 2320 quicunque
1708 2227 2073 2295 Tridentini
2104 2227 2341 2296 decreti
2362 2237 2493 2296 tam

227 2344 546 2413 masculos
563 2366 759 2433 quam
787 2345 1058 2413 feminas
1074 2344 1597 2437 comprehendit;
1626 2350 1815 2433 atque
1837 2343 1923 2410 ita
1942 2343 2493 2433 interpretandam

224 2479 447 2529 vocem
477 2458 652 2527 illam
681 2465 928 2529 constat
949 2482 1021 2528 ex
1043 2465 1193 2549 Jure
1217 2460 1620 2529 Justinianeo
1644 2460 1809 2550 (lege
1834 2459 1897 2542 1,
1918 2456 1987 2525 ff.
2022 2457 2101 2525 de
2140 2456 2497 2528 Verborum

223 2574 762 2665 siqnifieatione),
796 2574 1004 2666 quoad
1049 2575 1176 2643 hoc
1225 2575 1292 2641 in
1349 2564 1633 2643 Ec'clesia
1672 2580 1950 2664 recept0.
1986 2572 2206 2664 Neque
2237 2573 2368 2641 ulla
2404 2580 2499 2639 est.

227 2690 304 2759 de
346 2690 476 2759 hoc
519 2692 690 2781 apud
739 2692 1028 2759 doctores
1075 2690 1525 2758 controversia.
1572 2688 1645 2757 Id
1692 2690 1959 2779 insuper
2018 2690 2289 2755 omnino
2337 2709 2497 2755 eon-

225 2804 446 2873 firmat
480 2812 780 2874 constans
826 2804 1129 2873 Romana}
1172 2804 1372 2872 curiae
1420 2800 1657 2893 praxis,
1704 2822 1849 2890 quae
1888 2808 2199 2890 tanquam
2245 2807 2497 2867 certum

223 2922 536 3013 supponit
581 2920 894 2989 moniales
931 2922 1126 2989 etiam
1159 2920 1282 2987 sub
1311 2917 1691 2985 Tridentino
1724 2916 1977 2983 decreto
2004 2915 2493 3004 comprehendi.

305 3038 602 3119 Quam-to
627 3035 735 3103 11⁸.
765 3074 854 3087 —
883 3036 988 3103 An
1005 3036 1222 3127 possit
1267 3032 1423 3124 fieri
1470 3030 1865 3099 reclamatio
1912 3029 1993 3098 ob
2042 3052 2503 3121 quamcunque

223 3174 500 3222 causam
522 3154 560 3219 ?
584 3190 674 3202 —
700 3150 1246 3243 Respondendum
1266 3150 1672 3217 affirmative.
1690 3146 2003 3227 Quamvis
2026 3150 2198 3213 enim
2225 3146 2501 3215 Triden-

223 3272 362 3339 tina
417 3268 705 3357 synodus
772 3276 897 3337 tres
953 3268 1260 3335 duntaxat
1326 3284 1551 3332 causas
1606 3264 1983 3354 expresserit
2030 3261 2289 3353 (nempe
2335 3262 2497 3340 vim,

223 3393 480 3453 metum
563 3389 626 3449 et
699 3382 1020 3449 defectum
1070 3380 1321 3468 astatis),
1353 3400 1581 3446 omnes
1619 3383 1835 3445 tamen
1890 3382 2147 3444 caeteras
2210 3397 2502 3465 compre-

223 3498 480 3581 hendit,
513 3504 702 3586 prout
759 3494 1174 3564 manifestum
1234 3494 1483 3561 faciunt
1540 3512 1719 3561 voces
1750 3492 1879 3559 illae
1922 3491 2181 3573 decreti,
2216 3490 2323 3557 vel
2344 3488 2507 3581 quid

225 3612 466 3695 simile,
499 3620 562 3679 et
607 3632 994 3701 quacunque
1036 3609 1116 3677 de
1158 3631 1383 3677 causa.
1413 3608 1627 3697 Atque
1665 3607 1733 3675 id
1788 3610 1985 3674 etiam
2028 3612 2200 3673 extra
2236 3612 2499 3671 contro-

225 3728 506 3796 versiam
558 3734 653 3793 est
691 3726 866 3816 apud
909 3726 1198 3793 doctores
1247 3724 1419 3814 (vide
1448 3720 1882 3803 Reiffenstuel‚
1928 3723 1997 3791 in
2042 3722 2139 3789 tit.
2175 3718 2253 3786 de
2290 3720 2507 3809 Requ-

227 3841 515 3926 laribus,
548 3864 614 3907 n.
655 3840 833 3931 195).

319 3954 608 4036 Quaesruo
630 3954 739 4026 ΙΙΙ·
753 4009 767 4025 .
784 3995 872 4009 -
887 3958 992 4025 An
1021 3956 1389 4023 reclamare
1409 3954 1659 4033 valeat,
1674 3954 1794 4045 qui
1814 3952 2213 4021 auctoritate
2218 3950 2509 4042 propria

229 4068 484 4139 dimisit
503 4069 839 4150 habitum,
869 4071 978 4139 vel
1017 4092 1166 4139 cum
1193 4069 1431 4137 habitu
1452 4066 1747 4135 discessit
1776 4066 2018 4155 absque
2040 4062 2396 4155 superioris
2422 4062 2509 4129 li-

230 4184 456 4252 centia
479 4187 513 4251 Ρ
537 4182 888 4271 —Regula
907 4184 1224 4275 generalis
1239 4192 1358 4263 est,
1379 4184 1579 4271 hujus
1607 4180 2131 4249 reclamationem
2166 4198 2293 4245 non
2326 4196 2509 4267 posse

235 4318 274 4364 a
297 4298 630 4387 judicibus
665 4298 1012 4369 ordinariis
1038 4298 1277 4382 audiri,
1311 4300 1441 4366 nisi
1478 4299 1657 4389 prius
1688 4294 1985 4363 habitum
2022 4292 2513 4382 reassumpserit

235 4416 302 4479 et
359 4418 428 4483 in
469 4414 938 4486 monasterium
995 4414 1278 4483 redierit.
1361 4412 1433 4481 ld
1502 4418 1719 4503 aperte
1784 4410 2095 4481 evincunt
2144 4406 2511 4477 Tridentini
