2834 4959
1089 373 1240 420 PARS
1285 373 1499 420 PRIMA.
2310 368 2336 422 ¹
2358 369 2435 425 15

253 495 313 561 4⁰
335 494 448 562 Vis
487 500 792 564 votorum
847 492 1133 585 praefatos
1191 499 1368 562 actus
1424 495 1773 586 respective
1838 493 2148 563 reddendi
2209 497 2427 570 irritos

39 610 42 641 '
171 615 223 675 et
243 608 579 677 irritabiles
629 607 750 700 (1),
801 630 928 677 non
981 611 1317 678 constituit
1369 609 1864 692 solemnitatem,
1912 609 2034 678 nisi
2090 611 2171 678 sit
2223 611 2422 682 abso-

171 722 326 792 luta.
362 723 622 794 Etenim
655 725 750 793 vis
796 724 908 793 illa
940 731 1232 793 votorum
1273 732 1479 815 posset
1516 745 1650 794 esse
1690 723 1995 792 duntaxat
2020 724 2316 794 relativa
2350 728 2431 797 ad

169 845 436 928 tempus,
483 861 610 928 quo
655 839 994 926 religiosus
1031 838 1195 907 liber
1232 859 1267 905 a
1294 839 1453 907 votis
1494 859 1626 906 non
1684 838 2069 908 dimittatur.
2098 839 2177 908 Et
2228 846 2315 908 ita
2350 843 2431 913 de

165 953 326 1021 facto
370 955 569 1022 existit
612 953 708 1022 vis
735 953 846 1020 illa
875 959 1168 1021 votorum
1199 954 1268 1020 in
1320 953 1613 1021 societate
1656 952 1833 1034 Jesu,
1884 955 2095 1044 quoad
2130 955 2428 1045 quaedam

167 1069 372 1158 ipsius
394 1068 701 1136 membra.
735 1066 904 1156 Nam
927 1067 1468 1138 scholasticorum
1497 1075 1639 1138 vota
1666 1090 1883 1138 revera
1915 1069 2170 1138 irritant
2198 1074 2427 1140 matri·
2548 1123 2555 1134 .

169 1183 454 1253 monium
481 1186 876 1276 subsequens
905 1209 923 1270 ;
952 1193 1094 1255 vota
1119 1195 1335 1254 autem
1365 1183 1823 1276 coadjutorum
1848 1187 2329 1276 formatorum,
2359 1198 2422 1259 et

167 1298 410 1366 irritant
449 1300 943 1368 matrimonium
993 1299 1413 1390 subsequenS,
1462 1307 1524 1368 et
1575 1300 1895 1368 inducunt
1932 1301 2421 1393 incapacitatem

166 1413 452 1502 dominii,
480 1436 596 1483 seu
623 1415 878 1484 irritant
904 1424 1080 1484 actus
1126 1416 1457 1506 quoslibet
1507 1416 1934 1508 proprietatis
1970 1415 2097 1486 Sed
2144 1419 2445 1509 religiosi

163 1530 258 1598 isti
302 1540 578 1624 possunt
637 1554 676 1601 a
724 1533 1048 1616 societate,
1101 1532 1310 1600 soluto
1384 1539 1685 1602 votorum
1761 1534 2047 1618 vincula,
2137 1535 2429 1618 dimitti3

165 1649 338 1730 unde,
383 1649 812 1736 contingente
857 1647 980 1716 bac
1035 1647 1445 1733 dimissione,
1503 1654 1700 1716 cessat
1750 1649 2099 1738 praedictus
2141 1657 2439 1719 votorum

162 1763 232 1830 ab
274 1765 436 1852 ipsis
472 1763 856 1830 emissorum
893 1761 1160 1831 effectus
1199 1789 1218 1848 ;
1275 1783 1348 1829 ac
1392 1759 1663 1852 proinde
1711 1761 1887 1851 vispr
1903 1763 2221 1831 oducendi
2273 1787 2431 1858 [πῶς

158 1879 307 1946 satos
351 1876 640 1962 effectus,
686 1877 1007 1967 ejusmodi
1075 1877 1533 1966 religiosorum
1592 1876 1750 1942 votis
1814 1876 2097 1963 alligata,
2156 1899 2287 1946 non
2332 1885 2426 1946 est

39 2068 41 2081 Ι
154 1992 488 2080 absoluta,
535 1993 638 2062 sed
675 1993 956 2063 relativa
1000 1992 1081 2062 ad
1138 1999 1391 2082 tempus
1428 2011 1558 2080 quo
1598 2011 1729 2057 non
1770 1989 2203 2060 dimittentur.
2250 1991 2425 2060 Dici-

39 2134 42 2147 ’
157 2131 294 2178 mus
331 2116 554 2178 autem
582 2108 718 2177 vim
759 2109 943 2177 illam
970 2115 1294 2193 votorum,
1347 2106 1439 2174 sic
1480 2106 1838 2173 restrictam
1885 2111 1947 2173 et
1996 2127 2129 2176 non
2172 2107 2429 2177 absolu-

153 2232 299 2311 tam,
359 2224 642 2294 minime
686 2225 982 2292 sufficere
1009 2223 1100 2293 ad
1137 2231 1429 2292 votorum
1458 2220 1947 2292 solemnitatem.
1994 2221 2075 2290 Et
2114 2223 2424 2315 probatur

156 2341 522 2434 exeoquod
577 2340 997 2432 praefatorum
1043 2339 1495 2430 religiosorum
1546 2345 1714 2425 vota,
1771 2337 1919 2407 licet
1944 2339 2081 2406 vim
2122 2337 2306 2408 illam
2339 2359 2437 2406 re-

156 2460 400 2530 lativam
455 2459 794 2544 habentia,
830 2457 1235 2528 declarentur
1271 2455 1593 2546 simplicia
1647 2456 1715 2523 in
1770 2454 2153 2546 Apostolicis
2197 2457 2419 2532 bullis.

157 2595 296 2662 quae
351 2575 538 2646 dictae
611 2573 919 2642 societatis
996 2573 1364 2640 institutum
1444 2570 1801 2660 approbant
1874 2576 1936 2637 et
2007 2572 2414 2641 confirmant.

161 2686 342 2756 Unde
363 2691 439 2758 ad
475 2695 784 2759 votorum
825 2688 1292 2757 solemnitatem
1346 2705 1478 2752 non
1522 2683 1762 2751 sufficit
1797 2683 1895 2751 vis
1919 2686 2217 2774 quaelibet
2254 2709 2427 2776 prae-
2460 2710 2471 2719 ·

161 2804 320 2874 fatos
343 2807 601 2877 effectus
647 2803 1044 2898 producendi
1073 2828 1092 2884 ;
1125 2802 1233 2870 sed
1273 2802 1367 2868 vis
1394 2799 1505 2866 illa
1556 2798 1742 2866 debet
1791 2819 1925 2866 esse
1981 2799 2315 2878 absoluta,
2352 2799 2419 2867 id

163 2929 281 3008 est,
321 2923 404 2992 ita
453 2930 769 3015 perpetua
823 2926 885 2988 et
923 2917 1379 2998 immutabiliS,
1415 2898 1493 2984 ut
1538 2934 1745 3003 neque
1794 2912 2157 3003 religiosus,
2216 2933 2428 3002 neque

157 3038 292 3128 ipsa
343 3042 530 3108 etiam
605 3037 833 3126 religio
880 3034 1013 3102 vim
1072 3035 1254 3102 illam
1321 3029 1711 3122 suspendere
1764 3034 1881 3096 aut
1934 3028 2153 3096 tollere
2209 3028 2423 3116 possit.

153 3155 340 3241 Quod
367 3161 586 3224 autem
619 3153 717 3222 vis
759 3153 872 3221 illa
921 3161 1217 3220 votorum.
1263 3149 1401 3216 tolli
1452 3146 1705 3237 possita
1754 3143 2045 3212 Romano
2090 3142 2427 3226 pontifice,

154 3276 222 3343 id
253 3296 390 3344 non
408 3275 677 3367 impedit
711 3292 936 3343 eorum
993 3270 1482 3349 solemnitatem,
1518 3272 1589 3335 ut
1614 3286 1733 3335 suo
1760 3266 1901 3333 loco
1942 3264 2212 3332 dicetur.
2259 3263 2421 3356 Nec,

151 3393 320 3460 dum
381 3393 510 3460 vim
545 3391 730 3460 illam
779 3407 1083 3456 vocamus
1128 3383 1512 3465 absolutam,
1554 3401 1667 3448 seu
1714 3379 2001 3448 absolute
2052 3393 2421 3473 perpetuam

149 3513 206 3574 et
269 3503 790 3582 immutabilem,
861 3499 1196 3570 excludere
1260 3495 1661 3565 intendimus
1742 3495 2069 3586 praefatam
2138 3495 2415 3564 Romani

151 3622 492 3693 Pontificis
518 3625 917 3714 potestatem,
948 3615 1319 3705 religiosum
1345 3634 1382 3682 a
1421 3619 1717 3681 votorum
1762 3610 1977 3702 (etiam
2002 3610 2417 3698 solemnium)

147 3740 416 3810 vinculo
444 3735 761 3808 solvendi.
1842 3797 1855 3816 ,

233 3853 569 3922 Caeterum
620 3855 824 3918 totam
870 3847 1062 3926 hanc,
1119 3845 1196 3913 de
1247 3851 1541 3912 votorum
1590 3841 2013 3925 solemnitate,
2067 3838 2428 3908 doctrinam

149 3975 268 4058 (ne
295 3971 420 4040 cui
449 3971 611 4036 t'orte
637 3985 802 4035 nova
835 3961 1174 4054 videatur),
1219 3981 1561 4030 monemus
1612 3958 1897 4028 hausisse
1934 3975 2050 4024 nos
2072 3974 2150 4022 ex
2193 3952 2425 4024 Suare·

39 4110 42 4143 ε
147 4087 280 4171 sio;
323 4088 451 4177 qui
501 4091 568 4154 et
627 4080 1056 4152 summariam
1118 4078 1271 4148 illus
1323 4075 1519 4146 veluti
1574 4073 1923 4144 formulam
1972 4071 2272 4159 expressit
2325 4073 2427 4144 his

207 4363 274 4420 (ι)
300 4359 494 4409 Ira-izos
512 4357 723 4409 dtetmus
743 4357 949 4410 relative
977 4355 1043 4408 ad
1061 4358 1174 4406 vota
1193 4353 1503 4419 paupertatis
1536 4352 1589 4398 et
1618 4347 1879 4402 castitatls,
1917 4343 2195 4395 irritabiles
2224 4341 2425 4397 relative

39 4430 41 4489 ἶ
149 4447 213 4496 ad
236 4453 434 4498 votum
469 4445 792 4498 obedientiae.
