2834 4959
417 340 547 395 432
950 340 1291 391 moruus
1334 338 1415 387 DE
1459 336 1611 386 mnu
1657 332 2076 383 REGULARmM.

414 468 820 551 cumstantia,
852 462 1031 535 verbi
1067 464 1299 553 gratia,
1334 457 1508 549 quod
1537 458 1686 547 quis
1721 456 1804 525 sit
1847 454 2025 523 fitius
2075 455 2348 537 unicuS,
2381 459 2560 523 certa
2581 454 2696 547 ipsi

414 591 509 657 est
536 581 852 653 successio
894 580 961 648 in
1029 578 1219 647 bonis
1267 573 1578 666 paternis,
1621 570 1673 639 si
1719 568 2094 661 parentibus
2141 568 2596 660 supervixerit,
2644 575 2702 638 et

415 702 539 770 hoc
554 701 665 785 jus
694 692 1077 765 succedendi
1123 692 1193 760 in
1240 692 1538 760 futurum
1583 694 1676 755 est
1719 687 1830 755 hic
1867 690 1930 753 et
1955 704 2136 756 nunc
2159 706 2396 755 verum
2423 686 2694 776 bonum,

420 814 625 907 pretio
642 807 1047 895 aestimabile,
1079 804 1391 896 quodque
1419 803 1499 872 de
1523 824 1590 871 se
1626 805 1984 892 potestesse
2008 798 2340 887 objectum
2379 800 2696 869 venditio-

422 930 525 998 nis
554 925 973 995 donationsve
1022 928 1135 989 aut
1198 918 1459 989 alterius
1519 920 1905 985 contractus.
1977 912 2132 982 ltem
2188 936 2266 983 ex
2323 914 2688 1005 aptitudini-
2715 1000 2730 1015 ·

418 1045 545 1115 bus
594 1048 707 1111 aut
734 1035 1247 1109 circumstantiis
1272 1054 1417 1123 quae
1451 1029 1851 1123 probabilem
1887 1028 2164 1098 reddunt
2208 1029 2686 1118 acquisitionem

424 1160 747 1229 bonorum
783 1155 851 1223 in
910 1154 1153 1235 futuro,
1212 1149 1464 1237 exurgit
1495 1148 1604 1215 bic
1643 1153 1706 1213 et
1731 1165 1909 1215 nunc
1937 1164 2165 1213 verum
2221 1143 2499 1231 bonum,
2531 1144 2688 1235 quod

424 1275 665 1365 pariter
690 1291 824 1341 esse
852 1274 1055 1359 potest
1086 1266 1417 1355 objectum
1457 1265 1847 1329 contractus.
1879 1258 1962 1329 Et
1981 1259 2076 1327 sic
2105 1264 2309 1349 potest
2334 1260 2486 1349 quis
2511 1260 2688 1329 hodie

424 1387 601 1465 dare,
628 1385 729 1453 vel
783 1382 987 1474 pretio
1010 1380 1320 1464 vendere,
1350 1376 1663 1466 quidquid
1693 1394 1832 1445 cras
1859 1372 2212 1464 piscatione
2230 1382 2340 1442 aut
2365 1375 2690 1444 venatione

422 1501 653 1589 capiet.
710 1494 897 1565 Unde
954 1513 1179 1564 revera
1244 1494 1413 1561 bona
1467 1488 1818 1559 adventitia
1867 1493 2137 1579 possunt
2185 1510 2316 1559 esse
2371 1490 2690 1579 obiectum

422 1618 813 1689 contractus,
844 1631 918 1678 eo
958 1629 1155 1678 sensu
1210 1627 1448 1697 nempe
1485 1606 1656 1696 quod
1702 1608 1813 1695 jus
1849 1605 1928 1674 ad
1953 1606 2064 1674 illa
2091 1606 2461 1695 acquirenda
2489 1606 2689 1694 possit

417 1727 506 1797 ab
534 1746 669 1795 uno
730 1726 999 1794 homine
1040 1724 1121 1793 ad
1185 1722 1394 1791 alium
1437 1722 1790 1791 transferri.
1845 1718 2006 1801 Quae
2048 1720 2414 1818 possibilitas
2445 1720 2688 1788 confir-

423 1841 593 1910 mari
642 1845 845 1931 potest
900 1860 975 1907 ex
1022 1836 1275 1928 legibus
1322 1836 1757 1907 saecularibus.
1821 1836 1950 1904 Lex
1990 1834 2204 1905 civilis
2231 1834 2475 1923 Gaiiiae,
2510 1838 2688 1906 verbi

426 1956 656 2045 gratia,
684 1954 969 2023 admittit
1000 1952 1457 2038 donationem,
1505 1951 1896 2041 conjugibus
1925 1952 2423 2022 matrimonium
2447 1958 2688 2021 contra-

425 2071 731 2139 hentibus
760 2070 1021 2147 factam,
1054 2088 1201 2134 non
1232 2072 1486 2135 tantum
1541 2067 1858 2135 bonorum
1885 2067 2332 2157 praesentium,
2385 2068 2482 2137 sed
2505 2071 2684 2137 etiam

426 2184 929 2252 adventitiorum
962 2184 1126 2247 :Les
1148 2182 1339 2270 peres
1382 2192 1448 2249 et
1471 2182 1698 2262 mbr-23,
1735 2181 1826 2249 les
1847 2194 2126 2271 parents
2145 2182 2556 2252 collate'rauae
2585 2182 2690 2253 des

428 2297 667 2388 έροιιω,
726 2293 811 2363 οἱ
846 2296 1055 2363 meme
1108 2295 1198 2363 les
1260 2295 1630 2386 dtr-anyer&
1694 2307 2050 2387 pom-rom,
2103 2321 2240 2389 par
2311 2308 2567 2367 contrat
2619 2296 2687 2365 de

428 2412 754 2499 mariaqe,
794 2408 1085 2499 disposer
1113 2408 1192 2477 de
1225 2421 1371 2477 tout
1400 2431 1487 2477 ou
1510 2412 1745 2500 partie
1773 2410 1883 2480 des
1927 2411 2105 2480 biens
2129 2412 2340 2503 qu’ils
2364 2414 2688 2483 laisseront

430 2548 522 2593 au
540 2526 699 2613 jour
726 2522 806 2591 de
829 2523 974 2591 leur
1004 2522 1213 2607 deces,
1253 2534 1407 2592 tant
1437 2546 1529 2592 au
1551 2526 1763 2617 profit
1787 2525 2031 2595 desdits
2063 2528 2304 2621 epouoe,
2337 2528 2686 2619 qu’aupro·

428 2638 515 2729 fit
532 2638 643 2707 des
675 2626 944 2727 ensants
970 2638 1017 2705 ὰ
1043 2636 1266 2705 ηαῑίνε
1288 2636 1369 2707 de
1396 2638 1546 2707 leur
1565 2641 1864 2731 mariaqe
1896 2640 2090 2729 (Code
2113 2644 2293 2728 civil,
2328 2640 2680 2733 art-1082).

430 2754 531 2823 La
546 2752 867 2822 donation
892 2774 1027 2843 par
1068 2763 1336 2821 contrat
1362 2752 1443 2821 de
1487 2754 1790 2845 mariaqe
1815 2778 2082 2847 pom-ra
2122 2757 2460 2847 &nescite
2485 2780 2685 2827 cumu-

432 2869 822 2937 lativement
867 2866 975 2935 des
1002 2866 1181 2936 biens
1204 2874 1501 2957 presents
1528 2880 1592 2937 et
1633 2870 1680 2937 ἁ
1726 2871 1918 2938 venir
1971 2871 2268 2961 (ibidem,
2301 2884 2426 2944 art.
2481 2874 2670 2963 ¹084).

432 2990 531 3055 La
578 2984 903 3054 donacion
957 2982 1065 3052 des
1118 2983 1297 3052 biens
1346 2988 1389 3051 ἀ
1447 2985 1658 3071 venir,
1713 3008 1800 3055 ou
1851 2986 1932 3055 de
1981 2988 2160 3057 biens
2221 2992 2521 3081 presenti·
2567 2988 2682 3059 etd

432 3100 649 3181 venir,
674 3101 847 3190 faite
898 3110 1081 3167 entre
1136 3098 1353 3190 e'pouae
1386 3122 1527 3191 par
1570 3114 1835 3171 contrat
1883 3102 1964 3172 de
2005 3107 2342 3196 mariaqe,
2379 3130 2520 3177 sera
2557 3128 2684 3176 sou·

434 3218 594 3285 mise
622 3240 761 3285 aux
806 3214 1017 3305 rdqles
1056 3214 1331 3283 dtablies
1360 3238 1498 3306 par
1525 3216 1589 3285 le
1625 3218 1924 3310 chapitre
1957 3220 2320 3312 precedent
2356 3224 2398 3291 ἀ
2445 3220 2690 3314 l'e'qard

334 3340 345 3449 ss
434 3331 547 3399 des
594 3330 947 3399 donatione
995 3329 1303 3421 pareilles
1352 3331 1474 3422 qui
1523 3333 1672 3402 leur
1720 3347 1942 3404 seront
1987 3336 2191 3427 saites
2235 3363 2370 3431 par
2415 3364 2505 3409 un
2549 3340 2684 3407 τίει-ε

434 3443 729 3534 (ibidem,
750 3454 869 3515 art.
916 3445 1135 3536 1093).

521 3558 695 3650 Ergo
724 3561 787 3629 1⁰
810 3562 1130 3650 possibilis
1158 3568 1253 3629 est
1284 3568 1674 3649 contractu8‚
1707 3586 1838 3655 quo
1861 3567 2228 3657 religiosus,
2251 3568 2678 3661 professionem

434 3676 812 3764 emittendo,
873 3676 1041 3745 bona
1078 3697 1219 3761 sua,
1274 3698 1668 3770 quocunque
1719 3682 1912 3751 modo
1976 3692 2040 3752 et
2079 3684 2267 3754 titulo
2325 3685 2672 3765 obventura,

434 3791 885 3872 communitati
906 3790 1108 3859 cedat.

520 3907 589 3975 2⁰
617 3906 793 3977 Talis
840 3911 1227 3993 contractus,
1284 3908 1411 3977 nisi
1439 3907 1580 3999 lege
1649 3910 1942 3981 humana
1991 3912 2306 3997 irritetur,
2357 3908 2678 3984 censendus

434 4026 529 4095 est
568 4022 841 4093 validus.
892 4020 1059 4091 Nam
1116 4021 1362 4093 nedum
1416 4024 1497 4092 sit
1543 4023 1622 4093 de
1669 4046 1739 4095 se
1784 4028 2026 4117 malus,
2083 4050 2286 4120 quam
2343 4027 2594 4098 maxime
2645 4042 2678 4087 e

436 4142 659 4209 contra
684 4138 971 4229 aequitati
1002 4137 1283 4207 naturali
1330 4147 1799 4213 consentaneus
1825 4150 1942 4215 est.
1997 4144 2363 4236 Religiosus
2391 4140 2676 4232 siquidem

436 4254 971 4323 communitatem
1004 4251 1426 4345 ingrediendo
1481 4256 1555 4324 fit
1581 4260 1955 4329 membrum
1991 4262 2232 4353 ipsius;
2265 4266 2328 4331 et
2353 4254 2680 4331 communi-

438 4370 707 4436 taseum
736 4373 1041 4457 tanquam
1090 4368 1191 4437 sui
1244 4372 1500 4458 partem
1549 4374 1988 4467 suscipiendo,
2035 4398 2206 4447 onus
2263 4376 2388 4445 sibi
2431 4366 2678 4463 imponit
