2834 4959
1038 286 1194 334 ruis
1240 286 1534 340 SECUNDA.
2296 295 2424 354 ’ΞΛ-5

176 414 241 482 ln
268 432 339 480 ea
360 409 451 478 sic
476 408 851 479 decernitur
879 432 900 477 z
928 410 1065 480 Nee
1086 407 1167 476 de
1213 431 1387 478 novo
1406 409 1682 480 domum
1720 415 1828 484 vel
1856 416 2148 508 aliquem
2201 421 2424 496 locum

174 523 527 615 acquirant.
540 571 557 591 .
572 569 619 592 ..
632 573 655 610 ,
702 523 851 592 sine
903 523 1093 592 Sedis
1138 523 1428 614 ejusdem
1495 529 1754 620 (nempe
1803 531 1968 602 sedis
2021 534 2427 632 Apostolicae)

63 671 66 682 ·
174 640 423 710 hemia
448 637 756 731 speciali.
810 638 939 710 Sed
984 640 1112 709 hoc
1166 639 1536 711 decernitur
1574 645 1882 716 duntaxat
1931 653 2140 740 quoad
2184 655 2436 725 mendi-

174 769 379 826 cantes
403 755 689 840 ordines,
716 765 879 846 post
906 753 1161 824 dietum
1180 755 1539 826 concilium
1585 759 1608 838 (
1611 760 2033 836 lateranense
2064 773 2427 842 oecumeni-

170 895 317 941 cum
356 871 485 940 ‘sub
522 871 913 941 Innocentio
960 869 1073 960 ΙΙΙ)
1131 869 1550 961 adinventos,
1599 881 1662 944 et
1715 879 2144 968 confirmatos
2196 906 2231 952 a
2281 885 2428 956 sede

170 983 545 1072 Apostolica,
563 990 639 1051 -et
660 982 905 1073 quibus
932 981 1035 1065 ad⁴
1044 1005 1405 1073 eonqruam
1447 991 1994 1060 sustentationem
2023 991 2274 1062 reditus
2299 1009 2424 1065 aut

164 1099 571 1188 possessiones
596 1097 837 1168 hahere
846 1100 1177 1189 professio
1202 1100 1339 1168 sive
1362 1101 1604 1191 requla
1641 1105 2124 1194 quaelibetinter
2156 1109 2410 1195 dieunt,

171 1211 285 1280 sed
305 1235 415 1302 per
430 1224 761 1303 quaestum
789 1213 1141 1304 publicum
1172 1215 1460 1283 tm'buere
1486 1217 1734 1286 victum
1757 1221 1927 1288 solet
1954 1223 2210 1292 incerta
2232 1247 2421 1296 men-

172 1327 413 1396 dicitas.
452 1325 671 1396 Postea
704 1327 789 1396 ab
826 1327 953 1398 hoc
996 1350 1113 1396 suo
1144 1329 1397 1398 decreto
1451 1333 1690 1424 excipit
1732 1334 2078 1424 Gregorius
2131 1339 2220 1428 X,
2275 1347 2422 1410 tum

170 1442 465 1510 Eremitas
502 1442 708 1510 sancti
759 1441 1105 1529 Augustini
1134 1449 1195 1510 et
1242 1443 1646 1530 Carmelitas,
1690 1469 1766 1516 eo
1801 1452 1974 1539 quod
2001 1458 2148 1521 ante
2171 1453 2428 1524 dictum

167 1555 568 1624 Lateranense
607 1555 961 1624 concilium
1006 1558 1357 1626 exstiterint
1386 1584 1403 1642 ;
1455 1567 1596 1629 tum
1639 1561 2096 1637 Dominicanos
2134 1575 2199 1637 et
2222 1569 2428 1640 Fran-

166 1673 451 1755 ciscanos‚
479 1671 565 1741 ob
586 1673 950 1741 evidentem
971 1672 1271 1744 Ecclesiae
1296 1675 1660 1746 utilitatem.

245 1787 423 1856 Unde
458 1789 573 1858 illa
600 1789 941 1858 decretalis
970 1809 1103 1858 non
1133 1791 1488 1880 attingebat
1509 1794 1767 1864 ordines
1789 1816 1922 1863 non
1947 1800 2426 1891 mendicantes;

168 1923 275 1970 nec
294 1905 625 1992 moniales,
671 1925 829 1972 cum
868 1903 947 1972 de
975 1903 1053 1972 iis
1086 1925 1221 1974 non
1267 1905 1609 1994 loquatur3
1653 1929 1774 1978 nec
1815 1909 2136 1978 Eremitas
2162 1919 2224 1979 et
2255 1914 2424 1982 Car-

174 2015 435 2102 melitas3
481 2040 603 2088 nec
657 2017 1115 2088 Dominicanos
1170 2030 1233 2088 et
1287 2019 1774 2108 FranciscanoS‚
1831 2046 1952 2094 nec
2019 2027 2216 2094 etiam
2261 2027 2429 2100 alios

168 2133 587 2204 mendicantes
644 2141 787 2226 post
830 2135 1075 2204 dictum
1114 2135 1469 2204 concilium
1509 2135 1937 2208 Lateranense
1987 2141 2315 2210 institutos
2364 2149 2426 2212 et

168 2249 551 2340 approbatos,
600 2249 727 2318 nisi
764 2251 837 2318 in
864 2249 1202 2340 hypothesi
1230 2252 1402 2342 quod
1432 2252 1597 2322 bona
1625 2255 1693 2321 in
1722 2258 2060 2324 communi
2093 2257 2418 2347 possidere

168 2384 279 2430 non
349 2370 657 2456 possent3
718 2385 865 2454 quae
912 2363 1283 2455 hypothesis
1332 2374 1473 2457 post
1539 2370 1896 2438 concilium
1961 2369 2424 2444 Tridentinum

164 2475 329 2548 desiit
361 2503 497 2550 esse
540 2501 715 2565 vera,
766 2481 977 2570 quoad
1018 2481 1456 2552 mendicantes
1483 2505 1732 2567 omneS‚
1765 2493 1994 2573 praeter
2023 2488 2424 2581 Capuccinos

160 2601 219 2659 et
266 2593 529 2664 Minores
580 2595 659 2664 de
718 2595 1169 2682 observantia3
1220 2599 1274 2664 si
1318 2597 1584 2685 quidem
1613 2598 1754 2665 aliis
1801 2602 2108 2671 omnibus
2155 2606 2302 2674 data
2329 2613 2425 2676 est

167 2709 421 2778 facultas
460 2711 822 2801 possidendi
872 2713 945 2779 in
973 2713 1331 2780 communi.
1390 2709 1668 2778 Proinde
1711 2711 1764 2778 si
1819 2714 2000 2781 nulla
2058 2717 2183 2785 alia
2229 2720 2422 2789 hodie

165 2831 423 2893 exstaret
444 2825 565 2895 hac
602 2827 676 2897 de
701 2850 772 2896 re
802 2827 971 2917 Juris
1012 2827 1369 2918 dispositio,
1412 2825 1760 2894 dicendum
1805 2825 1967 2893 foret
2001 2849 2135 2895 non
2180 2831 2425 2918 requiri

165 2937 473 3008 licentiam
518 2942 683 3009 sedis
727 2941 1107 3032 Apostolicae
1141 2943 1222 3010 ad
1268 2941 1419 3008 novi
1473 2947 1825 3009 conventus
1851 2941 2265 3027 erectionem,
2297 2943 2424 3012 nisi

161 3055 355 3143 quoad
398 3057 791 3148 Capuccinos
820 3064 885 3126 et
910 3057 1189 3128 Minores
1230 3057 1307 3126 de
1355 3056 1808 3140 Observantia;
1868 3055 2162 3123 sufficere
2205 3061 2420 3125 autem

162 3173 349 3259 quoad
404 3173 565 3242 alios
619 3196 847 3243 omnes
884 3174 1218 3244 licentiam
1260 3174 1591 3265 Episcopi.
1632 3172 1890 3240 Etenim
1937 3177 2110 3239 extra
2163 3179 2422 3240 contro-

160 3288 416 3357 versiam
456 3295 577 3370 est,
619 3293 769 3380 jure
817 3291 1107 3380 antique,
1148 3293 1439 3386 ‘potuisse
1466 3311 1630 3360 nova
1660 3290 2048 3358 monasteria
2075 3289 2234 3380 erigi
2264 3311 2422 3360 cum

162 3399 284 3467 sola
326 3403 649 3473 Ordinarii
700 3405 975 3474 licentia.
1034 3405 1221 3486 Quod
1261 3408 1372 3494 jus
1413 3405 1835 3496 permansisse
1871 3407 2268 3476 censendum
2299 3413 2415 3491 est,

158 3520 450 3604 quamdiu
480 3521 702 3588 cinon
732 3521 852 3589 fuit
881 3521 1283 3610 derogatum.

228 3631 300 3702 ll.
326 3635 697 3705 Decretalis
724 3636 1056 3726 Bonifacii
1080 3639 1275 3724 XIII,
1300 3638 1470 3704 anni
1491 3635 1684 3704 1298.
1708 3674 1796 3688 —-
1815 3635 2104 3703 Habetur
2124 3637 2192 3701 in
2209 3645 2418 3720 sexte,

154 3745 309 3818 libro
334 3753 400 3830 5,
432 3752 562 3820 sub
589 3752 777 3820 titulo
804 3752 869 3840 6,
912 3751 993 3820 de
1017 3752 1377 3822 excessibus
1406 3753 1880 3838 Proelatorum,
1910 3751 2112 3850 capite
2147 3753 2312 3820 Cum
2340 3772 2424 3818 ea:

152 3882 247 3930 eo,
280 3862 352 3932 ln
376 3887 451 3934 ea
478 3867 572 3936 sic
620 3867 986 3936 decernitur
1018 3893 1034 3936 :
1088 3869 1524 3938 Prohibemus
1561 3891 1644 3936 ne
1691 3868 1991 3961 deinceps
2038 3865 2284 3956 aliquis
2315 3864 2425 3932 vel

156 3977 362 4070 aliqui
402 3980 481 4050 de
502 3983 844 4074 praedictis
862 4009 891 4070 ,·
928 3984 1001 4052 in
1044 3985 1273 4076 aliqua
1305 3986 1607 4070 civitate,
1639 3997 1880 4072 castre,
1924 3984 2092 4054 villa
2138 4005 2252 4050 seu
2283 3981 2426 4052 loco

156 4121 546 4196 quocunque,
579 4105 675 4174 ad
693 4103 1137 4176 habitandum
1174 4105 1401 4174 domos
1424 4107 1530 4175 vel
1553 4107 1694 4176 loca
1721 4125 2118 4198 quaecunque
2147 4101 2226 4172 de
2253 4123 2422 4172 novo

154 4218 495 4309 recipere...
537 4234 993 4312 praesumant,
1032 4221 1273 4314 absque
1313 4223 1487 4291 sedis
1537 4219 1935 4312 Apostolicae
1977 4219 2248 4288 lieentia
2283 4237 2422 4308 spe-

166 4323 331 4410 ciali,
352 4329 631 4419 plenam
663 4344 725 4399 et
770 4354 1145 4424 expressam
1168 4332 1458 4422 faciente
1480 4330 1557 4400 de
1577 4330 2020 4422 prohibitione
2045 4327 2435 4422 hujusmodi
