2834 4959
1121 401 1272 454 Pus
1309 403 1524 450 PRIMA.
2343 401 2369 454 1
2387 397 2467 454 25

237 527 336 594 duo
369 545 404 592 a
454 526 792 596 nonnullis
836 525 1204 604 auctoribus
1255 527 1773 616 confunduntur,
1804 535 1871 598 et
1917 550 2035 620 pro
2088 535 2467 618 synonymis

229 641 532 710 habentur.

301 755 650 824 Prorosirio
684 753 816 823 111⁸.
837 791 927 808 -
956 757 1154 824 Verus
1177 755 1524 824 institutor
1535 756 1833 848 reliqiosi
1851 769 2070 826 status
2084 781 2219 827 non
2240 759 2353 828 ille
2369 775 2467 831 est

227 869 332 959 qui
357 869 812 940 accidentalem
847 883 1070 938 status
1099 870 1300 961 lzujus
1335 873 1640 961 sormam
1682 869 1955 940 induxit
1967 893 1997 957 ;
2034 871 2151 941 sed
2178 873 2297 942 ille
2342 877 2466 966 qui

231 981 530 1071 ipsiusmet
547 996 796 1070 status,
811 983 1016 1070 idest,
1039 967 1435 1054 substdntioe
1452 985 1593 1076 ejus
1612 998 1845 1054 auctor
1861 987 2025 1077 fuit.
2051 1025 2139 1040 -·-
2157 987 2323 1056 Nam
2342 989 2462 1058 ali-

235 1099 486 1185 cujusrei
504 1099 836 1168 institutor
857 1121 990 1168 non
1003 1101 1241 1170 dicitur
1253 1102 1536 1190 nisime,
1564 1105 1679 1193 qui
1700 1125 1839 1172 rem
1856 1104 2063 1193 ipsam
2080 1103 2291 1194 quoad
2310 1104 2464 1173 sub-

233 1213 482 1282 stantiam
525 1215 834 1283 instituit.
891 1215 962 1284 Si
1003 1217 1180 1284 enim
1231 1215 1487 1285 induxit
1536 1217 1841 1286 duntaxat
1892 1239 2127 1286 novam
2176 1219 2461 1308 aliquam

231 1329 472 1414 ejusden
519 1332 621 1399 rei
675 1330 981 1414 formam,
1035 1353 1449 1423 nequaquam
1494 1335 1587 1402 rei
1637 1333 1966 1403 institutor
2010 1343 2455 1426 nuncupatur.

225 1439 288 1510 Si
329 1443 512 1533 hodie,
571 1445 758 1514 verbi
811 1445 1042 1536 gratia,
1096 1445 1457 1516 Galliarum
1510 1449 1859 1539 imperator
1908 1449 2163 1520 decreto
2223 1449 2459 1540 praeci-

217 1567 362 1648 pem(
417 1561 582 1653 erigi
645 1561 946 1652 hospitia,
1021 1584 1154 1652 quo
1203 1585 1340 1632 sese
1388 1563 1667 1654 opifices,
1746 1566 1993 1656 expleto
2063 1567 2461 1654 sexagesimo

216 1676 382 1744 aetatis
411 1698 608 1761 anne,
663 1677 948 1768 recipere
993 1684 1275 1768 possent,
1305 1677 1505 1767 hujus
1553 1678 1977 1748 institutionis
2023 1687 2245 1748 auctor
2280 1680 2453 1750 dice·

213 1795 386 1876 retur,
431 1793 690 1862 etiamsi
774 1792 1266 1882 provinciarum
1339 1791 1659 1883 praefectis
1730 1793 2013 1863 liberum
2065 1795 2461 1883 relinqueret

214 1904 574 1990 peculiarem
617 1907 898 1976 modum
941 1913 1004 1975 et
1050 1907 1328 1976 formam
1388 1907 1709 1996 ejusmodi
1760 1905 2193 1997 hospitiorum
2241 1909 2455 1976 deter-

219 2017 455 2088 minare.
539 2020 861 2092 Praefectis
915 2029 1134 2092 autem
1209 2021 1694 2113 provinciarum
1768 2019 2011 2090 absone
2044 2022 2461 2091 :tribueretur

210 2153 272 2200 ea
307 2135 634 2226 institutio,
670 2161 748 2206 ex
795 2160 874 2208 eo
906 2139 1082 2227 quod
1131 2145 1332 2207 certas
1368 2137 1681 2228 quasdam
1729 2135 1901 2228 leges
1930 2157 2041 2207 seu
2092 2137 2353 2228 regulas
2376 2139 2456 2208 ad·

209 2247 742 2323 determinandum
773 2255 1100 2322 dictorum
1130 2254 1563 2346 hospitiorum
1594 2255 1887 2343 regimen
1916 2254 2286 2324 edixissent.

273 2362 634 2438 Pnorosn'io
667 2365 804 2437 ΙΨ.
830 2405 920 2418 -
944 2367 1184 2438 Potuit
1217 2368 1524 2438 Christus
1550 2379 1813 2436 statum
1837 2368 2226 2459 reliqiosum
2254 2370 2456 2437 insti-

209 2489 354 2549 ttoere
367 2483 596 2575 quoad
605 2483 1068 2552 substantiam
1091 2481 1451 2566 duntaxat,
1480 2481 1559 2549 id
1570 2495 1695 2570 est,
1721 2483 2003 2552 liberum
2018 2483 2454 2574 relinquendo

204 2605 408 2668 stateem
438 2601 630 2668 hunc
673 2621 832 2666 cum
861 2599 988 2666 kae
1023 2597 1132 2667 vel
1163 2599 1290 2667 illa
1321 2596 1651 2690 peculiari
1679 2599 1913 2687 forma
1952 2622 2064 2666 seu
2104 2601 2337 2690 requla
2364 2599 2459 2670 ad

195 2713 424 2793 pra-'tim
445 2712 799 2782 deducere.
835 2751 925 2806 1-
949 2713 1162 2783 Potuit
1185 2735 1421 2805 nempe
1448 2711 1747 2782 Christus
1776 2712 2153 2782 hominibus
2178 2716 2451 2784 suadere

205 2823 422 2912 triplicis
449 2815 820 2918 evangelici
849 2829 1108 2898 consilii
1139 2828 1639 2912 observantiam,
1680 2827 2003 2916 simulque
2043 2833 2117 2892 ut
2148 2831 2293 2894 voto
2317 2849 2453 2898 sese

201 2936 270 3003 ad
303 2940 355 3008 id
395 2945 906 3034 adstringerent‚
959 2950 1020 3012 et
1061 2964 1127 3012 se
1181 2942 1297 3012 Dei
1332 2941 1642 3032 obsequio
1686 2943 1939 3030 integre
1982 2939 2444 3028 manciparent.
2536 2932 2541 2936 ’

199 3046 388 3124 Varios
409 3065 643 3128 autem
673 3057 924 3144 modos„
953 3057 1192 3147 quibus
1221 3058 1286 3126 id
1317 3057 1533 3148 peragi
1572 3063 1799 3148 potest,
1832 3054 2039 3146 potuit
2063 3053 2163 3120 vel
2186 3054 2449 3144 religio·

197 3166 270 3232 sis
290 3169 452 3260 ipsis,
501 3174 612 3242 vel
641 3172 946 3242 Ecclesiae
974 3173 1499 3242 determinandos
1540 3173 1933 3261 relinquere.
1993 3167 2068 3236 ln
2116 3168 2238 3236 hoc
2263 3168 2445 3239 enim
2486 3251 2488 3254 Α

199 3283 360 3352 nulla
383 3295 465 3357 est
509 3287 972 3379 repugnantia,
1027 3295 1100 3355 ut
1129 3294 1318 3378 patet.
1353 3285 1549 3354 Porro
1579 3287 1651 3355 in
1692 3267 1817 3354 hac
1846 3283 2187 3374 hypothesi
2224 3284 2445 3356 dioen-

196 3398 338 3472 dum
381 3406 540 3476 soret
568 3459 589 3491 ,
651 3406 1023 3476 institutum
1093 3429 1129 3474 a
1184 3405 1440 3475 Christo
1508 3406 1703 3474 fuisse
1766 3411 2003 3472 statum
2066 3400 2441 3496 religiosu'm

188 3521 372 3604 quoad
399 3523 862 3602 substantiam,
881 3543 1022 3591 -non
1043 3521 1254 3612 quoad
1279 3520 1701 3591 accidentales
1740 3520 2000 3589 formas.

259 3632 642 3706 Pnorosirio
677 3635 785 3706 V⁸.
831 3675 920 3690 -
951 3637 1224 3706 Certum
1267 3634 1541 3704 omnino
1560 3647 1659 3704 est
1684 3647 1937 3704 statum
1972 3634 2365 3726 reliqiosum
2403 3655 2447 3700 a

189 3749 434 3826 Christo
464 3755 758 3824 Domino
777 3756 986 3845 fuisse
1005 3756 1415 3825 institutum.
1446 3791 1535 3806 —
1582 3753 1747 3824 Nam
1787 3752 2445 3825 institutusaChristo

179 3864 322 3956 suit,
351 3874 404 3939 si
452 3870 755 3940 Christus
782 3891 939 3940 eum
971 3871 1250 3940 instituit
1269 3869 1485 3960 quoad
1528 3867 1987 3949 substantiam3
2021 3866 2343 3954 siquidem
2366 3887 2445 3934 ex·

62 3967 64 3970 ’
177 3989 600 4073 propositione
642 3987 848 4067 tertia,
919 3985 1028 4056 ille
1075 4009 1264 4056 verus
1316 3988 1645 4056 institutor
1692 3992 1809 4072 est,
1866 3983 1984 4074 qui
2030 4001 2172 4050 rem
2231 3981 2443 4072 quoad

179 4096 592 4170 substantiam
628 4102 932 4172 instituit.
975 4103 1177 4192 Atqui
1222 4123 1439 4172 revera
1466 4101 1761 4171 Christus
1788 4107 2025 4168 statum
2062 4097 2444 4190 religiosum

179 4208 448 4284 instituit
473 4215 686 4306 quoad
715 4217 1169 4286 substantiam.
1205 4215 1298 4285 De
1323 4239 1456 4307 quo
1481 4216 1572 4284 sic
1586 4213 1923 4284 Suaresius
1948 4209 2053 4302 (de
2074 4213 2439 4304 Reliqione‚

181 4329 442 4399 tractatu
467 4331 532 4418 7,
564 4332 613 4402 l.
649 4331 719 4417 3,
765 4355 826 4402 c.
867 4333 935 4419 2,
985 4355 1053 4403 n.
1087 4331 1153 4423 3)
1207 4359 1222 4403 ε
1279 4358 1314 4398 α
1343 4333 1466 4402 Pro
1514 4329 1931 4421 explicatione
1975 4329 2439 4408 advertendum

189 4465 220 4510 ι
239 4451 334 4514 est
359 4447 534 4518 aliud
581 4470 717 4520 esse
759 4449 946 4540 loqui
985 4449 1066 4519 de
1089 4454 1254 4519 statu
1297 4447 1596 4536 religioso
1619 4466 1783 4535 puro
1801 4465 1876 4516 ae
1897 4447 2101 4533 nud0,
2130 4445 2341 4536 quoad
2365 4465 2439 4512 ea
