2834 4959
1109 323 1264 372 PARS
1309 325 1527 374 Palm.
2336 325 2361 377 1
2386 323 2459 380 19

201 451 380 517 status
415 443 835 534 tendentium
883 443 964 513 ad
1015 445 1475 536 perfectionem
1524 467 1637 538 per
1688 402 1941 537 pra'xim
1992 448 2263 540 triplicis
2310 471 2464 520 con-

194 559 310 630 silii
329 557 694 647 evangelici
735 563 1050 648 perpetuo
1095 560 1226 628 voti
1269 559 1533 628 vinculo
1574 559 1897 629 firmatam
1913 588 1933 649 3
1968 562 2037 629 4⁰
2078 568 2154 632 ut
2186 565 2463 654 conjun-

187 682 368 766 gatur
417 693 575 743 cum
631 670 984 741 traditione
1033 670 1233 742 totius
1289 695 1607 763 personae,
1666 673 1801 744 Deo
1846 675 2031 762 facta,
2088 684 2152 748 et
2194 679 2465 751 nomine

184 791 298 860 Dei
335 795 687 881 acceptata.
710 787 832 856 His
881 787 1226 873 stantibus,
1259 788 1439 858 nulla
1483 797 1578 857 est
1614 789 1777 859 ratio
1816 812 1934 860 cur
1980 791 2197 862 adesse
2225 797 2461 863 statum

187 903 559 996 religiosum
612 911 908 992 negetur.
941 901 1140 970 Porro
1175 901 1316 972 haec
1353 902 1579 973 omnia
1610 911 1779 974 stare
1824 913 2114 996 possunt,
2158 910 2463 999 quamvis

187 1026 338 1090 vota
379 1019 506 1089 sint
543 1017 852 1087 duntaxat
887 1017 1235 1109 simplicia.
1269 1017 1435 1088 Nam
1482 1020 1602 1089 hoc
1648 1022 1791 1112 ipso
1834 1021 2008 1112 quod
2045 1023 2168 1091 tria
2205 1029 2353 1092 vota
2392 1027 2462 1092 in

195 1142 574 1229 perpetuum
621 1134 1019 1219 emittantur,
1052 1139 1336 1224 exsurgit
1387 1136 1553 1206 ratio
1594 1141 1818 1221 statuS,
1854 1159 1963 1207 seu
2016 1138 2261 1208 stabilis
2315 1140 2465 1231 qui-

193 1251 342 1322 dam
389 1250 642 1320 vivendi
701 1251 954 1319 modus.
985 1247 1202 1320 Status
1248 1255 1467 1318 autem
1503 1249 1613 1318 ille
1666 1256 1760 1319 est
1795 1272 2019 1321 revera
2062 1259 2128 1322 et
2168 1255 2298 1324 dici
2349 1257 2463 1325 de·

192 1367 302 1436 bet
350 1373 542 1436 status
597 1364 1006 1436 tendentium
1060 1365 1139 1435 ad
1189 1365 1697 1456 perfectionem:
1736 1359 1905 1436 ¹nam
1951 1373 2027 1438 ut
2077 1369 2230 1460 quis
2267 1371 2349 1439 sit
2387 1373 2459 1442 iu

190 1487 346 1550 statu
375 1479 784 1551 tendentium
821 1479 898 1548 ad
931 1479 1417 1571 perfectionem,
1450 1479 1695 1549 sufficit
1730 1502 1883 1550 eum
1926 1481 2239 1553 stabiliter
2289 1484 2457 1553 obli-

187 1598 312 1688 gari
355 1595 448 1666 ad
491 1594 808 1664 servanda
839 1596 960 1662 tria
1002 1593 1276 1663 consilia
1317 1595 1683 1684 evangelica
1715 1621 1730 1663 :
1778 1619 1975 1688 porro
2016 1600 2109 1668 sic
2134 1599 2459 1691 obligatur

184 1733 248 1780 ex
271 1711 522 1802 triplici
550 1715 724 1789 voto,
749 1708 900 1778 licet
939 1709 1266 1800 simplici:
1301 1711 1601 1800 quamvis
1643 1713 1818 1780 enim
1856 1714 2063 1801 ipsius
2090 1721 2313 1784 votum
2345 1737 2455 1785 ca-

186 1825 404 1894 stitatis
439 1845 573 1894 non
615 1845 770 1892 eum
815 1819 1186 1893 inhabilitet
1215 1825 1297 1892 ad
1335 1825 1856 1912 matrimonium,
1886 1827 2097 1895 reddit
2132 1833 2349 1898 tamen
2395 1832 2454 1899 ei

187 1939 676 2009 matrimonium
721 1937 1066 2024 illicitum3
1105 1944 1170 2007 et
1194 1939 1319 2008 hoc
1372 1939 1615 2008 sufficit
1649 1945 1727 2007 ut
1759 1940 1829 2006 in
1864 1946 2249 2030 perpetuum
2288 1943 2457 2010 obli-

189 2063 374 2146 getur
421 2057 499 2124 ad
557 2055 950 2124 servandum
1007 2055 1354 2124 consilium
1408 2053 1857 2143 evangelicum
1914 2055 2241 2124 castitatis.
2292 2054 2455 2125 Item

183 2170 474 2261 quamvis
514 2177 743 2264 votum
789 2171 1060 2263 simplex
1098 2169 1489 2262 paupertatis
1529 2191 1659 2238 non
1697 2171 1918 2261 ipsum
1961 2169 2330 2241 inhabilitet
2374 2171 2453 2240 ad

182 2291 350 2357 actus
383 2286 694 2371 dominii,
728 2287 850 2355 hos
905 2291 1084 2355 actus
1138 2289 1357 2354 tamen
1409 2285 1564 2354 facit
1614 2285 1677 2353 ei
1719 2284 2016 2371 illicitos;
2070 2295 2133 2355 et
2172 2287 2269 2355 sic
2302 2308 2454 2356 eum

179 2401 526 2492 obstringit
583 2403 654 2469 in
714 2404 1094 2491 perpetuum
1144 2400 1225 2468 ad
1278 2399 1670 2468 servandum
1726 2400 2077 2469 consilium
2132 2401 2457 2491 evangeli-

179 2538 334 2585 cum
379 2521 796 2608 paupertatis,
843 2517 914 2584 in
960 2520 1278 2606 quantum
1329 2515 1394 2583 id
1439 2517 1712 2605 requirit
1748 2516 2073 2584 tendentia
2112 2517 2192 2585 ad
2251 2519 2455 2610 perfe-

181 2631 470 2700 ctionem
493 2655 516 2700 :
543 2631 778 2701 etenim
813 2630 1222 2722 perfectionis
1251 2631 1769 2721 prosecutionem
1800 2651 1930 2698 non
1974 2630 2249 2721 impedit
2280 2654 2455 2723 prae-

185 2745 324 2813 cise
351 2743 608 2812 nudum
633 2745 1016 2830 dominium,
1045 2746 1158 2816 sed
1182 2743 1348 2812 liber
1374 2749 1438 2812 et
1465 2743 1905 2834 independens
1935 2763 2095 2810 usus
2122 2744 2455 2810 bonorum

189 2859 669 2950 temporalium.
718 2860 848 2943 Qui
885 2861 1086 2930 nullis
1121 2861 1306 2929 bonis
1352 2860 1487 2928 suis
1539 2859 1633 2926 uti
1676 2865 1905 2948 potest,
1936 2877 2057 2925 nec
2092 2859 2173 2923 de
2214 2858 2295 2924 iis
2332 2879 2457 2923 un·

187 2993 390 3064 quam
437 2975 788 3066 disponere,
841 2974 1110 3066 perinde
1161 2979 1258 3042 est
1307 2994 1382 3042 ac
1442 2973 1496 3041 si
1546 2971 1727 3040 nulla
1783 2969 2168 3063 possideret3
2221 2969 2287 3037 id
2330 2978 2451 3052 est,

183 3097 316 3158 tam
363 3090 692 3182 expeditus
731 3097 826 3159 est
868 3090 947 3160 ad
1000 3088 1406 3180 perfectionis
1456 3089 1998 3179 prosecutionem,
2024 3107 2099 3154 ac
2144 3085 2201 3154 si
2238 3106 2457 3154 revera

186 3205 358 3274 bona
399 3205 512 3275 illa
557 3207 936 3274 abdicasset.
972 3203 1264 3272 Tandem
1317 3225 1472 3274 cum
1504 3203 1657 3271 solis
1682 3201 2087 3292 simplicibus
2122 3198 2285 3268 votis
2312 3199 2455 3270 fieri

185 3326 390 3410 potest
421 3329 484 3390 et
525 3320 844 3412 acceptari
901 3319 1158 3388 traditio
1208 3319 1344 3405 illa,
1395 3339 1523 3407 qua
1567 3317 1907 3407 religiosus
1958 3338 2023 3384 se
2076 3323 2287 3385 totum
2334 3315 2453 3386 Dei

180 3435 442 3506 servitio
471 3435 852 3526 mancipat:
892 3435 962 3502 in
993 3435 1118 3503 hoc
1147 3434 1326 3502 enim
1369 3431 1553 3500 nulla
1588 3439 1681 3499 est
1712 3433 2159 3522 repugnantia.
2196 3431 2275 3500 Et
2312 3431 2456 3500 fieri

175 3549 346 3619 hanc
397 3548 812 3620 traditionem
856 3569 894 3618 a
931 3546 1333 3617 scholasticis
1390 3545 1703 3614 societatis
1753 3544 1931 3632 Jesu,
1960 3549 2253 3636 quamvis
2297 3545 2455 3612 sim-

174 3665 369 3754 plicia
431 3665 746 3733 duntaxat
813 3671 958 3732 vota
1037 3663 1360 3746 emittant,
1430 3659 1773 3728 declaravit
1854 3658 2205 3751 Gregorius
2278 3655 2451 3744 Xlll,

173 3785 368 3870 prout
395 3799 596 3869 supra
629 3777 998 3846 retulimus.
1033 3775 1204 3865 Ergo
1225 3772 1445 3843 omnia
1472 3793 1619 3862 qua:
1650 3774 1719 3841 in
1748 3780 1947 3842 status
1976 3768 2261 3861 religiosi
2290 3790 2455 3838 con-

173 3895 372 3981 ceptu
417 3894 836 3961 continentur
882 3899 1048 3960 stare
1097 3893 1368 3981 possunt
1407 3907 1563 3956 cum
1614 3888 1769 3956 solis
1822 3890 1985 3958 votis
2016 3884 2449 3975 simplicibus.

42 4011 45 4032 ³
175 4005 354 4096 Ergo
378 4013 676 4076 votorum
715 4007 1084 4076 solemnitas
1109 4004 1188 4072 ad
1221 4005 1419 4093 hujus
1456 4007 1656 4071 status
1694 4003 2036 4072 essentiam
2068 4019 2199 4066 non
2238 4001 2455 4092 requi-

177 4118 366 4190 ritur.
1003 4121 1030 4149 ⁹

262 4237 702 4307 Amnum-un
737 4237 818 4306 V.
851 4273 941 4290 -
967 4237 1079 4306 Ex
1118 4256 1189 4303 eo
1235 4231 1416 4325 quod
1446 4255 1569 4324 per
1617 4230 1841 4298 multa
1870 4229 2181 4300 Ecclesia:
2211 4229 2457 4301 saecula

187 4370 368 4420 verus
389 4363 608 4422 status
629 4352 986 4443 reliqiosus
1005 4371 1158 4420 eum
1177 4348 1338 4420 solis
1359 4347 1531 4416 votis
1557 4343 1970 4433 simplicibus
1992 4346 2339 4416 exstiterit.
2368 4381 2455 4400 ...-
