2834 4959
1006 368 1158 415 PARS
1204 368 1467 425 QUARTA.
2260 361 2295 416 6
2304 362 2381 419 39

77 512 362 565 causam
407 490 709 559 eamdem
761 490 1189 572 mentientur,
1247 497 1310 557 et
1363 491 1434 557 in
1478 490 1742 557 ruinam
1802 510 1985 556 suam
2026 488 2387 579 praecipites

77 616 313 678 ruent.
343 607 510 688 Hoc,
563 605 862 693 inquam,
889 602 1287 694 religionum
1319 613 1382 673 et
1426 604 1730 673 Ecclesiae
1774 606 2117 689 damnum,
2172 607 2381 676 inhae-

75 732 188 791 ret
221 724 491 815 ipsimet
539 720 893 813 principio,
941 720 1116 809 quod
1176 726 1311 789 tuta
1353 720 1749 789 conscientia
1788 720 2101 809 aufugere
2150 729 2213 787 et
2262 744 2385 790 nu·

75 840 248 908 bere
297 838 545 907 valeant
585 835 860 904 nulliter
935 835 1232 926 professi,
1309 836 1611 924 quamvis
1676 834 2041 903 nullitatem
2113 834 2385 926 probare

75 976 232 1023 non
277 951 642 1043 potuerint3
678 949 836 1041 quia
862 950 1064 1020 semel
1093 950 1376 1019 admissa
1415 950 1735 1041 ejusmodi
1778 952 2093 1038 doctrina,
2128 974 2261 1045 prae
2290 954 2386 1022 fo-

82 1068 286 1137 ribus
313 1076 434 1137 stat
477 1068 710 1157 ingens
760 1064 926 1135 illud
985 1064 1477 1133 detrimentum.
1512 1065 1655 1133 Jam
1696 1086 1845 1134 vero
1900 1074 2073 1134 extra
2132 1075 2382 1138 contro-

81 1185 377 1251 versiam
422 1189 544 1268 est,
573 1182 782 1250 teneri
810 1201 1142 1281 quemque
1169 1179 1250 1248 ad
1275 1182 1631 1249 omittenda
1656 1202 1801 1273 quae
1852 1182 1979 1273 ipsi
2010 1183 2165 1251 alias
2207 1184 2382 1254 licita

85 1298 280 1366 foren
288 1303 336 1378 t,
399 1301 453 1367 si
507 1301 782 1386 nequeat
843 1316 918 1363 ea
982 1314 1284 1384 peragere
1333 1295 1575 1385 absque
1624 1298 1807 1385 gravi
1851 1296 2131 1367 aliorum
2180 1298 2379 1367 detri-

85 1420 351 1498 mento,
385 1411 746 1502 proesertim
791 1408 1107 1499 generali,
1156 1417 1216 1476 et
1245 1410 1574 1499 religiosos
1604 1412 1864 1481 ordines
1914 1419 2107 1503 atque
2152 1413 2375 1482 Eccle-

85 1530 258 1596 siam
289 1528 500 1618 ipsam
538 1525 882 1595 afficiente.
929 1524 1106 1613 Ergo
1133 1525 1402 1594 nulliter
1435 1526 1700 1617 professi
1730 1528 1809 1595 de
1847 1527 2085 1619 quibus
2136 1530 2375 1615 agitur,

90 1643 512 1727 tenebuntur,
564 1662 696 1709 non
742 1639 1012 1731 quidem
1067 1639 1131 1706 vi
1187 1640 1601 1729 professionis
1638 1662 1773 1711 suae
1828 1640 2007 1732 (cum
2066 1664 2139 1709 ex
2172 1642 2381 1732 hypo-

81 1757 254 1825 thesi
303 1779 532 1825 revera
582 1758 768 1825 irrita
807 1755 1060 1845 fuenit),
1125 1756 1234 1823 sed
1270 1756 1350 1823 ad
1407 1746 1747 1825 vitandum
1788 1777 1981 1845 grave
2009 1756 2169 1825 illud
2200 1758 2381 1825 dam-

85 1894 284 1954 num,
319 1871 640 1939 abstinere
667 1892 705 1939 a
749 1870 1190 1954 matrimonio,
1245 1880 1309 1939 et
1347 1872 1410 1939 in
1441 1872 1754 1962 religione
1798 1892 2155 1939 remanere.
2204 1873 2379 1963 Ergo

83 1990 143 2055 si
185 1988 448 2076 fugiant
479 1993 539 2054 et
567 1988 842 2072 nubant,
872 1986 1086 2077 gravis
1113 1987 1362 2078 peccati
1403 1988 1499 2055 rei
1530 1993 1708 2055 sunt.
1760 1985 1932 2077 Ergo
1964 1990 2135 2077 juste
2168 1990 2379 2079 potuit

87 2102 466 2174 concilium
485 2100 940 2171 Tridentinum
965 2104 1031 2171 id
1067 2105 1158 2171 eis
1186 2103 1552 2245 prohibere,
1581 2103 1703 2172 sub
1731 2103 1939 2193 poenis
1966 2104 2035 2171 in
2067 2108 2375 2195 apostatas

90 2215 264 2286 latis.

177 2330 252 2397 2ο
278 2328 348 2399 Si
375 2338 608 2419 agatur
627 2331 710 2399 de
755 2331 833 2400 iis
870 2334 984 2424 qui
1015 2356 1132 2425 per
1181 2334 1711 2425 quinquennium
1749 2352 1881 2401 non
1914 2331 2369 2419 reclamarunt,

83 2444 302 2515 adhuc
346 2447 604 2535 justum
659 2452 752 2515 est
818 2446 1280 2517 Tridentinum
1343 2448 1703 2533 decretum,
1735 2454 2057 2539 quatenus
2103 2450 2172 2515 in
2220 2470 2377 2518 con·-

79 2561 362 2631 scientia
401 2561 713 2651 obligans.
759 2562 1084 2651 Equidem
1117 2566 1390 2632 sancivit
1436 2585 1569 2651 eos,
1620 2566 1833 2653 elapso
1891 2566 2368 2655 quinquennio,

76 2698 226 2743 non
285 2676 418 2744 sore
455 2676 837 2759 audiendoS‚
892 2678 1196 2766 quamvis
1252 2684 1480 2765 praesto
1514 2677 1639 2743 sibi
1684 2697 1819 2743 esse
1866 2680 2179 2747 nullitatis
2226 2703 2373 2769 pro-

75 2789 379 2859 bationes
414 2792 758 2862 dicerent:
801 2790 912 2859 sed
973 2790 1310 2879 dispositio
1368 2790 1510 2857 haec
1548 2788 1967 2877 intelligenda
2014 2798 2104 2857 est
2149 2791 2229 2859 de
2273 2815 2371 2861 re-

73 2905 579 2974 clamationibus
609 2928 723 2996 per
769 2906 952 2974 viam
981 2904 1429 2973 ordinariam.
1464 2900 1609 2972 Non
1656 2910 1874 2970 autem
1902 2904 2237 2994 prohibuit
2262 2928 2371 2996 sy-

77 3020 302 3087 nodus
327 3043 405 3090 ne
435 3022 652 3091 audiri
694 3021 914 3091 adhuc
943 3029 1198 3113 possent
1223 3043 1338 3113 per
1387 3020 1569 3088 viam
1622 3018 2262 3103 extraordinariam,
2300 3024 2369 3093 id

81 3140 184 3201 est
233 3136 582 3211 obtinendo
629 3160 668 3205 a
721 3138 870 3207 sede
918 3137 1290 3228 Apostolica
1347 3136 1823 3205 restitutionem
1896 3137 1967 3203 in
2006 3137 2361 3227 integrum.

85 3246 172 3315 Et
203 3272 422 3319 revera
459 3254 718 3340 quoties
755 3253 1040 3343 allegant
1069 3254 1350 3343 alicujus
1389 3251 1701 3319 momenti
1753 3250 2182 3341 probationes,
2232 3274 2365 3322 non

85 3364 186 3433 eis
229 3369 542 3435 restitutio
589 3368 662 3435 in
705 3366 1040 3458 integrum
1095 3370 1474 3457 denegatur.
1529 3365 1717 3436 Unde
1763 3366 2019 3435 tandem
2074 3388 2193 3435 nec
2241 3369 2365 3459 ipsi

80 3478 398 3569 jubentur
439 3482 507 3550 in
553 3484 868 3573 religione
893 3504 1258 3569 remanere,
1293 3485 1421 3551 nisi
1458 3482 1719 3571 quando
1751 3480 1819 3549 in
1857 3482 2187 3571 probanda
2216 3504 2363 3571 pro·

86 3593 376 3663 fessionis
407 3618 542 3664 suae
571 3598 866 3666 nullitate
889 3598 1286 3667 defecerunt.
1323 3596 1497 3685 Ergo
1522 3597 1601 3663 de
1636 3595 1795 3685 ipsis
1816 3594 1990 3663 idem
2016 3596 2361 3663 dicendum

86 3714 184 3777 est
207 3732 280 3778 ac
301 3710 381 3779 de
406 3711 758 3802 prioribus⁴

177 3822 242 3893 3θ
284 3824 486 3895 Casus
527 3829 796 3897 autem
775 3850 848 3897 ιιι
873 3848 1005 3917 quo
1048 3828 1319 3917 rigidior
1345 3826 1551 3895 videri
1600 3828 1805 3916 potest
1839 3824 2217 3894 Tridentina
2249 3826 2363 3895 illa

82 3939 444 4031 dispositio,
474 3948 568 4009 est
609 3941 788 4011 illius
809 3942 927 4031 qui
975 3962 1053 4011 ex
1085 3948 1263 4009 metu
1287 3940 1771 4033 professionem
1816 3939 2085 4008 nulliter
2110 3942 2363 4009 emisis-

83 4061 202 4139 set,
245 4062 306 4123 et
359 4054 582 4123 eadem
643 4056 721 4125 de
761 4077 956 4127 causa
1008 4078 1128 4146 per
1171 4054 1708 4145 quinquennium
1746 4046 1881 4123 nen
1928 4054 2355 4125 reclamasset.

85 4173 234 4261 Sed,
291 4180 364 4243 ut
423 4172 738 4258 diximus,
793 4174 917 4265 ipsi
967 4180 1138 4266 patet
1190 4173 1404 4242 adhuc
1454 4172 1563 4240 via
1610 4170 2030 4241 restitutionis
2073 4173 2144 4240 in
2198 4174 2361 4242 inte-

91 4310 303 4381 grum.
359 4290 544 4361 Unde
595 4289 652 4360 si
705 4296 954 4361 metum
998 4289 1266 4380 probare
1321 4289 1549 4380 possit,
1618 4285 1783 4356 liber
1847 4286 2232 4355 dimittetur.
2290 4284 2359 4357 Si

93 4422 234 4473 vero
266 4402 332 4468 in
389 4404 722 4494 probando
767 4402 1094 4483 defecerit,
1143 4402 1266 4471 erit
1309 4402 1381 4469 in
1433 4422 1584 4471 casu
1622 4422 1850 4471 eorum
1908 4402 2027 4491 qui
2078 4420 2117 4469 a
2166 4400 2361 4471 licitis
