2834 4959
353 311 475 366 376
921 315 1262 363 TRACTATUS
1307 315 1388 362 DE
1428 315 1579 363 mm:
1625 315 2039 364 REGULARIUM.

351 438 524 508 velle
549 437 696 505 illos
719 437 1058 528 requlares
1088 436 1240 519 jure
1263 436 1789 507 conventualiter
1822 431 2148 504 existendi
2184 437 2263 506 in
2296 439 2431 510 illa
2470 445 2675 514 civi-

349 564 512 636 tate,
545 541 786 621 aliisve
817 550 1084 642 juribus
1117 563 1240 620 aut
1269 548 1669 642 privileqiis,
1702 549 1839 620 nisi
1858 549 1935 618 id
1966 573 2267 642 expresse
2310 553 2655 643 declaret.

347 705 440 722 -
464 667 892 738 Probavimus
920 689 1050 736 non
1073 665 1310 758 perimi
1343 666 1483 734 hoec
1512 667 1664 756 jura
1694 687 1808 756 per
1833 667 2043 735 solam
2072 672 2453 740 monasterii
2478 673 2661 743 alie-

347 785 702 864 nationem.
753 779 878 854 Sed
925 788 1132 873 posset
1169 781 1316 872 quis
1345 782 1613 871 fingere,
1655 779 1997 850 bannense
2024 787 2315 854 mentem
2354 785 2653 857 Romani

353 898 706 982 pontificis,
737 899 898 968 dum
930 897 1167 966 alienat
1185 897 1683 985 monasterium,
1714 901 1789 964 ut
1810 895 2137 986 regulares
2166 898 2349 966 hisce
2368 900 2647 985 juribus

350 1017 686 1105 priventur
715 1015 924 1104 quoad
955 1013 1278 1082 civitatem
1307 1015 1380 1082 in
1407 1035 1539 1103 qua
1566 1017 1703 1082 erat
1742 1013 2209 1082 monasterium
2238 1013 2637 1086 alienatum.

347 1130 713 1221 Rejicienda
737 1135 954 1198 autem
982 1134 1077 1197 est
1101 1129 1214 1198 illa
1257 1128 1659 1219 hypothesiS,
1696 1132 1915 1218 utpote
1962 1130 2241 1216 gratuita
2266 1135 2467 1220 atque
2490 1153 2643 1202 om-

347 1248 502 1315 nino
527 1245 705 1314 falsa.
737 1246 974 1334 Agitur
992 1244 1170 1314 enim
1197 1243 1278 1312 de
1301 1243 1493 1312 bonis
1520 1241 1965 1312 ecelesiasticis
1994 1263 2140 1332 quae
2162 1245 2333 1334 jam,
2358 1267 2439 1314 ex
2458 1253 2638 1316 tem-

347 1383 580 1451 porum
609 1360 994 1440 calamitate,
1023 1361 1262 1451 injuste
1303 1357 1561 1428 fuerant
1586 1363 1921 1448 occupata.
1954 1357 2037 1426 Et
2069 1357 2335 1448 quidem
2362 1359 2639 1449 quando

348 1479 512 1548 bona
560 1476 668 1544 illa
705 1476 786 1543 de
833 1496 1036 1543 manu
1083 1476 1154 1542 in
1208 1493 1479 1543 manum
1528 1473 1811 1558 vendita,
1864 1473 2069 1542 divisa
2118 1479 2181 1542 et
2226 1481 2643 1544 commutata

343 1592 765 1675 transierunt,
827 1611 910 1658 ne
957 1591 1356 1681 periclitetur
1399 1590 1471 1658 in
1518 1589 1733 1680 aliqua
1774 1590 2041 1679 regione
2084 1587 2425 1659 multarum
2474 1590 2641 1658 ani-

347 1727 606 1775 marum
653 1706 847 1792 salua,
893 1707 948 1775 si
995 1711 1128 1774 tam
1177 1704 1461 1774 difficilis
1509 1704 1825 1774 restitutio
1866 1705 2181 1794 exigatur,
2228 1709 2429 1794 petest
2488 1701 2631 1772 Ro-

347 1843 576 1892 manus
623 1821 940 1907 Pontifex,
979 1826 1292 1912 tanquam
1339 1842 1689 1913 supremus
1736 1821 2061 1890 bonorum
2098 1820 2361 1888 illorum
2402 1818 2635 1888 admi-

347 1937 643 2006 nistrator
662 1988 683 2018 ,
739 1936 1118 2006 eorumdem
1167 1935 1539 2006 dominium
1602 1933 2043 2004 detentoribus
2106 1933 2355 2002 cedere.
2414 1935 2631 2026 Atque

347 2073 564 2122 revera
621 2051 784 2121 facta
829 2058 924 2120 est
965 2051 1289 2141 ejusmodi
1339 2050 1541 2120 cessio
1586 2049 1805 2140 quoad
1856 2050 2169 2138 Angliam
2220 2049 2343 2118 sub
2396 2050 2630 2139 regina

343 2169 544 2238 Maria
567 2218 586 2250 ,
636 2168 850 2255 quoad
893 2165 1297 2236 Gallicanam
1345 2166 1827 2258 rempublicam
1874 2167 1998 2236 sub
2040 2165 2411 2258 Napoleone
2452 2165 2509 2255 1,
2558 2175 2629 2236 et

325 2282 554 2373 'quoad
579 2282 738 2350 alias
765 2282 1084 2371 regiones.
1112 2283 1234 2351 Ast
1271 2303 1391 2351 nec
1417 2283 1603 2369 solet,
1633 2303 1753 2352 nec
1782 2282 1956 2352 licite
1986 2288 2191 2372 potest
2230 2283 2415 2351 sedes
2450 2281 2625 2374 Apo-

342 2395 564 2466 stolica
587 2403 716 2464 tam
743 2394 1106 2464 extremum
1131 2396 1521 2482 remedium,
1540 2397 1668 2466 nisi
1694 2403 1967 2488 urgente
1993 2399 2382 2488 gravissima
2406 2420 2627 2468 neees-

344 2509 901 2594 sitate,·adl1ibere.
931 2509 1116 2578 Unde
1143 2517 1206 2578 et
1227 2509 1378 2579 Pius
1392 2509 1510 2578 Vll
1534 2531 1599 2578 se
1631 2510 1709 2578 ad
1730 2511 1798 2580 id
1824 2517 2135 2600 tanquam
2160 2511 2241 2579 ad
2256 2511 2623 2600 lugendum

342 2625 732 2694 sacrificium
753 2625 1086 2695 devenisse
1111 2632 1378 2694 testatur
1409 2649 1427 2695 ε
1460 2627 1874 2708 Constantem,
1906 2626 2145 2717 inquit,
2174 2627 2249 2694 in
2276 2627 2616 2720 proposito

344 2739 439 2810 ad
461 2737 692 2809 omnia
717 2741 1072 2831 sacrificia,
1097 2746 1216 2810 etc.
1251 2742 1499 2832 (litterae
1522 2764 1637 2832 pro
1660 2740 2046 2810 concordate
2072 2745 2233 2810 anni
2265 2742 2491 2834 1801).
2526 2741 2621 2812 Ex

347 2879 480 2947 quo
511 2862 706 2947 patet,
739 2858 795 2926 si
837 2857 996 2946 quid
1041 2877 1335 2946 unquam
1375 2859 1631 2926 strictoe
1678 2856 2255 2947 interpretationis
2286 2859 2509 2945 fuerit,
2554 2864 2619 2927 at

312 3035 316 3038 ,
345 2995 543 3063 quam
585 2976 869 3043 maxime
897 2974 1054 3042 tales
1079 2995 1212 3042 esse
1250 2973 1581 3042 habendas
1614 2973 2031 3041 alienationes
2060 2975 2117 3063 ej
2126 2972 2423 3058 usmodi;
2458 2993 2619 3064 prae-

343 3090 566 3159 sertim
617 3110 768 3158 cum
815 3089 1040 3158 cedant
1069 3091 1139 3157 in
1177 3088 1493 3158 damnum
1531 3070 1726 3174 tertii,
1758 3088 1826 3156 in
1872 3086 2087 3157 cultus
2114 3088 2335 3156 divini
2384 3087 2615 3172 immi-

346 3206 705 3291 nutionem,
738 3210 801 3274 et
829 3204 996 3272 nihil
1035 3202 1210 3273 aliud
1245 3204 1374 3272 sint
1401 3225 1599 3294 quam
1628 3203 1952 3271 bonorum
1985 3201 2281 3270 Ecclesioe
2314 3203 2381 3270 in
2408 3203 2615 3272 laico-

346 3341 492 3387 rum
517 3331 750 3388 manus
792 3320 1112 3410 elargitio,
1155 3341 1194 3387 a
1235 3320 1432 3388 sacris
1478 3317 1836 3388 canonibus
1872 3321 2021 3386 tam'
2045 3324 2353 3408 perpetuo
2382 3323 2449 3385 et
2478 3324 2613 3387 tam

339 3433 622 3502 districte
668 3436 1012 3525 prohibita.
1065 3435 1234 3526 Ergo
1267 3434 1463 3503 verba
1503 3435 1742 3524 quibus
1791 3433 1959 3502 fiunt
2012 3432 2431 3501 alienationes
2478 3434 2609 3502 istae

338 3552 554 3620 stricte
599 3553 868 3620 omnino
913 3556 1063 3619 sunt
1094 3550 1589 3642 interpretanda.
1626 3549 1797 3639 Ergo
1835 3547 1961 3616 nisi
1999 3547 2293 3618 Pontifex
2322 3569 2606 3640 expresse
2661 3543 2667 3548 ’

337 3665 615 3735 declaret
663 3667 904 3758 privari
953 3665 1278 3754 regulares
1321 3667 1475 3756 jure
1524 3663 2079 3733 conventualitatis
2128 3662 2406 3752 aliisque
2450 3664 2608 3752 juri·-

339 3774 461 3842 bus
499 3795 575 3843 ac
615 3773 969 3865 privilegiis
1011 3774 1173 3860 suis,
1229 3773 1509 3841 minime
1556 3771 1873 3842 censenda
1918 3778 2013 3840 est
2048 3769 2321 3860 privatio
2350 3770 2491 3842 haec
2538 3769 2605 3838 in

335 3892 590 3961 decreto
631 3889 1034 3960 alienationis
1084 3889 1408 3959 bonorum
1462 3887 1917 3979 temporalium
1956 3885 2229 3956 includi.
2282 3884 2431 3954 lmo
2472 3905 2603 3954 me-

336 4006 456 4074 rito
527 4005 944 4096 praesumitur
991 4002 1278 4072 Pontifex
1327 4003 1493 4071 velle
1552 4009 1619 4070 et
1672 4023 1933 4093 cupere,
1990 4010 2067 4069 ut
2117 3999 2366 4092 possint
2414 4015 2601 4084 regu-

331 4121 496 4192 lares
526 4175 548 4209 ,
605 4143 887 4213 quorum
953 4101 1336 4190 monasteria
1392 4125 1456 4186 et
1512 4117 1681 4186 bona
1736 4118 1831 4186 sic
1892 4139 1969 4186 ex
2018 4117 2188 4186 dicta
2240 4113 2607 4184 necessitate

295 4275 300 4281 ·
333 4241 602 4310 alienata
649 4246 826 4328 sunt,
875 4261 1076 4330 quam
1116 4237 1408 4331 primum
1452 4237 1523 4304 in
1567 4237 1712 4306 aliis
1762 4236 1889 4309 sihi
1932 4235 2321 4328 comparatis
2360 4233 2607 4304 aedibus

333 4358 692 4446 angelicam
763 4356 1049 4446 religiosi
1099 4363 1299 4425 status
1344 4353 1545 4424 vitam
1594 4352 1975 4422 instaurare.
2038 4349 2405 4422 Praesertim
2454 4370 2609 4420 cum
