2834 4959
19 992 26 1103 'r

1106 382 1265 431 PARS
1296 384 1534 432 TERTIA.
2349 387 2386 445 3
2393 390 2472 447 99

203 534 233 575 α
266 513 565 601 potestate
622 502 802 573 civili
858 502 1180 575 tributum
1248 507 1442 577 fuerit
1497 509 1890 601 possidendi,
1943 519 2008 581 et
2071 514 2152 583 ad
2216 538 2470 591 succes-

202 648 231 689 «
262 643 431 692 sores
480 618 959 689 transmittendi
1010 619 1179 689 bona
1240 623 1486 708 omnia,
1535 623 1638 693 vel
1686 625 1976 716 aliquam
2029 649 2262 699 eorum
2318 654 2468 723 par·-

196 762 232 802 κ(
258 744 415 825 tem,
468 734 653 805 nulla
695 734 822 804 erit
862 734 1111 804 occasio
1158 734 1672 807 sollicitudinem
1716 740 2050 811 exercendi
2101 744 2183 813 ad
2239 764 2466 815 eorum

198 878 233 919 α
270 851 837 923 conservationem.
880 848 1001 919 Sin
1042 855 1263 920 autem
1288 852 1524 923 modus
1564 854 1798 945 aliquis
1835 860 2232 949 excogitatus
2267 860 2464 933 fuerit

204 994 237 1037 α
274 968 631 1060 possidendi
689 967 885 1051 bona,
943 985 1058 1055 per
1109 966 1426 1037 societatis
1482 975 1912 1061 contractum,
1979 996 2109 1065 quo
2175 975 2346 1047 bona
2395 981 2465 1049 in

204 1109 236 1149 ιι
272 1082 609 1153 communi
658 1080 1067 1172 possidentur
1128 1102 1167 1149 a
1221 1082 1432 1151 tribus
1486 1084 1588 1154 vel
1649 1094 1924 1176 quatuor
1979 1094 2462 1165 communitatis

203 1225 233 1265 α
270 1198 607 1282 membris,
652 1198 743 1267 ita
788 1200 863 1265 ut
900 1216 1130 1267 omnes
1167 1198 1324 1267 socii
1364 1200 1478 1289 jus
1521 1198 1685 1270 illud
1731 1206 2094 1294 possideant
2150 1212 2460 1281 naturalis

202 1339 235 1379 α
268 1336 401 1385 snae
460 1315 609 1383 vitoe
674 1318 997 1403 tempore,
1064 1312 1175 1382 sed
1230 1334 1626 1406 quocunque
1697 1340 1774 1388 ex
1843 1319 1974 1389 illis
2029 1330 2287 1394 mortuo
2353 1328 2462 1415 jus

200 1456 237 1496 c<
271 1429 435 1521 apud
464 1427 834 1519 superstites
874 1427 1081 1499 socios
1122 1435 1452 1497 remaneat
1477 1431 1848 1522 possidendi
1903 1435 2076 1505 bona
2129 1441 2459 1526 universa,

200 1570 235 1611 α
272 1545 447 1615 nulla
508 1545 676 1615 facta
704 1542 973 1634 ‘cuique
1013 1564 1099 1612 ex
1156 1543 1313 1635 ipsis
1374 1551 1676 1637 potestate
1735 1551 2060 1623 alienandi
2123 1576 2258 1626 ειη
2317 1560 2464 1628 vitae

198 1687 231 1728 α
266 1668 579 1755 tempore,
638 1659 742 1729 vel
801 1681 916 1751 per
962 1665 1419 1729 testamentum
1472 1664 1882 1754 relinquendi
1944 1666 2114 1738 bona
2159 1670 2465 1761 praedicta

196 1802 229 1843 ι
264 1781 407 1868 post
450 1780 771 1857 mortem3
808 1777 969 1843 tunc
1022 1773 1089 1842 id
1130 1776 1581 1845 tantummodo
1625 1780 1708 1848 ab
1747 1780 2056 1874 Episcopo
2093 1785 2463 1855 curandum

195 1916 229 1957 α
266 1892 417 1975 erit,
461 1893 563 1968 ut,
604 1908 737 1958 nno
762 1909 838 1957 ex
858 1887 1049 1958 sociis
1084 1893 1366 1970 mortno,
1411 1890 1578 1959 alius
1613 1912 1692 1961 ex
1718 1898 2204 1966 communitatis
2249 1920 2463 1969 mem-

196 2028 235 2068 «
270 2003 407 2073 bris
452 2004 525 2071 in
566 2004 919 2072 societatem
960 2003 1371 2073 adsciscatur.
1423 2002 1718 2075 Tandem
1761 2008 1818 2075 si
1859 2010 2054 2079 unica
2101 2015 2464 2081 testamenti

194 2144 227 2183 c<
264 2123 593 2190 remaneat
636 2118 737 2189 via
777 2118 1254 2189 transmittendi
1303 2120 1472 2189 bona
1515 2119 1598 2189 ad
1649 2144 2070 2208 successores„
2126 2129 2463 2218 praecipiat

190 2260 225 2301 (ι
262 2232 619 2327 Episcopus
664 2234 1135 2327 superioribus,
1194 2234 1295 2304 vel
1346 2236 1474 2324 illi,
1528 2237 1644 2326 qui
1707 2260 1826 2309 suo
1881 2241 2142 2331 proprio
2195 2244 2463 2311 nomine

191 2376 225 2415 «
261 2350 745 2420 communitatis
786 2350 958 2421 bona
1002 2351 1327 2442 possidere
1376 2357 1538 2447 tunc
1577 2353 1834 2444 poterit,
1879 2361 1952 2423 ut
2003 2356 2224 2425 statim
2271 2364 2464 2427 testa-

195 2490 227 2528 ιι
264 2470 561 2535 mentum
586 2468 769 2557 juxta
801 2465 975 2555 leges
1010 2466 1255 2553 civiles,
1297 2466 1544 2559 duplici
1581 2469 1931 2564 exemplari
1971 2492 2154 2563 seque
2184 2474 2464 2543 authen-

192 2605 225 2645 α
262 2583 387 2653 tico
424 2580 739 2673 perficiat,
770 2602 843 2651 ex
870 2580 1111 2672 quibus
1152 2604 1368 2652 unum
1410 2584 1484 2651 in
1531 2585 2020 2657 communitatis
2065 2589 2326 2660 scriniis
2362 2590 2465 2659 di-

195 2720 228 2761 «
262 2698 535 2788 ligenter
582 2703 969 2787 asservetur,
1021 2698 1303 2767 alterum
1356 2716 1508 2766 vero
1567 2698 1648 2764 ad
1703 2698 2105 2793 Episcopum
2160 2705 2468 2775 dioecesa-

192 2836 229 2877 α
265 2832 431 2882 num
454 2812 523 2881 in
544 2814 835 2883 archivio
858 2812 1319 2883 asservandum
1342 2812 1661 2881 mittatur.

276 2950 313 2995 «
352 2926 547 2998 Facta
601 2950 751 2998 vero
812 2928 1238 2999 Sanctissimo
1290 2926 1575 2998 Domino
1627 2925 1859 2996 Nostro
1909 2926 2222 3016 Gregorio
2278 2927 2468 3022 Papae

189 3070 223 3113 c<
248 3044 409 3116 xv}
458 3045 555 3115 rei
618 3047 809 3115 totius
866 3043 1178 3117 relatione
1224 3064 1364 3137 per.
1378 3095 1392 3112 .
1408 3095 1424 3111 .
1485 3042 1554 3113 S.
1611 3042 2144 3134 congregationis
2197 3053 2470 3117 secreta·

184 3188 219 3229 «
248 3162 453 3250 rium,
498 3160 811 3232 Sanctitas
849 3158 1007 3248 Sua,
1056 3180 1207 3252 quae
1242 3161 1544 3251 superius
1579 3162 1948 3251 praescripta
1987 3164 2165 3248 sunt,
2205 3162 2278 3229 in
2319 3181 2468 3231 om-

146 3305 217 3345 .«
246 3276 447 3349 nibus
499 3276 933 3359 confirmavit,
980 3283 1045 3371 et
1090 3277 1462 3367 exequenda
1507 3297 1646 3346 esse
1685 3276 1900 3368 jussit.
1965 3275 2204 3347 Datum
2249 3274 2470 3349 Romae

184 3418 219 3460 (ι
243 3416 324 3464 ex
384 3392 637 3465 adibus
683 3392 893 3463 Sacrae
948 3392 1478 3484 Congregationis
1543 3392 1626 3462 de
1669 3393 2087 3483 propaganda
2140 3394 2292 3487 fide,
2364 3396 2472 3466 die

180 3532 215 3572 α
250 3506 341 3575 15
362 3506 729 3577 decembris
758 3507 955 3578 1840.
996 3533 1031 3573 n

258 3618 363 3691 Ex
388 3621 777 3692 documento
800 3622 915 3692 illo
944 3622 1081 3693 haec
1100 3626 1319 3712 aperte
1344 3614 1750 3711 sequuntur:

266 3738 337 3805 1⁰
382 3736 784 3830 Approbavit
830 3736 1183 3828 Gregorius
1208 3734 1389 3823 XVI,
1441 3742 1512 3805 ut
1549 3736 1722 3806 bona
1769 3734 2283 3817 communitatis,
2337 3733 2463 3803 sub

170 3850 383 3919 unius
404 3859 515 3921 aut
555 3853 851 3945 plurium
876 3852 1145 3924 nomine
1168 3852 1652 3937 inscribantur-3
1678 3854 1768 3921 ita
1810 3834 2046 3943 nempe
2079 3856 2155 3917 ut
2187 3848 2292 3919 isti
2315 3870 2468 3939 pro-

166 3964 490 4059 prietarii,
536 3968 693 4039 tales
730 3970 943 4061 reipsa
986 3989 1119 4039 non
1176 3968 1334 4053 sint,
1383 3966 1500 4037 sed
1539 3968 1850 4038 duntaxat
1893 3964 2198 4037 civiliter.
2256 3964 2471 4058 Atque

160 4084 331 4153 item
374 4084 777 4175 approbavit,
820 4092 895 4157 ut
936 4085 1037 4155 illi
1076 4084 1301 4155 civiles
1341 4083 1780 4177 proprietarii,
1825 4082 1896 4153 in
1938 4080 2270 4153 exer-endis
2311 4083 2471 4151 civi-

157 4198 349 4268 libus
386 4199 797 4292 proprietatis
842 4200 1094 4273 actibus
1132 4222 1201 4273 se
1244 4206 1543 4293 gererent
1580 4198 1846 4293 perinde
1876 4218 1952 4269 ac
1991 4200 2048 4268 si
2087 4196 2299 4269 forent
2336 4198 2466 4266 veri

158 4312 469 4397 domini3
513 4317 921 4410 proindeque
966 4317 1355 4389 existimavit
1399 4316 1497 4387 nil
1546 4316 1728 4407 pravi
1771 4316 1846 4385 in
1897 4314 2022 4385 hac
2073 4315 2308 4407 agendi
2359 4338 2464 4383 ra-

154 4427 343 4498 tione
366 4434 663 4523 reperiri.
1167 4448 1173 4457 ·
