2834 4959
396 348 516 407 398
970 352 1311 400 ΤΒΛΕΤΑΤΰθ
1356 352 1434 399 DE
1478 350 1630 399 sumt
1669 350 2085 399 REGULARIUM.

400 504 435 543 «
470 474 767 567 expedire
810 470 1263 564 judicaverint,
1316 474 1788 543 constituent...
1847 468 2186 541 Moneatur
2237 475 2442 547 etiam
2493 501 2528 547 a
2583 488 2684 550 te-

396 619 433 661 «
472 596 703 662 statore
740 588 1123 681 Episcopus,
1163 589 1279 677 qui
1324 588 1529 657 haeres
1569 588 1951 658 constitutus
2000 588 2226 676 fuerit,
2278 613 2396 683 per
2443 594 2684 669 litteras

400 733 435 773 t(
474 708 658 797 (quas
730 702 1037 795 perlectas
1104 702 1494 794 comburet),
1547 724 1626 771 eo
1691 707 1951 773 tantum
2009 703 2144 771 fine
2219 690 2292 775 se
2355 709 2678 782 haeredem

400 850 435 888 «
472 825 929 913 nuncupatum
974 818 1197 903 fuisse,
1244 824 1319 887 ut
1368 817 1539 886 hona
1583 819 1806 887 omnia
1859 818 2152 889 dioecesis
2195 822 2489 913 religiose
2527 848 2672 899 ms-

404 964 436 1003 «
472 936 827 1021 todiantur,
879 933 1085 1003 donec
1124 954 1163 1001 a
1194 931 1263 1002 S.
1316 932 1478 1002 Sede
1521 953 1852 1003 successor
1896 934 2218 1025 eligatur;
2271 937 2496 1029 illique
2519 948 2672 1013 tunc

402 1076 437 1121 α
478 1053 751 1125 fideliter
772 1056 837 1119 et
858 1050 1143 1141 legitime
1168 1049 1737 1118 transmittantur..
1752 1097 1769 1118 .
1802 1049 1918 1140 (1).

492 1194 528 1234 ε(
573 1166 816 1237 Eadem
866 1164 1299 1235 sollicitudine
1354 1162 1550 1233 Sacra
1604 1161 2032 1255 Congregatio
2083 1166 2422 1257 providere
2457 1170 2666 1239 volens

406 1308 439 1349 «
474 1282 803 1353 securitati
842 1282 1166 1352 bonorum
1214 1280 1764 1349 communitatum
1817 1280 2142 1371 omnium,
2189 1283 2327 1351 sive
2369 1283 2664 1354 ecelesia-

405 1431 439 1470 ι(
474 1405 811 1488 sticarum,
860 1404 994 1471 sive
1036 1400 1504 1487 religiosarum,
1555 1404 1698 1469 tum
1738 1400 2058 1482 virorum,
2100 1408 2238 1469 tum
2263 1403 2460 1471 etiam
2489 1403 2660 1493 puel·

404 1543 437 1583 «
474 1515 718 1600 larum,
788 1529 852 1584 et
912 1534 1460 1605 quarumcunque
1514 1513 1796 1582 aliarum
1851 1514 2104 1605 piarum
2154 1514 2662 1605 institutionum,

400 1662 433 1701 «
470 1656 617 1726 quae
680 1634 851 1703 inter
912 1633 1083 1703 bona
1146 1632 1571 1703 ecclesiastica
1627 1633 1850 1703 locum
1913 1634 2222 1723 obtinent,
2283 1636 2389 1704 vel
2437 1636 2666 1706 saltem

402 1776 435 1818 «
464 1770 692 1820 eorum
726 1754 974 1818 naturae
1018 1748 1429 1840 participant,
1473 1754 1664 1839 atque
1699 1746 1969 1819 sollicita
2008 1748 2300 1820 Ecclesiae
2329 1750 2668 1820 Pastorum

400 1892 434 1931 α
475 1886 633 1935 cura
672 1864 799 1956 piis
834 1862 1087 1946 usibus,
1122 1862 1209 1933 ob
1241 1884 1405 1955 quos
1449 1864 1552 1933 vel
1593 1870 1963 1956 comparata
1991 1865 2095 1934 vel
2131 1866 2363 1933 donata
2387 1866 2660 1950 inerunt,

400 2006 435 2046 «
474 1980 785 2051 servanda
834 1985 898 2049 et
948 1978 1219 2071 posteris
1284 1978 1560 2050 fideliter
1606 1978 2104 2051 transmittenda
2161 1987 2342 2067 sunt,
2383 2004 2524 2072 quae
2569 2002 2658 2052 se-

399 2122 433 2162 «
462 2101 757 2185 quuntur
786 2095 1118 2163 decernit:
1505 2116 1512 2123 ·
1593 2118 1602 2127 ·

490 2234 525 2275 α
551 2208 1101 2298 Archiepiscopus
1150 2212 1213 2276 et
1262 2207 1590 2301 Episcopi,
1652 2216 1794 2300 post
1837 2211 2077 2283 decreti
2117 2213 2320 2304 huJ‘us
2367 2216 2654 2306 receptio-

401 2350 435 2390 «
470 2344 621 2391 nem
646 2377 665 2409 ,
744 2322 822 2390 ad
896 2323 1262 2412 superiores
1284 2376 1303 2411 ,
1370 2327 1702 2415 praefectos
1773 2328 1878 2397 vel
1944 2328 2250 2420 praesides
2316 2329 2654 2399 eommuni-

401 2464 437 2504 «
472 2445 699 2521 tatum,
747 2458 894 2528 quae
933 2438 1103 2506 intra
1141 2437 1433 2508 dioecesis
1473 2462 1608 2509 suae
1658 2442 1819 2511 fines
1865 2444 2313 2535 reperiuntur,
2357 2446 2648 2528 seribent3

402 2580 435 2619 «
483 2552 745 2642 illisque
806 2550 1133 2637 omnibuS,
1208 2555 1595 2625 auctoritate
1663 2556 1875 2627 Sacrae
1941 2556 2472 2651 Congregationis
2503 2562 2652 2652 (quae

400 2693 435 2733 a
470 2666 599 2736 illis
652 2666 964 2736 omnibus
1025 2667 1105 2736 ad
1154 2666 1279 2739 hoc
1328 2671 1688 2762 specialiter
1741 2671 2098 2765 delegatur)
2149 2678 2537 2767 praecipient,
2587 2680 2656 2741 ut

398 2806 433 2847 «
468 2782 965 2873 quamprimum
1020 2782 1162 2875 fieri
1220 2784 1478 2875 poterit,
1537 2785 1876 2855 certiorem
1934 2808 2054 2878 per
2105 2789 2356 2859 litteras
2417 2788 2652 2879 Episco-

398 2922 433 2963 «
469 2919 631 2989 pum
678 2898 901 2989 ipsum
942 2896 1227 2969 faciant:
1284 2898 1349 2965 1⁰
1374 2900 1512 2987 An,
1560 2922 1734 2991 quae,
1763 2906 1828 2969 et
1871 2922 2006 2993 quo
2031 2924 2226 2972 onere
2263 2905 2438 2975 bona
2469 2904 2648 2996 possi-

398 3038 433 3079 «
470 3013 617 3082 deat
661 3014 1099 3084 communitas
1154 3016 1262 3084 cui
1310 3016 1590 3105 praeest‘?
1625 3020 1694 3085 2⁰
1740 3018 1846 3087 An
1887 3036 2025 3089 suae
2073 3021 2526 3090 communitati
2565 3020 2650 3088 ia-

400 3152 433 3195 «
472 3125 679 3198 cultas
714 3148 831 3199 seu
866 3129 979 3219 jus
1018 3148 1057 3199 a
1100 3128 1280 3198 civili
1330 3138 1638 3222 potestate
1681 3132 1911 3203 datum
1947 3132 2168 3218 fuerit,
2218 3136 2384 3207 bona
2421 3134 2646 3218 omnia,

396 3268 431 3309 (ι
471 3244 574 3310 vel
626 3264 857 3313 eorum
908 3248 1157 3335 partem
1212 3245 1580 3337 possidendi
1632 3252 1696 3318 et
1750 3249 1834 3321 ad
1883 3268 2286 3324 successores
2333 3250 2646 3323 transmit-

397 3379 432 3420 «
473 3340 695 3425 tendi?
748 3356 814 3425 3⁰
863 3356 973 3426 An
1020 3359 1192 3429 bona
1237 3362 1485 3449 omnia,
1530 3363 1632 3432 vel
1675 3363 1896 3457 aliqua
1940 3384 2169 3437 eorum
2216 3390 2365 3459 pars
2401 3390 2440 3439 a
2471 3386 2644 3458 supe-

394 3492 429 3535 «
468 3468 662 3553 riore,
705 3470 807 3539 vel
846 3471 929 3540 ah
968 3472 1188 3564 aliquo
1236 3479 1722 3549 communitatis
1764 3481 2085 3569 membro,
2135 3485 2240 3554 vel
2285 3506 2323 3556 a
2373 3484 2640 3577 pluribus

394 3611 429 3649 α
470 3583 871 3676 conjunctim
898 3588 1398 3678 possideantur?
1441 3595 1508 3662 4⁰
1541 3594 1644 3663 An
1670 3594 1955 3687 aliquem
1989 3598 2361 3670 invenerint
2401 3600 2640 3671 modum

392 3724 427 3765 t<
460 3703 600 3768 tuto
636 3700 715 3769 ad
748 3721 1149 3773 successores
1182 3704 1354 3775 bona
1398 3708 1706 3798 praedicta
1745 3712 2245 3801 transmittendi,
2294 3724 2362 3786 et
2397 3702 2534 3807 ciuis
2573 3712 2642 3780 sit

390 3837 425 3877 c<
464 3810 695 3880 modus
738 3810 907 3879 iste?
948 3813 1017 3881 δ”
1060 3814 1168 3883 An
1198 3816 1422 3888 nullus
1459 3818 1634 3890 alius
1658 3820 1971 3893 habeatur
2009 3826 2245 3897 modus
2277 3832 2636 3919 praetentet·

392 3952 425 3993 α
462 3932 829 3997 tamentum
848 3924 885 3995 ‘2
2299 3942 2311 3951 “
2394 3997 2400 4005 ,

476 4065 514 4107 α
542 4038 869 4134 Responso
938 4050 1223 4137 accepto,
1283 4045 1668 4119 ordinarius
1729 4052 1889 4142 quid
1960 4055 2293 4146 agendum
2343 4057 2424 4127 sit
2473 4049 2636 4122 iacile

390 4182 423 4221 (ι
456 4155 833 4249 comperiet.
886 4154 1056 4229 Nam
1104 4161 1159 4230 si
1216 4182 1363 4253 quae
1412 4164 1544 4233 sint
1603 4168 2125 4254 communitates,
2179 4172 2424 4263 quibus
2464 4172 2564 4261 jus
2603 4184 2633 4231 a

446 4342 510 4404 (1)
544 4342 619 4395 Ibl
640 4345 781 4395 varta
802 4347 1194 4409 praescribuntur
1213 4348 1277 4401 ad
1296 4354 1492 4403 rectam
1519 4352 1609 4415 hus
1617 4365 1737 4407 usco
1764 4358 2057 4409 testamenti
2092 4358 2456 4415 coniectionem
2473 4360 2518 4411 et
2540 4364 2632 4407 exe·

380 4422 635 4473 cntionem
654 4428 966 4487 opportuna.
