2834 4959
414 372 539 430 0⁴4
980 376 1321 424 'rnacnws
1362 378 1442 425 m:
1487 376 1636 424 JURE
1681 376 2094 424 nummu.

418 526 453 567 κ
480 498 811 590 religionis
866 498 1119 568 occulte
1180 498 1505 567 discedere
1571 506 1870 589 nequeat,
1917 520 2040 568 nec
2095 500 2169 567 in
2217 500 2356 571 foro
2427 512 2660 574 externo

416 644 453 685 ι
482 617 679 708 possit
734 614 1002 707 probare
1060 618 1301 684 certam
1354 614 1716 682 nullitatem
1793 635 1926 683 suae
2003 614 2446 706 professioniS,
2495 620 2658 688 debet

410 761 447 801 α
474 754 733 803 manere
770 733 841 801 in
892 730 1201 820 religione
1250 731 1454 799 donec
1509 728 1850 799 commoda
1901 731 2149 801 occasio
2195 734 2338 801 sine
2383 734 2656 803 scandalo

410 878 447 917 α
476 850 727 919 occulte
774 848 1063 939 fugiendi
1093 868 1159 915 se
1186 846 1409 916 offerat
1437 869 1455 928 ;
1481 852 1545 915 et
1583 846 1873 931 interim,
1907 844 2168 917 absente
2199 850 2488 918 scandali
2517 852 2660 943 peri-

408 991 445 1032 «
471 964 643 1049 culo,
676 984 805 1032 non
828 968 1083 1031 tenetur
1118 960 1200 1030 ad
1232 966 1377 1030 vota
1402 966 1468 1030 et
1497 960 1792 1050 regulam
1819 961 2092 1031 ordinis.
2139 986 2176 1027 n

488 1078 865 1173 Respondeo
925 1080 1014 1148 1⁰.
1074 1114 1173 1131 --
1202 1076 1441 1169 Opinio
1491 1077 1657 1167 haec,
1707 1076 1777 1146 in
1827 1085 2142 1169 quantum
2194 1082 2658 1168 extenderetur,

398 1218 529 1267 non
556 1205 811 1267 tantum
840 1194 923 1265 ad
956 1194 1378 1287 professiones
1425 1192 1638 1262 nullas
1659 1192 1738 1262 de
1789 1196 1940 1283 jure
1991 1195 2300 1280 naturali,
2330 1198 2396 1265 id
2443 1205 2564 1287 est,
2595 1221 2660 1267 ex

396 1315 645 1383 defectu
696 1332 1046 1381 consensus
1098 1310 1165 1377 in
1238 1309 1551 1389 vovendo,
1607 1306 1718 1376 sed
1791 1308 1872 1377 ad
1936 1308 2092 1379 alias
2143 1315 2338 1380 etiam
2403 1336 2482 1382 ex
2521 1315 2656 1406 jure

396 1427 821 1501 ecclesiastico
862 1426 1099 1512 irritas,
1134 1424 1301 1491 mihi
1350 1426 1624 1493 omnino
1669 1424 1826 1493 falsa
1877 1432 1942 1493 et
1979 1426 2324 1496 deserenda
2369 1428 2648 1514 videtur3

394 1546 572 1637 quia,
602 1550 674 1610 ut
718 1564 794 1611 ex
838 1539 1260 1628 subjiciendis
1304 1538 1789 1607 auctoritatibus
1837 1540 2106 1631 patebit,
2139 1548 2375 1609 certum
2403 1552 2494 1611 aet
2521 1544 2646 1613 dari

396 1678 577 1749 posse
606 1658 1029 1749 professiones
1067 1652 1305 1739 nullas,
1338 1676 1483 1743 quae
1521 1654 1932 1745 profitentem
1978 1669 2129 1725 voto
2157 1656 2438 1749 simplici
2455 1660 2634 1727 casti-

392 1776 537 1845 tatis
590 1774 966 1843 obstrictum
1031 1770 1427 1861 relinquant.
1485 1768 1611 1839 Sed
1674 1793 1828 1840 cum
1902 1770 2192 1842 Fet-raris
2237 1772 2526 1863 loquatur
2568 1776 2636 1844 de

394 1892 781 1983 professione
815 1888 997 1957 nulla
1034 1910 1117 1956 ea·
1147 1884 1369 1977 aliquo
1404 1908 1741 1955 nssnurlut
1759 1884 2036 1978 defectu,
2063 1888 2223 1957 bene
2247 1889 2442 1980 ipsius
2467 1890 2646 1960 verba

394 2006 799 2098 interpretari
838 2015 1104 2097 possunt
1142 2002 1219 2072 de
1262 2002 1396 2071 sola
1449 2003 1840 2095 professione
1879 2004 2060 2073 nulla
2093 2028 2170 2073 ex
2205 2006 2462 2076 defectu
2507 2030 2647 2076 eon-

392 2144 642 2205 sensus,
673 2123 737 2191 id
785 2127 905 2205 est,
934 2143 1008 2189 ex
1048 2141 1123 2188 eo
1168 2118 1339 2209 quod
1368 2116 1680 2209 profitens
1727 2118 1898 2209 ficte,
1960 2120 2056 2189 vel
2099 2122 2346 2212 absque
2381 2104 2648 2191 libertale

390 2236 657 2306 voverit.
1525 2306 1534 2315 .

480 2357 857 2450 Respondeo
886 2359 980 2425 2⁰.
1014 2393 1103 2409 —
1124 2355 1335 2425 Etiam
1365 2356 1459 2423 sic
1484 2357 1772 2425 restricta
1799 2358 2022 2449 opinio
2053 2380 2200 2428 vera
2225 2382 2354 2428 non
2381 2360 2644 2429 videtur.

388 2474 646 2541 Etenim
676 2472 921 2539 ratione
970 2469 1127 2537 boni
1156 2468 1399 2561 publici
1440 2476 1644 2561 potest
1688 2470 1972 2542 Ecclesia
2009 2496 2162 2542 eum
2209 2476 2328 2565 qui
2369 2476 2512 2547 ficte
2555 2486 2648 2545 aut

388 2588 628 2679 absque
656 2586 943 2655 libertate
972 2586 1290 2678 protessus
1314 2591 1433 2669 est,
1468 2584 1755 2675 obligare
1793 2588 1874 2655 ad
1903 2591 2380 2659 remanendum
2411 2594 2480 2660 in
2516 2594 2642 2661 reli-

388 2704 602 2795 gione,
638 2704 725 2771 ita
746 2708 841 2791 ut,
870 2704 937 2770 vi
965 2701 1127 2792 legis
1154 2700 1613 2787 ecclesiasticae,
1649 2702 1874 2771 eodem
1925 2704 2117 2773 modo
2161 2706 2246 2773 sit
2291 2706 2637 2792 obstrictuS,

390 2842 467 2889 ac
498 2820 552 2889 si
590 2819 865 2888 validam
914 2818 1230 2887 emisisset
1256 2816 1740 2907 professionem.
1786 2816 1986 2909 Atqui
2025 2842 2246 2889 revera
2277 2822 2367 2889 ita
2396 2823 2549 2892 velle
2589 2830 2640 2889 et

388 2936 731 3024 praecipere
755 2932 1035 3001 Ecclesia
1074 2930 1388 2999 censenda
1412 2937 1526 3017 est,
1552 2951 1703 2999 casu
1746 2953 1876 3020 quo
1903 2932 2164 3001 nulliter
2199 2936 2516 3026 professus
2538 2958 2636 3003 ne·

388 3055 580 3141 queat
632 3070 980 3119 consensus
1014 3046 1329 3116 detectum
1371 3046 1680 3137 probare3
1725 3048 1880 3136 quia
1916 3049 1980 3118 id
2037 3052 2317 3141 postulat
2360 3052 2636 3142 generale

387 3168 781 3255 religionum
841 3166 1159 3252 totiusque
1212 3162 1698 3230 christianitatis
1759 3162 2030 3232 bonum.
2080 3164 2164 3234 Et
2241 3169 2632 3235 confirmatur

386 3280 675 3369 exemplo
717 3276 1117 3347 matrimonii
1144 3298 1217 3345 ex
1246 3276 1501 3345 defectu
1529 3297 1878 3346 consensus
1903 3280 2173 3349 nulliter
2197 3282 2509 3353 contracti.
2533 3278 2627 3347 Ob

382 3394 677 3483 generale
721 3396 1039 3464 societatis
1076 3394 1444 3463 christianae
1486 3392 1759 3479 bonum,
1797 3416 1946 3485 pars
1991 3419 2135 3487 quae
2183 3398 2454 3468 defuisse
2490 3420 2630 3467 con-

388 3532 647 3581 sensum
674 3512 1035 3603 praetendit‚
1056 3509 1184 3577 nisi
1213 3509 1279 3577 id
1306 3507 1578 3598 probare
1605 3508 1830 3599 valeat,
1855 3513 2108 3603 cogitur
2135 3516 2206 3582 in
2234 3516 2632 3584 matrimonio

382 3649 737 3697 remanere.
770 3624 957 3695 Unde
988 3624 1105 3714 qui
1150 3624 1295 3692 ficte
1345 3623 1663 3713 professus
1705 3632 1824 3711 est,
1863 3634 2053 3719 atque
2099 3630 2167 3698 id
2213 3632 2482 3721 probare
2515 3652 2632 3700 non

382 3749 604 3833 potest,
671 3763 803 3811 non
854 3739 1117 3830 quidem
1170 3738 1233 3807 vi
1298 3738 1454 3827 voti,
1503 3738 1613 3807 sed
1686 3761 1761 3809 ex
1808 3738 1948 3833 lege
1999 3740 2303 3814 Ecclesiae
2353 3745 2630 3837 religioni

377 3858 722 3927 obstrictus
770 3856 1150 3925 remanebit.

466 3970 651 4053 Quod
683 3978 897 4041 autem
920 3970 1201 4039 Ecclesia
1241 3990 1466 4039 revera
1507 3970 1748 4061 obliget
1776 3972 1846 4039 in
1889 3973 2284 4045 conscientia
2319 3975 2400 4045 ad
2433 3994 2618 4043 rema-

383 4086 671 4157 nendum
700 4088 769 4155 in
807 4086 1143 4177 religione,
1172 4092 1315 4153 tum
1352 4106 1461 4154 eos
1509 4086 1625 4177 qui
1657 4085 1980 4157 defectum
2005 4110 2357 4161 consensus
2381 4088 2620 4182 probare

377 4210 731 4291 nequeunt,
784 4208 926 4270 tum
977 4201 1173 4270 etiam
1222 4220 1329 4269 eos
1374 4198 1488 4289 qui
1531 4198 1799 4291 probare
1853 4210 2188 4293 nequeunt
2241 4228 2326 4275 ex
2373 4204 2626 4272 honesta

376 4336 575 4381 causa
634 4336 1019 4384 consensum
1091 4314 1392 4400 defuisse,
1448 4319 1694 4383 constat
1757 4337 1830 4385 ex
1878 4317 2072 4386 variis
2121 4318 2330 4411 ipsius
2381 4313 2626 4387 decretis

374 4428 438 4488 et
464 4426 694 4508 agendi
717 4429 981 4497 ratione.
1012 4426 1199 4507 Quod
1239 4428 1452 4518 palam
1499 4428 1654 4498 facit
1693 4426 2044 4520 Fagnanus
2065 4431 2163 4523 (in
2187 4456 2330 4526 cap.
2366 4428 2619 4522 Siquis,
