2834 4959
1078 352 1229 401 PARS
1272 354 1514 401 mmm„
2321 356 2358 407 4
2369 356 2446 410 45

146 480 469 561 stimisse3
527 475 597 544 id
642 481 761 559 est,
810 476 901 543 ita
948 481 1023 543 ut
1062 474 1526 548 interveniente
1577 479 1880 551 facultate
1917 478 2253 551 pontificia
2297 506 2444 573 pos·

146 604 243 665 set
296 592 649 681 religiosus
701 590 1025 680 professus
1078 598 1265 661 actus
1320 592 1600 661 dominii
1660 594 1870 663 valide
1917 615 2208 683 exerere3
2265 597 2338 665 2⁰
2381 598 2448 669 id

146 728 573 801 nequaquam
608 704 931 797 impedire
972 707 1133 795 quin
1181 708 1522 796 religiosus
1563 710 1884 799 professus
1918 732 2072 781 vero
2099 732 2288 783 sensu
2335 735 2444 783 re-

146 828 417 893 maneat
467 821 743 889 dominii
797 821 1091 911 incapax,
1135 825 1203 889 et
1246 820 1387 891 haic
1433 822 1816 913 incapacitas
1859 825 2140 895 sufficiat
2187 827 2266 895 ad
2316 830 2446 898 voti

146 938 551 1029 paupertatis
597 935 1093 1005 solemnitatem.

240 1054 304 1121 Ι.
322 1050 623 1122 Ecclesia
638 1072 717 1118 vo
726 1050 783 1118 ti
782 1052 1217 1142 paupertatis
1226 1051 1720 1121 solemnitatem
1738 1054 1838 1123 ita
1857 1056 2176 1138 instituit,
2199 1069 2276 1125 ut
2293 1059 2452 1127 reli-

146 1172 386 1259 yiosus
389 1179 619 1259 posset
631 1188 713 1235 ex
718 1166 1051 1256 facultate
1062 1170 1205 1235 Pon
1211 1166 1426 1256 tificia
1441 1169 1662 1236 varim
1671 1168 2144 1240 domim'iactus
2163 1196 2420 1243 exerere
2429 1224 2444 1241 .

151 1324 257 1341 —
280 1283 545 1354 Constat
568 1304 643 1351 ex
684 1283 866 1373 praxi
901 1280 1069 1350 sedis
1109 1282 1526 1373 Apostolicoe3
1569 1284 1741 1375 quod
1781 1288 1878 1355 sic
1911 1287 2160 1357 ostendi
2197 1295 2446 1379 potest:

154 1399 349 1471 sedes
382 1396 745 1489 Apostolica
776 1394 1185 1485 regularibus
1226 1396 1339 1485 qui
1382 1398 1698 1467 solemnia
1741 1405 1882 1468 vota
1921 1403 2193 1469 emisere
2229 1426 2448 1491 quan-

150 1508 381 1595 doque
414 1502 721 1587 concedit,
763 1510 837 1572 ut
882 1506 1089 1572 varios
1132 1502 1409 1572 dominii
1445 1514 1626 1574 actus
1667 1514 1926 1575 exerant
1957 1530 1976 1591 ;
2015 1516 2080 1575 et
2105 1509 2450 1579 nihilomi-

156 1641 285 1689 nus
314 1620 637 1689 existimat
672 1617 959 1687 solemne
997 1638 1333 1689 remanere
1372 1620 1644 1689 istorum
1692 1622 2140 1711 religiosorum
2171 1632 2394 1693 votum
2426 1650 2442 1695 ε

155 1756 317 1828 ergo
362 1735 688 1805 existimat
740 1741 803 1801 et
858 1734 997 1801 vult
1046 1734 1223 1803 sedes
1268 1735 1664 1827 Apostolica‚
1718 1739 2032 1806 solemnia
2069 1760 2202 1808 esse
2245 1746 2309 1807 et
2345 1762 2448 1808 re-

156 1874 433 1923 manere
484 1850 885 1939 regularium
932 1857 1101 1935 vota,
1158 1852 1312 1921 licet
1362 1852 1571 1921 varios
1623 1858 1806 1921 actus
1861 1853 2137 1921 dominii
2193 1874 2452 1926 exerere

154 1964 453 2047 valeant,
503 1962 696 2031 modo
744 1970 919 2032 actus
965 1963 1113 2033 illos
1162 1962 1373 2032 valide
1427 1982 1663 2052 ponere
1711 1970 2034 2051 nequeant
2063 1986 2138 2031 ex
2193 1965 2450 2054 propria

156 2076 571 2157 auctoritate,
624 2077 733 2145 sed
781 2077 1195 2147 solummodo
1240 2100 1315 2145 ex
1366 2075 1670 2147 facultate
1720 2076 2074 2147 Pontificia.
2136 2076 2452 2147 Probatur

158 2191 595 2262 antecedens:
668 2192 973 2283 frequens
1045 2200 1141 2263 est
1206 2200 1281 2263 ut
1340 2191 1690 2282 regulares,
1757 2192 1874 2283 qui
1939 2192 2254 2263 solemnia
2307 2200 2452 2263 vota

160 2312 547 2397 emiserunt,
619 2330 658 2377 a
720 2308 867 2377 sede
922 2308 1289 2399 Apostolica
1344 2306 1714 2379 facultatem
1773 2308 2095 2399 postulent
2157 2310 2452 2381 mutandi

161 2430 649 2508 testamentum,
694 2445 731 2493 a
784 2446 853 2493 se
906 2428 1055 2493 ante
1098 2423 1561 2516 professionem
1613 2422 1976 2506 conditum,
2032 2426 2268 2495 aliasve
2319 2427 2451 2496 dis-

163 2543 514 2635 positiones
557 2539 797 2633 pariter
842 2545 991 2607 ante
1040 2540 1502 2631 professionem
1549 2547 1873 2629 peractas3
1925 2558 2126 2631 quam
2181 2543 2454 2613 faculta-

162 2666 301 2729 tem
352 2656 535 2727 sedes
586 2654 974 2747 Apostolica,
1023 2656 1217 2745 justis
1280 2654 1862 2723 intervenientibus
1909 2658 2146 2741 causiS,
2219 2680 2454 2731 conce-

166 2774 329 2843 dere
381 2772 557 2841 solet.
586 2770 771 2841 Hanc
802 2771 971 2839 sedis
1005 2767 1389 2860 Apostolicae
1430 2768 1682 2858 praxim
1723 2770 1876 2837 satis
1899 2772 2234 2839 testabitur
2261 2792 2458 2842 causa

174 2886 585 2978 Toletana(7
606 2886 761 2955 maii
780 2885 979 2974 1718,
1003 2885 1315 2955 Thesauri
1336 2881 1840 2963 rex-solutionum,
1857 2889 2036 2951 torno
2054 2884 2118 2966 1,
2143 2905 2289 2973 pag.
2315 2884 2454 2975 53),

164 3006 236 3074 in
280 3005 485 3094 cujus
522 3001 827 3072 relatione
860 3002 956 3071 sic
1000 3002 1273 3071 habetur
1302 3025 1321 3071 ε
1354 3000 1609 3073 «Maria
1633 2996 1894 3069 Teresia
1931 2998 2170 3091 Lopez‚
2201 3004 2464 3072 monia-

172 3146 209 3184 «
251 3120 341 3188 lis
380 3117 671 3211 professa
718 3116 787 3186 in
844 3117 1235 3186 monasterio
1396 3113 1768 3204 Galatravae,
1829 3114 2078 3185 ordinis
2122 3114 2189 3187 S.
2243 3116 2454 3188 Bene—

176 3262 211 3299 «
246 3236 442 3323 dicti,
488 3235 761 3305 civitatis
804 3233 1071 3321 Matriti‚
1116 3232 1536 3305 sanctissimo
1589 3230 1872 3303 Domino
1913 3230 2145 3302 Nostro
2198 3236 2458 3327 suppli-

176 3380 213 3417 α
252 3351 429 3423 cavit
460 3372 581 3443 pro
620 3350 919 3420 facultate
964 3349 1262 3419 mutandi
1302 3349 1756 3440 dipositionem
1797 3372 1836 3419 a
1877 3370 1944 3418 se
1983 3348 2241 3433 factam,
2292 3347 2455 3419 dum

180 3494 217 3533 ιι
264 3470 409 3537 erat
433 3466 505 3535 in
556 3466 911 3550 novitiatu3
959 3472 1021 3534 et
1056 3486 1095 3534 a
1136 3463 1484 3535 Sanctitate
1517 3462 1648 3533 Sua
1691 3464 1814 3534 fuit
1859 3465 2127 3555 supplex
2170 3466 2460 3535 orati-icis

176 3606 213 3648 α
259 3580 533 3651 libellus
560 3578 643 3648 ad
682 3580 853 3649 hanc
889 3578 1152 3649 Sacram
1182 3578 1760 3671 Congregationem
1800 3580 2130 3650 remissus.

268 3722 309 3765 α
336 3694 429 3765 Ut
468 3701 687 3765 autem
726 3695 1129 3785 adaequatum
1172 3696 1257 3765 de
1305 3695 1608 3764 instantia
1655 3694 1808 3764 ferri
1860 3694 2066 3765 valeat
2101 3692 2455 3786 judicium,

176 3837 217 3875 t<
264 3810 533 3879 videtur
602 3830 741 3879 esse
814 3811 1245 3881 necessarium
1304 3810 1521 3901 primo
1575 3808 1718 3879 loco
1781 3828 2100 3901 exponere
2167 3812 2460 3879 tenorem

122 3905 129 3911 ’
178 3952 219 3991 ιι
268 3923 715 4015 dispositionis
758 3944 797 3995 a
852 3925 1123 3995 moniali
1172 3926 1375 4013 factm,
1436 3925 1596 3995 dum
1641 3930 1778 3994 erat
1819 3925 1890 3993 in
1941 3921 2302 3993 novitiatu:
2355 3946 2464 3994 se-

182 4066 218 4106 «
263 4038 495 4111 cundo
532 4041 679 4109 loco
726 4040 967 4111 referre
1006 4039 1520 4133 dispositionem,
1563 4060 1766 4130 quam
1808 4041 1950 4130 ipsa
1997 4038 2204 4107 facere
2254 4039 2464 4109 medi·

180 4180 219 4221 a
256 4160 481 4240 tatur3
530 4160 595 4224 et
620 4156 811 4225 tertio
852 4157 995 4227 loco
1041 4154 1552 4227 circumstantias
1599 4174 1900 4223 enarrare
1946 4174 2096 4244 quae
2137 4152 2210 4222 in
2249 4155 2462 4225 consi-

186 4298 221 4339 α
262 4272 419 4343 mili
466 4272 943 4363 dispensatione
990 4272 1399 4344 concedenda
1453 4271 1556 4341 vel
1607 4269 1928 4359 neganda,
1979 4269 2063 4338 ab
2099 4269 2224 4340 hac
2273 4270 2466 4340 Sacra

184 4404 221 4445 ι
262 4378 789 4472 Congregatione
837 4380 1179 4473 ponderari
1230 4383 1722 4452 consueverunt.
1765 4375 1983 4449 Nulla
2031 4376 2206 4497 minz
2249 4376 2470 4471 quoad
