2834 4959
1111 375 1266 426 PARS
1303 375 1569 436 omnm.
2354 382 2478 443 608

195 495 423 581 culari,
458 496 526 564 in
578 493 976 584 quibusdam
1011 495 1441 586 religionibus
1490 504 1851 591 provectior
1894 508 2043 576 aetas
2086 511 2470 600 requiritur.

193 609 267 680 ln
313 612 614 682 societate
658 609 834 696 «Iesu,
896 611 1080 682 verbi
1135 616 1364 704 gratia,
1413 637 1549 686 non
1606 617 1776 690 valet
1843 620 2149 710 professio
2199 635 2478 715 quatuor

196 735 519 814 votorum,
545 727 676 796 nisi
723 725 974 818 expleto
1019 727 1110 799 25
1137 751 1308 800 anno
1353 731 1673 824 (const...,
1704 740 1883 825 parte
1910 737 1973 823 1,
2005 757 2146 830 cap.
2176 739 2246 829 2,
2276 741 2319 832 ἓ
2350 745 2471 832 12;

197 849 259 912 et
297 863 437 933 cap.
484 840 556 927 3,
602 841 850 916 declar.
888 843 988 914 lit.
1049 844 1144 931 k).

285 957 664 1038 Rromstwu
703 955 816 1028 111.
843 992 938 1012 -
975 961 1473 1051 Utproecesserit
1495 963 1749 1056 ἔπταρον·
1764 967 2195 1058 probationis
2228 993 2470 1048 annus.

199 1112 290 1126 —
317 1071 390 1141 ld
413 1075 553 1163 jam
580 1072 830 1142 dictum
876 1081 972 1143 est
1021 1096 1244 1166 supra,
1267 1079 1550 1148 sectione
1573 1080 1635 1166 1,
1662 1078 1779 1149 ubi
1800 1081 1881 1151 de
1920 1084 2236 1154 novitiatu
2282 1087 2477 1158 disse-

197 1189 476 1258 ruimus.
507 1185 601 1256 De
617 1188 770 1277 jure
817 1192 1036 1258 autem
1081 1189 1480 1279 particulari,
1504 1193 1573 1262 in
1624 1194 2019 1285 quibusdam
2046 1199 2473 1290 religionibus

198 1303 456 1393 longior
480 1301 772 1394 probatio
797 1301 1178 1394 requiritur.

287 1417 674 1500 Rmmsmm
695 1417 810 1490 lv.
843 1456 932 1474 —
969 1421 1057 1488 Ut
1081 1418 1214 1509 fiat
1244 1441 1396 1490 cum
1442 1422 1819 1495 intentione
1851 1429 2333 1519 professionem
2356 1433 2471 1524 sa-

199 1533 436 1605 ciendi.
471 1571 558 1588 --
592 1559 628 1604 α
649 1533 768 1605 Est.
795 1535 976 1604 enim
1023 1536 1521 1606 matrimonium
1567 1537 1897 1629 quoddam
1936 1544 2271 1634 spirituale
2318 1564 2473 1617 cum

207 1677 242 1720 α
271 1652 622 1744 religione3
678 1649 880 1741 quod,
929 1649 1200 1742 perinde
1253 1660 1330 1722 ut
1403 1653 1687 1742 carnale,
1744 1655 2079 1728 deficiente
2126 1681 2469 1745 consensu,

207 1793 242 1834 α
267 1773 329 1835 et
369 1768 588 1856 ipsum
621 1763 860 1836 deficit.
893 1791 930 1836 »
965 1765 1593 1859 (Sobmalzgrueber,
1626 1771 1697 1839 in
1736 1771 1837 1838 tit.
1888 1769 1969 1839 de
1993 1773 2469 1864 Βορυίανὶὂιιε,

197 1905 268 1952 n.
307 1881 490 1970 164.)

283 1997 676 2074 Rsomsrruu
715 1995 798 2068 V.
823 2033 916 2052 --
979 2001 1064 2067 Ut
1092 1998 1412 2089 professio
1455 2019 1591 2068 non
1632 1999 1983 2068 emittatur
2028 2001 2113 2070 ob
2154 2001 2473 2092 fraudem

197 2131 314 2180 seu
340 2108 600 2180 dolum.
637 2148 728 2168 --
759 2135 797 2178 α
828 2111 1028 2199 Patet,
1054 2113 1208 2205 quia
1237 2114 1354 2185 ubi
1381 2113 1497 2184 bic
1532 2115 1791 2207 (nempe
1808 2114 2029 2207 dolus)
2070 2139 2332 2188 causam
2363 2119 2477 2189 dat

207 2251 242 2292 α
272 2225 652 2314 contractui,
699 2247 1052 2299 consensus
1085 2229 1282 2300 deest.
1311 2255 1348 2296 ιο
1396 2228 2027 2322 (Schmalzgrueber,
2062 2231 2207 2302 loco
2246 2234 2464 2318 citato,

197 2361 266 2410 n.
319 2339 500 2432 165.)
2298 2343 2305 2362 ¹

285 2454 665 2534 Rsomsrrou
705 2455 820 2526 Vl.
869 2487 972 2510 -·
1013 2461 1100 2528 Ut
1139 2481 1278 2528 non
1314 2461 1446 2552 fiat
1496 2483 1577 2530 ex
1620 2461 1693 2530 υἱ
1718 2461 1825 2531 vel
1850 2473 2057 2532 metu.
2084 2501 2175 2516 --
2214 2462 2476 2534 Constat

193 2579 342 2645 tum
367 2593 444 2640 ex
462 2573 614 2660 jure
651 2570 954 2656 naturali,
993 2577 1136 2639 tum
1173 2573 1478 2661 pluribus
1514 2575 1927 2647 ecclesiastici
1948 2580 2119 2670 juris
2168 2578 2470 2664 textibus,

194 2693 342 2756 tum
371 2688 442 2756 in
463 2688 837 2779 particulari
855 2707 931 2756 ex
957 2686 1340 2758 Tridentino
1366 2689 1617 2776 synodo
1636 2690 1817 2778 (sess.
1862 2691 1975 2772 25,
2006 2714 2065 2760 c.
2094 2694 2203 2778 19,
2236 2695 2317 2762 de
2343 2698 2472 2763 Re-

189 2801 592 2895 qularibus),
622 2802 740 2872 ubi
783 2802 954 2873 inter
1001 2821 1224 2872 causas
1267 2800 1668 2872 reclamandi
1722 2809 1943 2873 contra
1984 2806 2472 2894 professionem,

193 2918 410 3012 prima
436 2921 730 3011 ponitur,
760 2917 816 2987 si
834 2919 984 3008 quis
1006 2915 1387 3010 praetendat
1411 2937 1478 2986 se
1502 2937 1626 3009 per
1647 2917 1785 2986 vim
1812 2919 1921 2987 vel
1950 2931 2200 2988 metum
2216 2920 2483 3013 inqres-

188 3054 342 3106 sum
381 3056 516 3106 esse
539 3033 948 3126 reliqionem.

283 3147 510 3232 Qualis
547 3154 768 3220 autem
813 3149 1050 3220 debeat
1093 3171 1232 3220 esse
1291 3154 1506 3218 metus
1551 3154 1625 3219 ut
1680 3150 2146 3241 professionem
2225 3151 2476 3224 irritare

187 3270 558 3342 censendus
602 3271 712 3356 sit,
763 3269 1196 3339 determinant
1244 3269 1533 3338 doctores
1577 3269 1703 3338 hac
1741 3269 2173 3352 communiter
2222 3279 2477 3364 recepta

187 3389 426 3478 regula
457 3413 476 3457 ε
529 3389 720 3460 debet
762 3409 896 3459 esse
925 3397 1138 3458 metus
1162 3389 1416 3480 qravz's,
1442 3387 1510 3456 id
1540 3394 1633 3457 est
1674 3386 1907 3457 cadens
1956 3388 2028 3457 in
2074 3397 2473 3462 constantem

187 3507 450 3588 virum3
477 3513 544 3573 et
583 3504 666 3574 ab
685 3504 1052 3574 extrinseco
1077 3503 1330 3595 injuste
1351 3504 1691 3585 incussus3
1722 3508 1785 3573 et
1808 3503 2105 3573 incussus
2134 3505 2229 3574 ad
2257 3517 2476 3574 extor-

189 3618 532 3713 quendam
541 3619 1048 3711 professionem.
1067 3618 1260 3706 Hinc,
1294 3618 1358 3684 1ο
1381 3637 1515 3687 non
1538 3617 1773 3687 sufficit
1800 3623 2009 3688 metus
2033 3618 2232 3707 levis3
2258 3619 2327 3687 2ο
2355 3641 2476 3690 nec

187 3737 406 3804 metus
437 3732 701 3803 aliunde
737 3735 1148 3826 proveniens,
1206 3753 1402 3823 quam
1450 3732 1533 3801 ab
1575 3716 1847 3803 homine
1865 3733 2001 3803 vim
2046 3734 2363 3804 inferente
2403 3733 2475 3804 in

183 3847 426 3921 ordine
473 3849 550 3915 ad
605 3850 1114 3942 extorquendam
1168 3847 1666 3941 pmfession'em3
1706 3847 1805 3918 '3⁰
1856 3849 2125 3940 proinde
2167 3848 2475 3941 professio

189 3977 334 4032 non
375 3955 670 4030 irritam
707 3983 784 4031 ex
827 3985 906 4033 eo
944 3963 1118 4053 quod
1160 3965 1283 4034 -tiat
1335 3968 1515 4032 metu
1564 3961 1832 4047 inferni,
1859 3970 1969 4032 aut
2020 3967 2196 4032 metu
2246 3965 2475 4032 mortis

193 4071 537 4160 naturalis,
567 4080 682 4142 aut
717 4075 912 4146 etiam
955 4082 1137 4146 metu
1189 4078 1414 4146 mortis
1452 4074 1751 4157 casualis,
1791 4097 1905 4146 seu
1936 4075 2231 4146 violentae
2256 4075 2475 4168 (modo

191 4207 416 4270 tamen
440 4198 583 4270 hoec
633 4220 770 4269 non
797 4200 1152 4270 intentetur
1175 4199 1258 4270 ab
1288 4200 1509 4290 aliquo
1543 4199 1816 4269 homine
1852 4201 1921 4269 in
1952 4199 2178 4270 ordine
2204 4200 2285 4268 ad
2310 4198 2476 4269 obti-

195 4316 484 4386 nendam
515 4316 1002 4410 professionem)
1039 4342 1056 4399 3
1103 4319 1172 4386 4⁰
1224 4319 1435 4386 metus
1492 4314 1956 4398 reverentialis,
2010 4336 2165 4387 cum
2221 4315 2474 4407 praeviis

199 4429 421 4515 minis,
475 4433 578 4503 vel
625 4431 1024 4520 verberibus,
1061 4430 1392 4503 sufficiens
1442 4436 1536 4500 est
1585 4430 1664 4500 ad
1703 4431 2173 4502 annullandam
2226 4431 2476 4522 profes-
