2834 4959
435 358 558 414 304
1005 360 1343 412 ‘rme-runs
1387 363 1467 410 m:
1508 347 1663 412 sumi
1703 361 2119 410 areummn.

429 484 759 574 sequentis
784 482 1140 574 :Deinceps
1155 505 1306 551 vero
1327 482 1831 567 monasterium,
1856 492 2237 570 conventus,
2260 480 2532 565 domus,
2557 506 2712 553 con·-

433 599 734 691 qreqatio
767 597 874 666 vel
899 597 1173 666 societas
1202 597 1659 688 reliqiosorum
1676 619 1792 665 seu
1816 595 2231 689 reqularium
2250 597 2529 666 nullibi
2550 602 2711 670 reci-

429 715 688 806 piatur,
712 713 864 801 nisi,
891 723 1140 804 proeter
1166 711 1312 781 alia
1333 711 1431 780 ad
1446 711 1520 780 id
1538 713 1882 802 requisita,
1912 711 1985 782 in
2012 713 2299 805 sinqulis
2324 713 2715 806 hujusmodi

436 830 600 900 locis
619 827 959 898 duodecim
981 827 1219 896 saltem
1234 828 1488 918 fratres
1512 838 1634 895 aut
1653 826 1984 915 monachi,
2000 849 2115 896 seu
2138 827 2449 918 reliqiosi
2464 830 2703 924 deqere,

437 961 502 1017 et
529 970 610 1016 ex
629 945 994 1016 redditibus
1031 956 1097 1014 et
1135 945 1462 1014 consuetis
1482 944 1935 1037 eleemosynis,
1966 942 2279 1013 detractis
2302 947 2615 1015 omnibus
2638 962 2709 1015 ut
2791 1011 2792 1032 ἶ

436 1086 644 1156 supra
679 1059 1128 1146 detrahendae,
1169 1071 1611 1152 competenter
1654 1059 2022 1128 sustentari
2070 1059 2374 1141 valeant,
2428 1061 2529 1130 ad
2542 1087 2703 1154 proe-

439 1179 767 1271 scriptum
801 1177 1042 1245 decreti
1060 1175 1282 1266 felicis
1332 1173 1804 1245 recordationis
1854 1175 2163 1266 Greqorii
2197 1179 2350 1265 XV,
2387 1177 2520 1246 hac
2548 1177 2626 1246 de
2648 1201 2706 1246 re
2791 1225 2792 1248 1

441 1295 609 1364 editi
641 1317 668 1375 ;
709 1293 1008 1384 alioquin
1047 1291 1462 1361 monasteria
1503 1302 1568 1359 et
1622 1291 1763 1360 loca
1807 1291 2195 1383 hujusmodi
2230 1293 2517 1383 posthae
2558 1297 2705 1362 reci·
2791 1325 2792 1330 ¹

431 1409 710 1504 pienda,
737 1410 808 1486 in
827 1409 1066 1499 quibus
1084 1406 1425 1476 duodecim
1443 1407 1764 1498 reliqiosi,
1778 1420 1856 1475 ut
1875 1429 2111 1499 supra,
2126 1409 2499 1477 sustentari
2516 1421 2701 1502 atque

439 1523 817 1594 inhabitare
857 1545 995 1591 non
1021 1533 1369 1614 poterunt,
1408 1531 1475 1590 et
1508 1534 1665 1590 actu
1690 1544 1827 1590 non
1850 1521 2332 1606 habitaverint,
2370 1521 2707 1590 ordinarii

447 1641 575 1710 loci
593 1637 996 1724 visitationi,
1020 1637 1422 1706 correctioni
1429 1649 1654 1729 ,atque
1680 1636 2075 1707 omnimoda?
2077 1635 2537 1729 jurisdictioni
2556 1637 2705 1706 sub-

399 1731 403 1744 ⁸
430 1757 614 1846 jecta
667 1777 798 1822 esse
849 1754 1353 1844 intelliqantur.
1394 1753 1761 1846 (Decretum
1804 1751 1967 1822 illud
2016 1755 2293 1845 reperiae
2330 1752 2501 1844 apud
2542 1751 2708 1820 Fer-

445 1872 634 1958 raris,
667 1891 820 1938 voce
843 1867 1242 1955 Conventus,
1267 1875 1388 1936 art.
1422 1869 1487 1952 1,
1514 1889 1583 1936 n.
1618 1868 1759 1959 27.)

534 1983 645 2055 lV.
703 1983 795 2054 Ex
839 1985 1190 2076 praemissis
1217 1981 1512 2068 decretis,
1539 1986 1651 2072 jus
1692 2005 2068 2072 commune,
2096 1983 2312 2074 quoad
2342 1988 2701 2075 praesentem

447 2103 869 2192 quaestionem
899 2103 988 2170 sic
1015 2099 1430 2169 determinari
1456 2105 1658 2191 potest
1690 2123 1708 2166 ε
1746 2143 1749 2148 -

542 2215 604 2282 1⁰
636 2217 791 2284 Non
821 2215 1125 2284 absolute
1137 2214 1467 2306 prohiben
1477 2227 1586 2282 tur
1612 2216 1787 2309 eriqi
1814 2228 2169 2286 conventus
2198 2215 2272 2284 in
2294 2215 2536 2308 quibus
2546 2238 2699 2307 pau-

450 2329 652 2398 ciores
673 2330 807 2398 sint
847 2343 968 2399 aut
1007 2330 1376 2398 sustentari
1399 2331 1674 2400 valeant
1695 2354 1899 2423 quam
1924 2331 2267 2400 duodecim
2288 2331 2606 2424 reliqiosi.
2628 2369 2699 2384 --

449 2445 768 2536 Equidem
794 2447 848 2524 si
872 2446 1306 2515 attenderetur
1327 2446 1779 2515 tantummodo
1804 2449 1885 2516 ad
1912 2449 2172 2516 citatam
2198 2449 2697 2517 constitutionem

451 2559 747 2649 Gregorii
779 2559 932 2648 XV,
972 2559 1322 2652 prohibitio
1351 2561 1490 2630 haec
1519 2561 1807 2630 absoluta
1850 2561 2121 2631 dicenda
2164 2562 2352 2631 foret.
2386 2561 2695 2653 Siquidem

453 2694 586 2742 non
631 2674 1014 2764 disjunctive
1063 2674 1244 2761 dicit,
1289 2683 1400 2746 aut
1430 2697 1562 2745 non
1603 2697 1735 2744 esse
1762 2677 2111 2768 erigindos,
2140 2682 2252 2746 aut
2276 2679 2696 2768 jurisdictione

451 2787 944 2861 ordinariorum
1009 2790 1328 2882 subjectos
1365 2791 1533 2877 sore3
1584 2790 1694 2860 sed
1726 2791 2020 2882 prohibet
2048 2791 2432 2885 simpliciter
2481 2815 2558 2864 ne
2589 2791 2695 2861 eri·

451 2909 713 2997 gantur,
745 2907 805 2975 si
835 2907 1180 2978 duodecim
1217 2909 1289 2976 in
1317 2908 1409 2977 eis
1436 2906 1723 2997 religiosi
1748 2907 2086 2976 sustentari
2110 2916 2456 2999 nequeant.

543 3022 631 3091 At
668 3041 818 3092 vero
865 3026 931 3092 in
982 3023 1177 3092 altero
1227 3023 1502 3109 decreto,
1533 3022 1780 3092 Urbani
1807 3021 1959 3092 V111
1986 3025 2357 3094 auctoritate
2384 3025 2574 3110 edito,
2602 3045 2694 3115 po-

452 3138 632 3206 nitur
654 3138 1048 3228 disjunctiva
1079 3139 1398 3229 ejusmodi
1426 3163 1446 3223 ;
1477 3140 1716 3208 dicitur
1737 3161 2013 3232 nempe:
2038 3137 2363 3233 Alioquin
2386 3137 2699 3212 ordinarii

451 3251 846 3322 omnimodoe
863 3251 1328 3345 jurisdictioni
1360 3255 1655 3346 subjecta
1678 3278 1809 3325 esse
1834 3257 2336 3348 intelliqantur.
2368 3258 2459 3327 Ex
2480 3253 2693 3348 quihus

453 3367 666 3436 verbis
709 3369 933 3436 inferri
983 3389 1170 3462 posse
1227 3370 1504 3458 videtur,
1555 3355 1943 3441 erectionem
1990 3394 2163 3464 quae,
2214 3396 2349 3443 non
2400 3371 2689 3442 verificam

451 3479 564 3549 illa
611 3483 972 3552 conditione
1002 3485 1215 3574 quoad
1267 3484 1721 3576 religiosorum
1772 3509 2153 3576 numerum,
2203 3489 2383 3557 fieret
2406 3495 2470 3556 et
2494 3503 2688 3556 execu-

449 3596 611 3665 tioni
634 3597 1076 3681 mandaretur,
1116 3621 1237 3668 nec
1267 3602 1521 3669 irritam
1556 3603 1716 3683 fore,
1748 3622 1868 3671 nec
1902 3601 2227 3683 illicitam;
2268 3604 2382 3672 sed
2423 3599 2691 3671 duntaxat

449 3712 780 3802 religiosos
832 3715 1010 3783 illius
1059 3723 1412 3784 conventus
1448 3718 1867 3809 exemptionis
1913 3717 2329 3809 privilegium
2380 3719 2512 3808 ipso
2546 3715 2688 3781 iacto

449 3830 817 3900 amissuros.
869 3829 1001 3900 Nec
1053 3831 1303 3900 dicatur
1347 3830 1573 3901 inferri
1622 3834 1887 3924 quidem
1923 3856 2105 3925 posse
2160 3836 2500 3905 erectionis
2538 3826 2685 3897 valo-

449 3963 616 4033 rem,
644 3967 778 4015 non
801 3953 1020 4015 autem
1050 3945 1414 4032 liceitatem.
1451 3945 1617 4016 Nam
1659 3948 1981 4040 legislator
2011 3951 2125 4040 qui
2158 3972 2298 4018 rem
2350 3957 2527 4019 antea
2559 3939 2681 4012 lici-

445 4065 582 4126 tam
613 4062 936 4152 prohibet,
957 4061 1250 4132 addendo
1273 4061 1443 4132 hanc
1468 4063 1848 4150 clausulam,
1875 4065 2173 4157 alioquin
2200 4065 2321 4158 qui
2340 4062 2553 4159 fecerit
2578 4051 2686 4125 tali

450 4172 756 4266 beneficio
774 4179 1114 4270 privetur,
1163 4179 1442 4248 liberum
1486 4179 1699 4249 adhuc
1739 4179 2051 4273 relinquit
2093 4203 2235 4252 rem
2272 4181 2454 4251 illam
2490 4179 2679 4254 tacere,

447 4297 510 4358 et
534 4292 838 4362 duntaxat
868 4296 1171 4367 facientes
1204 4295 1410 4386 privat
1449 4295 1785 4381 beneficiO,
1818 4317 1977 4389 que,
2020 4298 2265 4370 seclusa
2312 4278 2509 4390 ips'ius
2539 4291 2679 4376 lege,

448 4407 632 4494 potiti
657 4409 948 4479 fuissent.
