2834 4959
1080 377 1229 424 PARS
1276 377 1572 426 SECUNDA.
2337 371 2406 427 2¹
2429 373 2466 428 5

182 495 306 562 sola
330 491 845 562 Or‘inariorum
895 493 1351 584 approbatione
1386 501 1450 561 et
1489 493 1888 580 auctoritate,
1935 495 2468 584 congregationes

172 607 333 690 illas,
392 629 557 697 quae
612 607 935 698 simplicia
1002 610 1312 688 duntaxat
1366 613 1533 685 vota,
1591 630 1666 677 ex
1723 608 1980 699 proprio
2035 610 2350 695 instituto,
2395 613 2466 680 in

172 730 569 814 perpetuum
626 723 969 808 emittunt3
1004 730 1067 792 et
1117 747 1155 792 a
1209 725 1460 792 fortiori
1497 724 1644 792 illas
1693 745 1862 814 quaa,
1907 726 2012 796 vel
2067 725 2249 794 nulla
2293 731 2466 814 vota,

170 838 273 906 vel
309 859 447 906 non
487 843 807 928 perpetua
834 844 1241 930 nuncupant.
1273 839 1433 908 ltem
1491 841 1786 928 sequitur
1829 841 2001 911 licite
2047 861 2124 908 ex
2173 841 2308 909 sola
2341 840 2464 911 Or-

175 952 419 1025 dinarii
465 953 771 1022 facultate
818 954 1125 1024 constitui
1174 975 1401 1022 earum
1458 957 2034 1045 congregationum
2083 961 2460 1027 conventus.

182 1069 267 1137 Si
303 1089 457 1136 vera
479 1068 595 1154 sit,
625 1069 928 1156 inquam,
980 1069 1123 1141 hoec
1163 1089 1203 1138 a
1242 1091 1346 1136 me
1375 1077 1779 1159 propugnata
1801 1072 2116 1140 sententia
2152 1096 2170 1139 ε
2209 1092 2362 1140 nam
2393 1072 2466 1140 iu

185 1207 261 1254 re
278 1189 403 1254 tam
421 1184 637 1274 gravi,
660 1190 726 1254 et
763 1184 1099 1256 deficiente
1122 1186 1464 1255 doctorum
1503 1187 1618 1276 qui
1645 1187 2026 1260 modernam
2055 1188 2238 1256 illam
2257 1209 2468 1278 quaes-

186 1305 423 1370 tionem
480 1302 889 1370 excusserint
942 1302 1337 1389 auctoritate,
1386 1323 1608 1370 vereor
1653 1324 1736 1372 ne
1801 1303 2026 1374 minus
2071 1304 2469 1398 considerate

186 1420 257 1485 in
283 1438 411 1484 eam
460 1415 969 1496 conclusionem
1012 1417 1264 1486 iverim.
1311 1415 1748 1510 Quapropter,
1791 1419 1964 1488 sicut
1993 1425 2220 1488 caetera
2246 1418 2470 1488 omnia

179 1553 217 1601 a
238 1555 339 1602 me
360 1533 643 1623 scripta,
671 1532 853 1601 hunc
871 1532 961 1606 im
972 1532 1203 1622 primis
1228 1532 1448 1601 locum
1477 1533 1642 1603 sedis
1667 1533 2056 1625 Apostolicae
2084 1535 2464 1606 correctioni

178 1647 481 1740 subjici03
542 1653 741 1738 atque
768 1669 845 1716 ex
887 1666 1068 1716 nunc
1118 1670 1235 1738 pro
1284 1655 1467 1732 tunc,
1495 1650 1552 1718 si
1575 1669 1884 1720 erroneus
1901 1651 2328 1741 judicabitur,
2359 1671 2466 1720 re-

182 1763 353 1832 traho
382 1783 791 1854 prorsusque
819 1761 1059 1852 rejicio.
1124 1805 1132 1812 -

264 1879 445 1959 Quod
494 1881 564 1948 si
625 1901 663 1945 e
716 1885 939 1947 contra
1002 1878 1333 1948 veritatem
1394 1881 1724 1948 assecutus
1769 1879 1922 1964 sim,
1999 1879 2182 1948 valde
2241 1885 2465 1950 notatu

194 1991 378 2080 digna
428 1999 524 2062 eet
579 1993 719 2064 haee
772 1992 1135 2082 disciplinas
1186 1993 1580 2062 immutatio.
1647 1991 1823 2065 Olim
1855 2013 2090 2082 nempe
2133 2014 2172 2060 a
2211 1990 2468 2062 duobus

188 2109 465 2178 conciliis
494 2108 932 2179 oecumenicis
956 2109 1286 2178 decretum
1329 2108 1454 2176 fuit
1483 2129 1564 2177 ne
1593 2129 1760 2181 nova
1805 2107 1938 2182 ulla
1962 2105 2192 2197 religio
2225 2106 2470 2198 absque

188 2199 343 2292 sedis
382 2223 785 2318 Apostolicae
837 2224 1297 2315 approbatione
1354 2224 1799 2312 induceretur,
1826 2230 1890 2292 et
1933 2245 2012 2292 ne
2036 2225 2184 2312 quis
2205 2221 2468 2312 religio-

188 2357 327 2408 nem
362 2340 445 2408 ab
476 2339 713 2408 eadem
762 2337 923 2406 Sede
964 2360 1095 2406 non
1142 2339 1564 2430 approbatam
1615 2339 2062 2430 ingrederetur
2104 2337 2338 2430 (capite
2365 2337 2468 2410 Ne

186 2453 429 2544 nimia,
459 2454 643 2522 tituli
672 2453 785 2536 36,
818 2453 975 2521 libri
1004 2457 1041 2522 3
1071 2452 1532 2543 Decretalium3
1563 2462 1626 2524 et
1670 2455 1879 2547 capite
1902 2452 2360 2544 Reliqionum,
2387 2451 2470 2520 de

192 2569 515 2660 reliqiosis
564 2569 891 2652 domibus,
931 2567 1001 2636 in
1032 2568 1127 2658 6).
1177 2568 1255 2636 Et
1280 2573 1438 2658 quia
1467 2570 1616 2636 finis
1661 2569 1936 2657 hujusce
1980 2569 2141 2657 legis
2165 2575 2326 2654 erat,
2386 2588 2472 2639 ne

196 2681 409 2750 nimia
432 2685 541 2752 rel
544 2685 843 2775 iqionum
864 2681 1215 2752 diversitas
1240 2703 1514 2774 qravem
1533 2681 1608 2751 in
1625 2681 1984 2750 Ecclesiam
1998 2682 2121 2748 Dei
2146 2681 2473 2770 confusio-

202 2819 357 2866 nem
400 2798 751 2889 induceret,
823 2802 1196 2870 communis
1250 2799 1592 2866 doctorum
1660 2795 2096 2886 interpretatio
2153 2795 2300 2880 l'uit,
2345 2793 2471 2863 sub

204 2915 629 3005 prohibitione
656 2915 1123 3009 comprehendi
1150 2915 1348 2983 etiam
1374 2915 1906 3002 congregationes
1934 2909 2473 2997 religiosamquae

198 3027 525 3120 simplicia
541 3028 849 3099 duntaxat
881 3038 1029 3098 vota
1056 3029 1396 3115 emittunt3
1431 3026 1570 3096 imo
1593 3031 1656 3094 et
1673 3045 1824 3115 quae
1849 3027 1993 3091 vota
2017 3019 2158 3088 baec
2186 3039 2315 3092 non
2355 3019 2473 3090 ha-

198 3142 369 3230 bent,
418 3146 537 3214 sed
582 3145 987 3215 solummodo
1019 3149 1213 3212 status
1244 3143 1526 3232 religiosi
1575 3141 1853 3210 formam
1895 3137 2268 3212 imitantur,
2313 3131 2476 3214 Quae

203 3262 529 3332 conclusio
556 3261 685 3330 hac
718 3263 967 3340 ratione
996 3260 1327 3328 nitebatur
1358 3282 1376 3327 :
1432 3277 1566 3326 non
1603 3254 1826 3323 minus
1853 3249 2310 3342 expectandam
2339 3267 2477 3318 esse

206 3376 647 3446 confusionem
699 3376 903 3464 illam,
956 3367 1155 3465 quam
1198 3374 1299 3442 lex
1354 3393 1708 3464 praecavere
1757 3368 1984 3452 voluit,
2045 3369 2112 3440 si.
2141 3388 2258 3458 pro
2289 3365 2478 3442 libitu

198 3493 517 3582 ejusmodi
584 3493 1115 3583 congregationes
1176 3489 1602 3580 multiplicari
1677 3489 1960 3577 possent,
2031 3487 2201 3570 Im0,
2261 3479 2476 3568 inquit

198 3605 563 3694 SuaresiuS,
594 3605 1085 3704 quodammodo
1100 3605 1491 3694 essetmajor
1507 3599 1846 3694 (confusio)
1869 3609 2090 3669 etcum
2111 3591 2482 3683 majoribus

198 3723 658 3794 incommodi&
712 3723 1131 3794 Manifestum
1167 3743 1320 3810 ergo
1348 3725 1445 3788 est
1491 3719 1570 3787 de
1605 3719 1758 3806 jure
1781 3711 2124 3796 communi
2167 3727 2374 3795 usque
2402 3705 2486 3777 ad

206 3845 568 3912 recentiora
604 3851 921 3934 tempora,
955 3863 1084 3910 non·
1114 3841 1397 3932 potuisse
1426 3838 1628 3906 dictas
1655 3833 2206 3926 congregationes,
2247 3825 2489 3912 absque

207 3960 451 4047 praevia
494 3959 661 4030 sedis
711 3957 1095 4050 Apostolicae
1144 3954 1632 4048 approbatione,
1677 3952 1854 4022 licite
1893 3943 2332 4040 inchoariasen
2389 3938 2492 4006 in-

208 4073 391 4141 duci.

295 4185 790 4258 Recentioribus
821 4206 974 4257 vero
1022 4186 1421 4277 temporibus
1453 4185 1530 4276 (si
1581 4175 1994 4251 admittendae
2039 4175 2170 4241 sint
2225 4166 2496 4240 conclu-

216 4298 421 4370 siones
482 4301 609 4372 sub
670 4305 974 4395 praesenti
1044 4303 1443 4393 paragrapho
1499 4294 1814 4386 deductae)
1881 4292 2061 4362 sedes
2127 4281 2495 4378 Apostolica
2563 4389 2577 4406 ι

219 4407 721 4486 ordinariorum
758 4415 1022 4486 arbitrio
1060 4414 1349 4503 reliquit,
1387 4417 1464 4480 ut
1484 4412 1798 4502 quotquot
1825 4405 2016 4477 utiles
2039 4399 2344 4471 duxerint
2370 4416 2496 4466 no·-
