2834 4959
1069 372 1220 419 rans
1265 320 1526 429 Quanta.
2292 365 2408 423 661

117 524 168 565 α
204 521 284 567 n.
325 497 458 586 15),
492 496 672 563 aliud
699 514 835 563 esse
863 492 1108 583 aliquid
1143 493 1220 560 in
1239 493 1541 584 pretium
1569 474 1851 584 religiosi
1874 498 2071 563 status
2100 470 2415 585 conferre,

117 638 170 679 α
203 612 400 681 aliud
451 632 606 679 vero
641 630 778 678 esse
825 607 1118 679 conferre
1153 607 1401 699 aliquid
1458 629 1532 675 ea
1565 608 1922 695 occasione,
1976 630 2108 677 non
2149 611 2415 699 quidem

121 754 168 793 α
207 730 292 795 ἱῐι
341 728 647 817 pretium,
689 723 798 792 sed
839 722 944 791 vel
977 722 1044 790 in
1093 722 1593 813 eleemosynam,
1623 724 1724 791 vel
1752 724 1835 792 ob
1880 723 2417 813 benevolentiam,

129 869 178 908 α
219 842 332 909 vel
383 840 582 932 (quod
633 837 1032 928 frequentius
1081 837 1196 927 est)
1255 837 1715 907 alimentorum
1768 838 1993 929 gratia.
2050 837 2188 907 Hoc
2240 840 2419 909 enim

138 984 184 1023 «
225 954 546 1046 posterius
602 972 734 1021 non
797 950 1038 1019 sufficit
1083 950 1163 1019 ad
1221 950 1601 1033 simoniam,
1658 951 1771 1021 sed
1832 960 2079 1042 oportet
2130 958 2205 1019 ut
2267 950 2429 1023 ratio

137 1098 181 1137 «
227 1072 424 1158 pretii
507 1066 974 1137 interveniat...
1056 1063 1242 1133 Unde
1305 1065 1377 1133 fit
1457 1070 1531 1134 ut
1596 1067 1871 1157 practice
1947 1088 2025 1136 ac
2100 1067 2430 1137 moraliter

143 1214 186 1251 α
225 1184 558 1275 loquendo
619 1204 766 1251 raro
825 1181 938 1251 hic
996 1181 1324 1269 ingressus
1385 1182 1467 1251 sit
1525 1180 1789 1251 illicitus
1837 1182 2049 1253 -titulo
2103 1184 2422 1269 simoniae,

147 1328 192 1369 «
231 1300 491 1369 etiamsi
546 1290 802 1388 largitio
861 1298 1100 1385 aliqua,
1160 1295 1262 1363 vel
1315 1298 1663 1387 acceptatio
1724 1298 2001 1389 alicujus
2062 1299 2433 1389 temporalis
2500 1296 2509 1303 ’

153 1445 194 1483 «
229 1412 567 1486 commodi
624 1414 1000 1483 intercedat.
1052 1410 1218 1481 Nam
1273 1414 1601 1503 imprimis
1647 1420 1914 1501 constat,
1962 1436 2039 1483 ex
2093 1415 2429 1483 communi

155 1560 194 1597 α
233 1553 360 1599 usu
405 1529 734 1614 Ecclesiae,
788 1530 857 1597 in
909 1528 1312 1597 monasteriis
1359 1528 1749 1597 monialium
1802 1530 1997 1621 recipi
2058 1530 2301 1627 aliquid
2358 1530 2429 1598 in

152 1672 194 1709 a
227 1666 592 1735 congruam
637 1644 1170 1712 sustentationem
1219 1642 1557 1734 religiosae,
1601 1649 1666 1713 et
1717 1645 1885 1735 quod
1932 1642 2103 1711 dotis
2156 1644 2427 1713 nomine

155 1785 198 1823 «
234 1762 398 1827 solet
444 1757 835 1847 significari3
886 1757 966 1826 de
1013 1777 1144 1847 qua
1187 1757 1376 1825 etiam
1424 1757 1583 1827 solet
1622 1764 1883 1848 pactum
1932 1758 2320 1849 praecedere3
2358 1758 2427 1825 in

165 1900 205 1937 a
237 1895 369 1962 quo
431 1894 565 1940 non
608 1878 906 1941 censetur
961 1894 1097 1941 esse
1146 1874 1448 1960 simonia,
1504 1874 1659 1963 quia
1722 1874 1881 1941 illud
1938 1894 2069 1941 non
2120 1873 2435 1962 accipitur

173 2012 210 2052 α
237 1998 550 2076 tanquam
618 1988 897 2075 pretium
973 1987 1386 2079 professionis
1459 1993 1570 2057 aut
1632 1986 1987 2078 religionis,
2062 1987 2171 2054 sed
2240 2008 2431 2057 causa

175 2131 212 2167 a
241 2103 740 2171 sustentationis.
802 2104 1012 2193 Atque
1068 2106 1158 2173 ita
1202 2104 1664 2193 intelligendus
1714 2109 1807 2172 est
1854 2107 2057 2172 textus
2109 2104 2178 2170 ‘in
2227 2103 2435 2195 capite

175 2248 212 2287 ε(
249 2222 607 2306 Quoniam,
637 2220 716 2289 de
759 2222 1108 2307 Simonia;
1139 2224 1534 2293 consuetudo
1574 2224 1749 2291 enim
1794 2229 1888 2291 est
1922 2223 2165 2315 optima
2203 2221 2430 2313 legum

173 2340 631 2426 «interpres...
713 2337 1051 2419 Quomodo
1127 2342 1322 2409 etiam
1389 2339 1879 2427 intelligendum
1944 2343 2040 2407 est
2096 2345 2289 2428 caput
2352 2336 2433 2407 de

173 2478 210 2518 α
239 2452 670 2543 Reqularibus
727 2452 836 2545 (de
885 2455 1237 2545 Simonia),
1290 2462 1353 2525 et
1405 2462 1601 2549 caput
1646 2458 1866 2539 Quam
1916 2455 2063 2546 pio,
2099 2456 2259 2543 i,>q.
2304 2454 2430 2523 2...

175 2594 212 2631 «
243 2567 506 2637 Secluso
549 2577 764 2638 autem
807 2570 964 2636 vitio
1017 2570 1338 2651 simoniae,
1387 2578 1597 2661 posset
1646 2572 1784 2640 haec
1830 2572 1995 2639 actio
2044 2592 2177 2639 esse
2218 2591 2433 2661 repre-

178 2707 214 2747 «
247 2682 601 2768 hausibilis,
630 2684 732 2753 vel
759 2684 1002 2753 ratione
1031 2684 1346 2771 scandali,
1369 2684 1472 2752 vel
1492 2685 1547 2752 si
1576 2689 1738 2751 esset
1767 2684 2053 2752 nimia...
2084 2709 2119 2749 ιι

263 2797 447 2867 Juxta
473 2800 643 2868 hanc
671 2800 1028 2869 doctrinam
1062 2800 1302 2890 pluries
1339 2798 1669 2888 respondit
1688 2796 1755 2867 S.
1795 2798 2219 2887 Congregatio
2261 2798 2435 2867 Con-

169 2912 330 2982 cilii.
352 2914 552 2983 Verbi
575 2916 804 3003 gratia,
827 2916 906 2983 ad
927 2914 1239 2983 dubium:
1266 2916 1434 3005 Cum
1458 2913 1531 2982 in
1548 2912 1783 3004 Belqio
1802 2912 2011 3003 suerit
2032 2910 2435 2999 dubitatum,

175 3050 263 3097 an
288 3028 728 3099 simoniacum
747 3032 842 3099 sit
851 3032 1139 3125 recipere
1155 3030 1376 3099 dotem
1388 3027 1770 3098 solvendam
1784 3050 1909 3120 pro
1931 3028 2135 3109 victu,
2158 3028 2431 3112 amictu,

175 3144 568 3235 supellectili
585 3158 648 3213 et
667 3146 823 3215 aliis
841 3148 1214 3217 necessariis
1235 3145 1326 3214 ad
1339 3157 1561 3215 susten
1569 3146 1886 3213 tationem
1900 3143 2147 3237 puelloe
2158 3142 2439 3211 volentis

178 3258 438 3349 inqredi
459 3263 962 3346 monasterium,
997 3264 1463 3354 supplicaretur
1497 3258 2030 3329 Eminentissimi
2056 3262 2289 3327 Patres
2308 3278 2435 3349 pro

183 3373 558 3464 hujusmodi
581 3376 770 3445 dubii
789 3378 1186 3447 resolutione
1206 3402 1230 3446 .·
1255 3378 1655 3469 Responsum
1674 3383 1792 3461 est,
1815 3398 1951 3445 non
1973 3397 2106 3445 esse
2118 3375 2439 3445 simoma-

187 3510 349 3557 cum.
376 3491 620 3559 Citatur
645 3493 786 3561 haec
807 3493 1148 3563 declaratio
1175 3493 1242 3561 in
1274 3514 1463 3562 causa
1492 3491 1884 3561 Bononiensi
1903 3493 1987 3560 14
2012 3491 2233 3582 aprilis
2262 3490 2431 3558 1725

186 3604 592 3697 (Thesaurus
618 3608 838 3688 resol„
867 3616 1026 3678 tom.
1064 3610 1130 3694 3,
1159 3632 1306 3701 pag.
1339 3609 1471 3677 154
1492 3615 1557 3677 et
1584 3608 1737 3692 155,
1764 3608 1917 3677 edit.
1949 3605 2182 3677 Urbini
2211 3604 2430 3693 1739).

187 3722 392 3808 Atque
413 3721 482 3788 in
515 3722 640 3790 hac
670 3725 806 3815 ipsa
835 3746 1021 3793 causa
1049 3726 1224 3793 idem
1247 3725 1485 3793 iterum
1514 3724 1805 3793 decisum
1834 3730 1951 3793 est.

273 3832 436 3904 Hinc
476 3860 602 3929 per
639 3861 706 3909 se
746 3862 867 3910 nec
899 3841 1276 3929 simoniaca,
1313 3862 1431 3910 nec
1457 3840 1682 3909 illicita
1725 3840 1883 3908 foret
1918 3838 2202 3919 donatio,
2240 3856 2437 3928 quam

190 3950 458 4018 novitius
504 3960 618 4021 aut
666 3955 908 4025 novitia
972 3955 1052 4022 de
1118 3955 1306 4024 bonis
1359 3957 1496 4024 suis
1556 3954 1939 4023 monasterio
1996 3953 2227 4021 iaceret
2287 3956 2435 4019 ante

191 4063 664 4154 professionem,
695 4072 1114 4161 eleemosynae
1155 4070 1363 4139 titulo.
1417 4068 1539 4139 Sed
1588 4069 1905 4162 ejusmodi
1946 4067 2225 4153 donatio,
2264 4072 2437 4137 etex

193 4186 354 4271 parte
397 4186 762 4254 monasterii
805 4187 1176 4278 acceptatio,
1203 4186 1345 4255 -tuit
1397 4208 1435 4253 a
1474 4185 1751 4255 concilio
1791 4182 2172 4253 Tridentino
2212 4182 2437 4275 prohi-

193 4294 336 4379 hita,
387 4320 468 4367 ne
507 4299 593 4369 ob
635 4322 776 4369 eam
803 4303 1202 4371 minueretur
1231 4302 1300 4370 in
1333 4300 1591 4369 novitiis
1624 4299 1899 4369 exeundi
1920 4304 2067 4369 ante
2104 4294 2443 4390 professio-

196 4430 334 4478 nem
359 4412 637 4488 libertas.
