2834 4959
326 380 333 391 Ι
426 316 551 374 306
994 322 1338 370 moruus
1380 322 1462 369 »Β
1505 322 1656 371 mm:
1697 320 2114 369 REGULARIUM.

418 447 610 518 statui
638 466 817 536 posse
854 444 1078 534 regula
1100 442 1211 511 illa
1233 443 1574 533 generaliS,
1605 463 1734 533 qua
1755 440 2008 511 decreta
2035 440 2257 510 omnia
2288 462 2493 512 novos
2521 446 2720 517 viro-

421 583 573 632 rum
600 564 955 629 conventus
992 559 1450 629 concernentia
1473 555 1800 648 erigendis
1829 556 2221 627 monialium
2265 560 2718 634 conventibus

417 672 798 771 applicanda
822 673 976 743 sint.
1006 672 1196 745 Unde
1220 673 1556 764 sigillatim
1581 673 1921 763 requisitas
1945 672 2268 763 ejusmodi
2294 676 2716 749 eonditiones

418 791 922 874 recensebimus,
950 794 1014 859 et
1037 789 1119 859 de
1142 810 1532 881 unaquaque
1553 790 1976 880 exquiremus
2001 809 2089 857 an
2121 806 2346 857 revera
2385 791 2718 861 moniales

420 909 710 999 attingat.
1575 972 1580 977 .

510 1022 795 1104 Quassno
822 1020 899 1089 1⁸.
928 1058 1021 1071 -
1046 1020 1157 1089 An
1182 1016 1279 1087 ad
1298 1019 1462 1088 novi
1485 1029 1848 1087 conventus
1873 1017 2284 1087 monialium
2305 1019 2710 1089 erectionem

419 1140 803 1232 requiratur
828 1134 1105 1206 licentia
1142 1133 1536 1226 Apostolica
1561 1136 1598 1200 Ρ
1617 1172 1708 1185 -
1748 1132 1812 1203 1⁰
1837 1130 1983 1203 Non
2008 1133 2364 1225 requiritur
2387 1135 2458 1203 vi
2479 1136 2710 1205 deere-

418 1256 561 1325 talis
606 1252 907 1344 Gregorii
956 1251 1025 1321 X
1074 1249 1296 1342 (supra
1335 1248 1577 1334 relatae,
1624 1249 1834 1340 capite
1876 1248 1963 1340 1).
2013 1246 2182 1317 Nam
2223 1250 2566 1321 decretalis
2592 1250 2706 1321 illa

416 1370 495 1439 de
540 1368 935 1439 monialibus
989 1385 1121 1433 non
1178 1362 1490 1453 loquitur.
1548 1360 1864 1432 Praeterea
1915 1363 2208 1453 loquitur
2263 1364 2582 1435 duntaxat
2631 1364 2708 1433 de

417 1482 941 1553 mendicantibus
984 1479 1102 1570 qui
1134 1478 1304 1547 bona
1333 1476 1702 1547 immobilia
1739 1478 1809 1545 in
1849 1478 2191 1548 communi
2217 1480 2541 1569 possidere
2573 1503 2708 1554 non

416 1604 688 1691 possunt
722 1621 741 1665 z
792 1596 905 1665 sed
944 1594 1335 1665 monialium
1380 1592 1808 1663 conventibus
1851 1592 2026 1662 licita
2070 1600 2164 1663 est
2195 1592 2518 1663 bonorum
2569 1596 2712 1665 im-

416 1713 765 1785 mobilium
804 1719 867 1781 et
910 1710 1288 1781 reddituum
1335 1710 1672 1801 possessio.
1719 1709 1788 1777 2⁰
1816 1708 1954 1779 Nec
1979 1710 2334 1800 requiritur
2365 1710 2432 1777 vi
2467 1710 2704 1780 decre·

412 1831 559 1901 talis
610 1827 933 1901 Bonifacii
979 1826 1133 1897 VlIl
1180 1828 1411 1917 (quam
1439 1846 1638 1918 supra
1663 1824 2034 1910 retulimus,
2087 1826 2296 1916 capite
2339 1826 2416 1912 13
2465 1832 2530 1895 et
2553 1846 2708 1917 quae

410 1946 685 2017 habetur
710 1946 781 2013 in
804 1955 993 2013 sexto
1004 1994 1027 2032 ,
1046 1941 1259 2035 capite
1278 1942 1546 2011 Cumae
1567 1963 1665 2026 eo,
1685 1938 1768 2009 de
1787 1938 2182 2009 Excessibus
2203 1940 2705 2031 Praelatorum).
2803 2009 2805 2027 ,

412 2063 580 2133 Nam
608 2084 823 2153 neque
865 2062 938 2130 in
978 2080 1057 2128 eo
1101 2064 1279 2127 textu
1306 2059 1632 2150 reperitur
1680 2056 1818 2126 ulla
1861 2056 1940 2126 de
1986 2057 2391 2126 monialibus
2435 2058 2702 2127 mentio.
2803 2038 2805 2043 ¹

398 2176 491 2246 'Et
546 2182 834 2260 notetur,
910 2176 1087 2259 duas·
1138 2171 1432 2263 praefatas
1485 2172 1858 2257 decretales,
1915 2177 2140 2264 utpote
2188 2175 2306 2263 jus
2355 2194 2705 2244 commune

414 2298 598 2361 antea
660 2292 887 2379 vigens
944 2287 1432 2376 restringentes,
1497 2306 1634 2354 esse
1689 2287 1905 2357 stricte
1971 2284 2537 2379 interpretandas;
2587 2312 2698 2360 nec

413 2402 685 2497 proinde
742 2401 824 2472 ad
880 2400 1271 2471 monialium
1326 2407 1680 2470 conventus
1729 2402 2185 2488 extendendas,
2241 2404 2373 2475 nisi
2429 2404 2518 2475 id·
2541 2406 2710 2475 clare
2804 2384 2805 2436 ³

415 2521 800 2611 exprimant.
856 2515 927 2587 3⁰
970 2515 1199 2607 Neque
1226 2516 1586 2607 requiritur
1615 2516 1682 2584 vi
1727 2524 1935 2588 textus
1973 2517 2342 2588 Tridentini
2397 2520 2574 2612 (sees.
2625 2520 2704 2588 25

420 2633 499 2703 de
548 2636 740 2725 Κεφ,
774 2654 919 2725 cap.
970 2630 1063 2722 3).
1110 2628 1279 2699 Nam
1327 2631 1422 2701 ibi
1457 2631 1728 2722 quidem
1771 2654 2064 2726 expresse
2106 2634 2324 2726 agitur
2347 2634 2432 2705 de
2458 2636 2711 2705 monia-

419 2749 593 2820 lium
642 2750 837 2818 etiam
906 2747 1339 2817 conventibus
1398 2771 1417 2815 :
1483 2753 1551 2815 at
1601 2749 1886 2837 synodus
1935 2751 2362 2819 necessariam
2429 2752 2711 2821 decernit

422 2866 755 2937 licentiam
794 2862 1129 2955 Episcopi,
1160 2867 1222 2929 et
1250 2861 1329 2931 de
1361 2860 1714 2930 obtinendo
1763 2862 1932 2932 sedis
1973 2864 2362 2955 Apostolicae
2409 2867 2711 2960 benepla-

426 2984 554 3053 cito
588 2982 860 3051 omnino
906 2977 1071 3047 silet.
1123 2978 1190 3045 4⁰
1235 2974 1397 3045 Nec·
1423 2974 1690 3044 tandem
1744 2978 2104 3067 requiritur
2147 2981 2212 3049 vi
2259 2979 2460 3051 bullae
2507 2982 2708 3053 Inno-

318 3100 323 3104 ’
429 3100 620 3173 centii
653 3099 739 3187 X,
784 3118 932 3190 quae
978 3094 1206 3185 incipit
1249 3091 1744 3161 Instaurandoe.
1796 3093 1960 3162 Nam
2011 3096 2192 3164 bulla
2237 3096 2380 3167 haee
2429 3098 2712 3189 loquitur

430 3218 736 3287 duntaxat
769 3215 848 3283 de
892 3209 1314 3281 conventibus
1354 3210 1672 3286 virorum.
1707 3209 1779 3278 Id
1807 3216 2121 3300 tanquam
2155 3216 2426 3283 omnino
2453 3222 2708 3285 certum

432 3331 625 3399 habet
689 3328 1065 3417 Fagnanus,
1130 3324 1245 3415 qui
1316 3323 1569 3393 bullam
1632 3323 2118 3415 compilaverat.
2189 3326 2378 3399 Unde
2447 3332 2706 3400 conclu-

435 3447 529 3516 dit
566 3446 837 3535 husjuee
881 3440 1358 3513 constitutionis
1384 3439 1946 3531 dispositionibus,
1997 3461 2131 3510 non
2170 3445 2532 3537 constringi
2569 3467 2704 3516 mo-

434 3558 661 3649 niales,
702 3558 896 3627 etiam
950 3560 1023 3627 in
1068 3554 1253 3625 Italia
1308 3561 1372 3623 et
1419 3554 1864 3645 adjacentibus
1920 3532 2152 3627 insulis
2213 3559 2388 3648 (vide
2437 3560 2704 3631 auctoris

433 3676 611 3746 illius
657 3674 876 3759 verba,
934 3692 1132 3765 supra
1182 3672 1389 3763 capite
1440 3670 1528 3761 1).
1578 3671 1645 3740 5⁰
1706 3671 2048 3761 Auctores,
2111 3674 2228 3765 qui
2275 3676 2347 3743 in
2393 3674 2706 3767 erigendis

436 3794 827 3863 monialium
853 3791 1050 3860 etiam
1078 3787 1502 3857 conventibus
1529 3789 1949 3857 necessariam
1978 3789 2348 3861 existimant
2385 3793 2700 3863 licentiam

436 3909 603 3977 sedis
652 3904 1059 3999 Apostolicae,
1128 3924 1257 3974 non
1318 3902 1651 3971 adducunt
1699 3902 1918 3971 ullum
1969 3904 2090 3975 hac
2153 3907 2231 3974 de
2292 3930 2362 3976 re
2421 3904 2699 3999 generale

434 4024 790 4107 decretum,
842 4043 879 4089 a
926 4017 1117 4089 modo
1172 4018 1377 4086 citatis
1431 4018 1814 4102 diversum;
1885 4018 1996 4089 sed
2051 4022 2361 4092 nituntur
2413 4023 2701 4094 duntaxat

435 4122 712 4228 p'raefatis
755 4135 1054 4225 Gregorii
1094 4130 1157 4203 X
1204 4139 1266 4200 et
1314 4128 1636 4201 Bonifacii
1685 4130 1834 4202 Vlll
1876 4133 2338 4225 decretalibus,
2393 4146 2584 4229 prout
2616 4135 2699 4203 vi-

434 4252 589 4319 dere
634 4255 729 4319 est
771 4250 840 4317 in
888 4269 1086 4341 supra
1127 4246 1532 4337 transcriptis
1561 4245 1796 4337 (capite
1829 4246 1890 4339 1)
1920 4246 2250 4321 Benedicti
2295 4250 2450 4321 xlv
2479 4250 2692 4320 verbis

438 4367 607 4437 Cum
660 4386 815 4455 ergo
868 4386 941 4433 ex
1010 4362 1149 4433 istis
1198 4362 1475 4433 textibus
1515 4360 1809 4452 ipsorum
1875 4365 2206 4435 conclusio
2263 4375 2430 4463 reete
2487 4364 2694 4459 deduci
