2834 4959
440 356 557 412 036
1002 358 1343 407 'rhamnus
1382 360 1464 407 nt
1507 354 1660 405 ³1:118
1713 354 2128 403 nem-mmm.

438 484 553 552 illa
596 488 767 551 certo
818 482 887 549 in
932 480 1323 551 conscientia
1366 480 1663 568 obligant
1707 500 1724 545 ε
1761 496 1956 567 porro
1997 474 2380 544 Tridentina
2427 482 2698 568 synodus

434 618 729 693 expresse
776 594 1087 687 disponit,
1143 602 1217 664 ut
1258 598 1327 666 in
1364 596 1682 685 religione
1725 610 1992 661 manere
2037 596 2328 661 teneatur
2371 594 2702 686 religiosus

443 719 582 803 post
620 712 913 804 elapsum
956 712 1514 801 quinquennium,
1563 709 2012 799 quamtumvis
2059 709 2428 797 praetendat
2473 714 2700 783 nullam

438 824 635 893 fuisse
684 823 1143 916 professionem
1196 844 1426 911 suam3
1491 829 1556 891 et
1609 821 1784 889 idem
1835 820 2124 909 disponit
2179 822 2400 910 quoad
2467 824 2708 914 religioe

442 960 618 1025 sum,
662 938 777 1028 qui
806 940 975 1009 intra
1016 940 1550 1029 quinquennium
1577 957 1707 1005 non
1751 935 1962 1025 potuit
1987 933 2352 1003 nullitatem
2397 937 2694 1027 probare:

442 1076 597 1145 ergo
642 1074 861 1122 revera
888 1060 1139 1121 tenetur
1178 1059 1337 1123 tunc
1381 1053 1728 1143 religiosus
1771 1072 1848 1117 ex
1887 1050 2288 1119 conscientia
2335 1072 2606 1121 manere
2645 1055 2698 1121 in

444 1170 782 1260 religione,
849 1171 1271 1259 quantumvis
1324 1170 1484 1239 sciat
1541 1166 2008 1259 professionem
2077 1186 2268 1234 suam
2323 1188 2466 1237 esse
2541 1170 2701 1237 inva-

440 1282 667 1353 lidum.

530 1399 601 1467 2²
647 1400 717 1467 ld
770 1402 1065 1491 praecipit
1109 1399 1488 1469 Tridentina
1523 1400 1804 1488 synodus
1839 1398 1964 1467 sub
1997 1397 2208 1489 pcenis
2247 1398 2324 1466 in
2357 1405 2694 1490 apostatas;

442 1535 517 1584 ac
558 1514 829 1604 proinde
870 1514 995 1582 sub
1040 1515 1708 1592 excommunicatione
1747 1538 1764 1584 ε
1799 1514 1910 1583 sed
1949 1514 2530 1583 excommunicatio
2577 1536 2696 1583 non

448 1626 653 1694 fertur
702 1626 828 1694 nisi
870 1638 1095 1697 contra
1136 1634 1474 1719 peccatum
1529 1630 1800 1701 mortale
1855 1654 1874 1699 ι
1927 1650 2085 1719 ergo
2131 1629 2504 1699 existimarit
2547 1628 2685 1696 Tri—

444 1740 707 1809 dentina
758 1742 1042 1832 synodus
1084 1749 1424 1835 peccatum
1475 1746 1744 1815 mortale
1785 1745 1944 1830 fore,
1999 1744 2056 1813 si
2107 1746 2440 1835 religiosus
2479 1744 2688 1811 decre-

442 1860 585 1927 tum
624 1858 788 1927 illud
820 1859 1112 1929 violaret.

536 1972 603 2043 3ο
634 1970 813 2041 Finis
840 1974 1113 2063 hujusce
1139 1973 1301 2063 legis
1326 1972 1729 2043 Tridentinae
1753 1973 1900 2060 fuit,
1923 1980 1998 2041 ut
2025 1970 2398 2042 tollerentur
2419 1970 2690 2055 dissidia,

446 2108 593 2177 quae
633 2088 977 2179 religiones
1020 2087 1507 2179 perturbabant,
1557 2088 2098 2157 contendentibus
2151 2086 2520 2177 frequenter
2551 2084 2698 2151 reli·
2791 2108 2793 2145 ι

454 2203 673 2291 ςὶοείε,
726 2204 1079 2271 invalidam
1122 2203 1313 2271 fuisse
1364 2203 1828 2295 professionem
1871 2224 2083 2287 suam,
2123 2210 2188 2271 et
2231 2204 2358 2271 sub
2397 2204 2514 2271 boc
2551 2220 2702 2291 prae-

440 2320 643 2395 textu,
689 2316 913 2385 habitu
951 2316 1242 2407 dimisso,
1276 2317 1696 2407 fugientibus.
1749 2317 1938 2387 Hisce
1965 2316 2242 2386 dissidiis
2285 2323 2350 2385 et
2386 2314 2704 2383 scandalis

448 2430 653 2498 voluit
694 2430 1067 2501 Tridentina
1112 2436 1395 2520 synodus
1445 2437 1698 2504 decreto
1755 2456 1872 2503 suo
1925 2434 2281 2503 terminum
2339 2430 2697 2522 praefigere.

438 2542 640 2611 Porro
702 2547 757 2613 si
818 2568 965 2615 vera
1029 2548 1189 2619 foret
1242 2554 1559 2621 sententia
1617 2550 1972 2637 affirmans,
2035 2551 2276 2620 absone
2343 2546 2700 2619 Tridentini

444 2656 661 2728 Patres
686 2660 1017 2731 decretum
1052 2664 1183 2733 boc
1224 2668 1600 2735 sanxissent.
1641 2666 1806 2735 Nam
1839 2692 1878 2732 α
1915 2664 2096 2735 hunc
2121 2665 2324 2734 finem
2353 2666 2698 2757 impediunt

454 2802 487 2841 α
512 2798 587 2847 ac
636 2800 895 2869 prorsus
940 2779 1279 2850 destruunt
1322 2782 1590 2851 nulliter
1633 2781 1928 2874 professi,
1975 2782 2094 2872 qui
2121 2782 2387 2872 propria
2427 2780 2696 2850 anctori-

452 2919 489 2958 (ι
514 2898 665 2975 tate,
707 2900 792 2977 et,
838 2916 972 2963 non
1022 2902 1265 2965 servata
1306 2916 1343 2963 a
1378 2897 1656 2965 concilio
1715 2896 2086 2988 praescripta
2135 2897 2374 2983 forma,
2419 2896 2690 2963 habitum

452 3009 881 3093 «dimittunt,
927 3012 1119 3079 etiam
1178 3010 1391 3101 elapso
1443 3013 1918 3101 quinquennio.
1969 3012 2073 3080 Ad
2121 3012 2282 3101 quid
2335 3011 2514 3079 enim
2566 3030 2697 3098 pro-

448 3146 485 3185 «
514 3122 737 3192 fuisset
776 3126 873 3193 lex
902 3128 1157 3193 concilii
1184 3126 1251 3193 in
1284 3127 1658 3216 praefixione
1697 3128 1894 3219 hujus
1917 3127 2208 3212 termini,
2241 3127 2300 3197 si
2325 3125 2694 3213 unicuique,

452 3264 487 3303 α
514 3260 591 3307 ex
628 3262 815 3309 causa
846 3243 1157 3313 nullitatis
1200 3266 1333 3313 suae
1382 3245 1818 3336 professionis,
1869 3246 2092 3313 liceret
2141 3250 2284 3313 tuta
2323 3242 2698 3313 conscientia

448 3376 483 3415 α
510 3355 1055 3446 quandocunque,
1102 3379 1177 3426 ac
1220 3358 1399 3427 nulla
1438 3360 1645 3427 forma
1691 3366 1936 3428 servata
1969 3358 2182 3428 redire
2217 3359 2302 3427 ad
2347 3357 2697 3427 saeculum?

444 3490 481 3527 «ι
515 3464 689 3555 Ergo
740 3470 833 3535 sic
878 3481 1176 3541 exeuntes
1214 3484 1482 3563 peccant
1524 3474 1898 3543 mortaliter.
1943 3500 1977 3539 n
2015 3474 2410 3566 (Fagnanus,
2457 3474 2525 3542 in
2557 3493 2690 3561 cap·

440 3580 517 3648 Si
542 3583 713 3673 quis,
750 3583 829 3653 de
852 3586 1119 3677 Requl„
1150 3610 1215 3655 n.
1252 3590 1393 3678 41.)

342 3694 351 3703 ’
528 3699 593 3765 4⁰
636 3699 909 3780 Quando
951 3705 1259 3791 professio
1310 3706 1496 3773 nulla
1545 3712 1640 3773 est
1687 3727 1761 3772 ex
1801 3704 1928 3773 alio
1981 3706 2186 3796 capite
2225 3726 2423 3795 quam
2469 3728 2546 3773 ex
2597 3702 2694 3770 de-

440 3808 609 3879 fectu
648 3836 1021 3901 consensuS‚
1052 3827 1303 3887 certum
1346 3828 1442 3887 est
1485 3828 1628 3889 vota
1661 3820 1896 3889 emissa
1935 3820 2146 3889 valere
2171 3820 2400 3891 saltem
2439 3828 2512 3889 ut
2547 3820 2692 3887 sim-

447 3924 635 4014 plicia
672 3929 793 4021 (1).
834 3930 1008 4020 Ergo
1057 3933 1339 4023 religiosi
1386 3936 1502 4024 qui
1547 3938 1638 4004 sic
1666 3935 1933 4004 nulliter
1961 3937 2422 4028 professionem
2457 3930 2690 4003 emisis-

440 4046 603 4125 sent,
634 4062 709 4110 ex
740 4050 885 4111 voto
928 4046 1149 4115 saltem
1178 4048 1461 4140 simplici
1503 4057 1876 4119 tenerentur
1911 4051 1991 4119 ad
2025 4051 2456 4121 observantias
2493 4066 2686 4133 regu·

439 4154 625 4239 lareS,
670 4180 787 4227 nec
824 4172 1080 4249 possent
1108 4164 1349 4255 absque
1394 4166 1648 4255 ingenti
1693 4166 1978 4237 facinore
2005 4175 2072 4237 et
2102 4168 2432 4257 sacrilegio
2472 4159 2681 4230 matri-

498 4410 567 4471 (1)
600 4412 653 4461 ld
684 4416 929 4475 probatur
953 4422 1102 4475 infra.
