2834 4959
1126 394 1279 445 PARS
1322 396 1540 447 'mum
1551 429 1564 446 .
2360 393 2396 447 4
2407 392 2440 447 8
2454 393 2484 445 7

204 541 345 611 qnae
396 540 557 587 cum
615 516 777 587 votis
825 515 1237 607 simplicibus
1292 517 1603 587 duntaxat
1649 527 1876 587 erectae
1929 527 2124 602 sunt3
2181 522 2480 609 quamvis

204 635 267 703 in
288 634 381 703 eis
432 652 570 701 non
595 631 757 701 desit
796 640 1021 699 status
1058 628 1355 721 reliqiosi
1396 632 1700 701 essentia.
1737 630 1924 703 Unde
1949 635 2016 702 in
2067 632 2292 717 bullis,
2331 652 2478 722 quae

200 748 581 840 hujusmodi
610 748 1143 839 congregationes
1187 748 1451 838 erigunt
1477 750 1549 818 in
1586 748 1846 819 ordines
1869 772 2022 819 cum
2049 752 2210 819 votis
2239 748 2482 819 solem·

200 866 427 949 nibus,
452 864 689 933 dicitur
716 884 821 933 eas
846 862 1011 953 erigi
1036 863 1107 931 in
1131 862 1517 955 reliqionem
1531 863 1910 955 somnulem.
1944 864 2066 933 Vel
2087 886 2242 955 ergo
2259 864 2472 934 domi-

200 1002 333 1049 nus
354 979 643 1049 Carriere
672 980 1071 1050 locutionem
1107 978 1281 1049 hanc
1308 977 1570 1051 ordines
1601 1000 1750 1051 vere
1761 991 1826 1050 et
1839 981 2116 1075 proprie
2144 978 2480 1070 reliqiosos

198 1095 517 1165 intellexit
536 1096 608 1164 in
644 1094 769 1163 hoc
817 1092 1127 1164 strictiori
1174 1114 1396 1180 sensu,
1441 1097 1546 1167 vel
1593 1118 1750 1167 non.
1795 1098 1862 1169 Si
1911 1098 2122 1189 prius,
2155 1097 2476 1191 absonum

198 1210 359 1302 quid
396 1209 664 1303 protulit
688 1232 709 1295 ;
748 1228 981 1301 nempe
1004 1228 1191 1299 posse
1228 1208 1468 1301 Papam
1492 1212 1768 1302 efficere,
1801 1217 1875 1281 ut
1899 1213 2056 1282 ordo
2080 1218 2224 1282 vota
2247 1210 2484 1280 solem-

200 1326 311 1395 nia
352 1325 611 1410 habeat,
640 1324 939 1415 quamvis
974 1321 1208 1393 habeat
1237 1325 1650 1397 solummodo
1683 1332 1826 1398 vota
1855 1326 2194 1419 simplicia.
2223 1324 2290 1395 Si
2321 1344 2483 1416 pos-

198 1442 425 1526 terius,
453 1440 519 1509 id
549 1446 668 1525 est,
699 1438 755 1509 si
787 1460 973 1509 veros
1014 1438 1278 1509 ordines
1312 1439 1650 1533 reliqiosos
1672 1450 1856 1513 vocet
1885 1464 2017 1531 eos,
2042 1444 2157 1533 qui
2183 1438 2480 1511 substan·
2529 1494 2571 1509 ,

196 1558 359 1623 tiam
390 1555 653 1648 quidem
688 1560 889 1625 status
916 1556 1215 1645 religiosi
1244 1556 1512 1648 habent,
1539 1558 1648 1629 sed
1673 1580 1826 1628 cum
1849 1560 2012 1629 votis
2035 1556 2471 1648 simplicibus,

200 1673 439 1741 falsum
467 1672 711 1763 aliquid
742 1670 1090 1765 supponit:
1121 1672 1394 1742 dicendo
1419 1694 1656 1766 nempe
1675 1686 1894 1766 posset
1910 1672 2082 1767 Papa
2109 1696 2216 1743 eos
2238 1696 2482 1766 aqnos·

196 1810 369 1873 cere,
400 1787 461 1857 si
508 1798 957 1879 opportunum
992 1784 1365 1877 judicaret,
1405 1789 1715 1879 supponit
1739 1810 1846 1859 eos
1882 1791 2022 1879 jam
2049 1797 2122 1857 ut
2149 1788 2302 1858 tales
2344 1810 2478 1857 non

198 1906 497 1997 agnosci.
528 1904 729 1974 Porro
748 1906 870 1975 hoc
898 1905 1041 1997 ipso
1075 1906 1251 1997 quod
1278 1905 1462 1975 sedes
1509 1906 1877 1998 Apostolica
1908 1908 2472 1997 congregationem

203 2017 496 2111 aliquam
514 2020 950 2111 approbaverit
971 2042 1127 2093 cum
1146 2022 1472 2114 perpetuis
1489 2022 1702 2093 tribus
1721 2022 1846 2091 sim
1854 2022 2128 2114 plicibus
2148 2023 2334 2109 votis,
2357 2022 2476 2091 rite

194 2134 593 2219 emittendis,
631 2158 772 2205 eam
795 2137 1088 2227 agnoscit
1114 2142 1187 2207 ut
1213 2135 1781 2229 congregationem
1819 2142 2018 2207 status
2045 2136 2334 2228 religiosi
2367 2158 2469 2207 es·

198 2250 475 2319 sentiam
506 2248 889 2343 habentem3
921 2254 1079 2343 quia
1104 2274 1327 2323 revera
1364 2276 1508 2324 eam
1545 2256 1890 2323 essentiam
1917 2252 2132 2326 habet.
2159 2251 2346 2323 Unde
2375 2270 2472 2321 se-

196 2364 335 2433 mel
362 2368 561 2458 posita
602 2366 921 2458 ejusmodi
964 2368 1243 2439 instituti
1286 2368 1746 2463 approbatione
1775 2394 1792 2452 ;
1826 2372 1970 2461 jam
1999 2391 2132 2441 non
2162 2369 2394 2463 pendet
2433 2390 2468 2437 a

196 2480 373 2575 Papa
398 2488 629 2553 utnon
658 2485 764 2567 sit,
791 2485 861 2554 in
890 2485 1012 2555 hoc
1037 2484 1333 2557 inferiori
1360 2508 1582 2571 sensu,
1615 2486 1772 2558 ordo
1797 2486 2162 2579 religiosus.

292 2593 652 2664 Annorum
672 2595 813 2665 lv·.
842 2634 934 2649 —
949 2598 1330 2666 Existimat
1347 2598 1714 2689 reliqiosos,
1734 2610 2058 2691 quotquot
2079 2598 2475 2670 exstiterunt

200 2732 237 2779 e
274 2709 647 2801 reqionibus
688 2710 1009 2781 haereticis
1034 2711 1141 2781 vel
1171 2710 1582 2804 infidelibus,
1614 2733 1738 2803 per
1762 2712 2256 2803 professionem
2277 2734 2468 2779 suam

196 2844 343 2893 non
363 2825 573 2914 factos
590 2826 799 2917 fuisse
824 2825 1109 2897 dominii
1134 2826 1498 2920 incapaces.
1515 2862 1608 2879 -·
1624 2824 1728 2894 Ad
1748 2826 1920 2895 hanc
1943 2848 2098 2897 eum
2121 2825 2472 2893 novitatem

194 2938 415 3031 adegit
442 2942 673 3012 falsum
706 2964 901 3013 suum
937 2942 1016 3012 de
1066 2941 1383 3034 religiosis
1427 2940 1654 3011 Galliae
1701 2943 2003 3031 systema.
2045 2936 2212 3005 Cum
2238 2954 2471 3025 nempe

197 3057 545 3127 sustineret
562 3057 1029 3128 hodiernorum
1048 3057 1273 3128 Galliae
1291 3056 1742 3147 religiosorum
1753 3059 1898 3124 vota
1907 3052 2185 3123 dominii
2206 3052 2474 3145 incapa-

198 3170 457 3241 citatem
492 3192 623 3242 non
650 3172 983 3263 inducere,
1008 3174 1093 3244 ob
1132 3174 1528 3243 contrariam
1563 3172 1726 3264 legis
1753 3169 2076 3240 saecularis
2102 3166 2464 3260 dispositio-

197 3308 381 3370 nem,
407 3309 484 3357 ac
528 3286 797 3379 proinde
842 3288 1159 3359 solemnia
1188 3309 1320 3358 non
1349 3310 1509 3374 esse,
1538 3287 1664 3376 ipsi
1694 3284 1939 3375 objecta
1967 3288 2065 3355 est
2099 3284 2332 3374 ingens
2355 3282 2466 3355 illa

198 3401 653 3491 religiosorum
704 3412 945 3491 turma,
996 3405 1110 3497 qui
1140 3426 1177 3473 e
1234 3403 1616 3493 regionibus
1664 3400 1976 3471 haereticis
2022 3400 2468 3473 infidelibusve

197 3518 493 3608 oriundi,
526 3522 736 3611 quoad
774 3521 1061 3613 regionis
1098 3542 1231 3591 suae
1282 3519 1659 3589 saecularem
1686 3518 1897 3610 legem
1924 3517 1996 3587 in
2033 3519 2176 3609 pari
2203 3536 2465 3609 prorsus

198 3639 573 3711 conditione
620 3645 851 3713 versati
900 3648 1099 3728 snnt;
1158 3642 1321 3735 quin
1380 3646 1596 3709 tamen
1649 3638 1792 3709 ideo
1845 3644 2147 3709 votorum
2187 3636 2270 3705 ab
2311 3633 2465 3727 ipsis

196 3754 585 3825 emissorum
642 3758 1009 3829 solemnitas
1065 3758 1260 3828 fuerit
1320 3776 1645 3847 unquam,
1702 3759 1834 3826 toto
1883 3754 2009 3825 hoc
2083 3750 2471 3823 saeculorum

198 3873 438 3954 tractu,
468 3871 537 3938 in
562 3871 845 3941 dubium
888 3878 1204 3944 revocata.
1239 3872 1332 3942 Ex
1361 3892 1492 3962 qua
1525 3876 1696 3941 certe
1735 3869 2096 3961 objectione
2141 3867 2468 3959 opinionis

197 4004 335 4055 suae
368 3984 599 4057 falsitas
652 3986 839 4058 facile
887 3988 1301 4079 prodebatur.
1348 3988 1434 4059 At
1475 4008 1556 4056 ne
1585 3986 2014 4077 excogitatum
2049 4005 2088 4053 a
2114 4004 2208 4065 se,
2237 3981 2474 4053 etdoc-

196 4101 387 4171 trinae
430 4124 565 4171 suae
617 4102 835 4173 favens
881 4108 1155 4195 systema
1200 4100 1491 4173 deserere
1535 4105 1898 4191 cogeretur,
1944 4098 2178 4169 maluit
2229 4098 2308 4169 ad
2358 4097 2476 4169 hos

197 4214 397 4285 etiam
456 4217 785 4308 religiosos
824 4217 989 4287 illud
1034 4218 1390 4288 extendere.
1443 4215 1729 4285 Sustinet
1773 4236 2009 4306 nempe
2059 4234 2272 4307 neque
2319 4213 2474 4283 istos

196 4354 313 4423 per
350 4332 820 4425 professionem
869 4354 1059 4405 suam
1108 4334 1399 4405 amisisse
1444 4332 1862 4425 capacitatem
1911 4330 2235 4412 dominii3
2289 4330 2377 4402 ita
2401 4337 2475 4401 ut

200 4448 287 4519 ab
334 4448 496 4541 ipsis
528 4449 839 4523 emissum
889 4451 1279 4544 paupertatis
1326 4457 1576 4538 votum,
1619 4446 1722 4519 rel
1775 4446 2142 4519 nullatenus
2193 4446 2482 4521 solemne
