2834 4959
1086 296 1239 347 ens
1282 296 1523 347 mm.
2309 294 2388 353 40
2399 298 2434 351 ⁷

142 423 377 493 ullum
402 420 619 489 civem
638 418 1033 509 incapacem
1060 415 1346 487 dominii
1368 416 1732 505 decernere,
1765 440 1850 487 ex
1873 440 2074 489 causa
2098 423 2242 491 voti
2259 442 2438 513 pau·

140 536 459 630 penatis.
490 572 585 587 -
610 530 699 603 Ut
723 532 891 601 bene
921 532 1323 623 intelligatur
1349 533 1626 626 hujusce
1655 536 2029 624 argumenti
2055 537 2176 619 vis,
2211 538 2442 607 adver-

151 658 239 723 tat
260 651 473 721 lector
502 670 623 718 nos
660 648 773 719 hic
806 668 1073 717 causam
1100 647 1347 719 habere
1368 670 1536 721 cum,
1574 647 1654 718 iis
1693 648 2136 741 scriptoribus,
2177 652 2296 741 qui
2321 672 2444 744 pro

148 772 329 837 certo
362 766 611 835 habent
648 763 791 833 dari
820 784 1007 855 posse
1040 761 1113 832 in
1162 763 1491 855 religiosis
1525 764 1805 835 dominii
1845 765 2334 859 incapacitatem
2382 774 2446 837 et

149 886 459 949 votorum
530 876 1053 966 solemnitatem3
1116 877 1226 947 sed
1274 878 1395 967 qui
1447 878 1646 949 simul
1693 884 1937 969 negant
1981 880 2204 949 induci
2263 900 2447 973 posse

156 995 341 1065 hanc
398 992 889 1084 incapacitatem
940 994 1130 1065 aliter
1180 1014 1381 1084 quam
1429 995 1497 1062 vi
1543 994 1708 1085 legis
1763 996 2111 1077 saecularis,
2165 1017 2279 1065 seu
2323 1018 2446 1087 per

156 1098 549 1179 soecula‘rem
568 1120 995 1201 potestatem.
1014 1108 1259 1179 Dicunt
1278 1129 1514 1202 nempe
1530 1110 1703 1182 hanc
1725 1111 2212 1201 incapacitatem
2238 1112 2450 1181 domi·

162 1226 261 1293 nii
320 1242 457 1293 non
504 1224 795 1309 existere,
876 1226 1005 1293 nisi
1074 1223 1173 1293 lex
1226 1224 1554 1295 saecularis
1600 1246 1746 1295 eam
1795 1226 2115 1296 admittat.
2171 1225 2243 1297 Si
2293 1212 2448 1318 erg‘o

160 1339 541 1429 probemus,
590 1339 836 1411 hancce
890 1340 1380 1431 incapacitatem
1438 1360 1856 1433 nequaquam
1917 1342 2144 1411 induci
2184 1363 2368 1433 posse
2411 1364 2450 1411 a

160 1462 467 1547 potestate
527 1456 852 1543 saeculari,
927 1478 1121 1528 causa
1192 1457 1544 1527 vincimus.
1632 1456 1833 1528 Porro
1900 1458 2447 1551 incompetentem

164 1572 437 1643 omnino
482 1593 619 1643 esse
670 1576 1047 1665 potestatem
1094 1573 1476 1644 saecularem
1507 1572 1590 1643 ad
1622 1572 2096 1644 decernendam
2141 1579 2206 1642 et
2247 1574 2448 1643 indu-

166 1688 439 1757 cendam
474 1688 801 1780 ejusmodi
842 1688 1337 1779 incapacitatem
1364 1690 1458 1756 sic
1487 1688 1676 1757 facile
1715 1689 1978 1780 probari
2011 1692 2265 1780 potest:

248 1802 593 1873 Soecularis
620 1806 922 1896 princeps
942 1805 1053 1895 J‘us
1092 1824 1226 1875 non
1250 1802 1446 1872 habet
1467 1801 1958 1893 incapacitatem
2011 1804 2290 1874 dominii
2337 1804 2454 1874 de-

162 1918 482 1988 cernendi
524 1919 733 2008 quoad
768 1920 1059 2011 aliquem
1099 1919 1341 2007 civem,
1388 1924 1503 1991 aut
1545 1916 1836 2009 aliquam
1877 1918 2119 1988 civium
2153 1917 2449 2006 classem,

162 2034 299 2103 nisi
350 2032 421 2102 id
466 2034 738 2125 postulet
774 2055 1125 2107 commune
1154 2035 1472 2105 societatis
1497 2032 1872 2125 temporalis
1907 2032 2180 2101 bonum.
2215 2032 2458 2122 Aperte

164 2150 343 2219 enim
384 2148 731 2219 violaretur
754 2152 1013 2240 justitia
1034 2150 1476 2239 distributiva,
1520 2151 1605 2238 si,
1651 2148 1837 2219 nulla
1881 2153 2157 2239 urgente
2208 2144 2458 2238 publici

166 2265 323 2335 boni
360 2266 640 2351 ratione,
686 2266 891 2357 aliqui
936 2269 1111 2337 cives
1162 2266 1670 2337 decernerentur
1695 2264 1778 2335 ad
1803 2264 2180 2335 dominium
2226 2263 2458 2354 acqui-

166 2383 445 2453 rendum
510 2382 857 2469 inhabiles,
914 2384 1079 2456 dum
1132 2385 1344 2455 caeteri
1396 2402 1628 2453 omnes
1691 2403 1767 2453 ea
1829 2380 2252 2473 incapacitate
2321 2398 2455 2447 non

170 2498 601 2569 afficerentur.
646 2498 793 2569 Jam
821 2518 975 2569 vero
1014 2518 1369 2569 commune
1410 2498 1732 2569 societatis
1782 2496 2157 2589 temporalis
2201 2495 2454 2565 bonum

170 2612 547 2685 nullatenus
594 2614 793 2704 exigit
834 2619 931 2696 ut,
978 2615 1096 2703 qui
1138 2618 1576 2705 paupertatem
1619 2614 1817 2697 vovit,
1857 2612 2134 2682 dominii
2185 2612 2452 2702 incapa-

175 2730 437 2799 citatem
460 2730 775 2801 incurrat.
820 2726 989 2799 Nam
1032 2750 1109 2797 ex
1138 2748 1213 2798 eo
1252 2726 1428 2817 quod
1469 2725 1630 2793 civis
1667 2724 1930 2813 aliquiS,
1963 2732 2106 2815 post
2141 2730 2456 2793 emissum

172 2844 562 2939 paupertatis
596 2849 855 2930 votum,
902 2844 1232 2913 bonorum
1274 2860 1547 2911 suorum
1593 2837 2056 2929 temporalium
2083 2836 2456 2907 dominium

175 2964 535 3045 conservet,
584 2966 670 3046 et,
734 2960 907 3029 sicut
948 2958 1165 3029 caeteri
1212 2958 1408 3037 cives,
1453 2952 1662 3025 valide
1697 2950 1913 3021 adhuc
1949 2951 2148 3041 possit
2171 2949 2463 3051 donatio·

176 3098 291 3146 nes
326 3076 459 3148 sibi
496 3076 693 3146 factas
744 3079 1097 3166 acceptare,
1154 3070 1554 3142 haereditates
1603 3066 1809 3156 adire,
1859 3065 2162 3153 vendere,
2217 3086 2458 3151 emere,

178 3194 443 3281 donare,
525 3191 811 3281 aliosque
874 3188 1199 3279 ejusmodi
1262 3193 1630 3257 contractus
1681 3183 1874 3269 inire,
1923 3181 2108 3251 nulla
2173 3180 2466 3269 sequitur

179 3306 557 3399 reipublicae
612 3304 1035 3397 perturbatio,
1090 3302 1371 3373 infertur
1414 3300 1658 3393 injuria
1711 3295 1984 3366 nemini.
2035 3294 2169 3365 Nec
2193 3294 2465 3387 objicia-

180 3430 311 3510 tur,
352 3424 437 3493 ad
474 3420 803 3493 saecularis
838 3418 1153 3511 principis
1188 3418 1486 3487 officium
1515 3414 1860 3507 pertinere,
1891 3416 1968 3479 ut
1997 3410 2286 3481 subditos
2315 3430 2468 3481 suos

180 3538 531 3609 efficaciter
580 3536 850 3605 inducat
894 3533 975 3603 ad
1020 3531 1458 3623 praestandum
1509 3530 1602 3614 id,
1642 3527 1723 3599 ad
1767 3523 1944 3617 quod
1969 3546 2046 3595 ex
2077 3524 2476 3597 conscientia

180 3657 543 3735 tenentum
596 3670 707 3721 eos
770 3656 990 3719 autem
1055 3648 1174 3739 qui
1226 3649 1670 3738 paupertatem
1719 3646 2060 3725 voverunt,
2119 3638 2324 3707 teneri
2388 3634 2472 3707 ad

176 3768 624 3840 abdicandum
696 3765 1071 3835 dominium
1122 3760 1457 3854 quodlibet
1499 3786 1520 3848 ;
1579 3780 1738 3829 nam
1812 3760 2248 3849 praeterquam
2297 3746 2474 3841 quod

180 3881 421 3951 multae
468 3888 622 3952 sunt
679 3880 1089 3950 conscientiae
1163 3878 1614 3969 obligationes,
1655 3892 1970 3965 ‚quarum
2033 3865 2476 3939 executionem

180 4017 427 4088 urgere
468 3998 553 4067 ad
594 3996 973 4068 saecularem
1018 3994 1387 4087 principe-m
1435 4012 1572 4063 non
1615 3988 1918 4083 pertinet,
1949 3984 2186 4055 falsum
2223 3985 2476 4050 estnon

184 4135 373 4205 posse
414 4120 583 4183 stare
632 4118 859 4184 votum
912 4110 1329 4203 paupertatis,
1382 4106 1579 4177 etiam
1625 4107 1698 4175 in
1749 4100 2069 4193 religiosis
2111 4096 2476 4177 ordinibus,

186 4250 343 4299 cum
394 4228 757 4299 retentione
794 4225 1099 4297 dominii.
1133 4224 1396 4295 Etenim
1451 4222 1534 4293 ad
1579 4225 1778 4293 status
1817 4216 2102 4306 religiosi
2141 4213 2482 4285 essentiam

188 4342 439 4445 sufficit
494 4351 717 4415 votum
772 4341 1197 4437 paupertatis,
1236 4361 1369 4432 quo
1419 4338 1569 4431 quis
1623 4334 1757 4406 Deo
1807 4332 2140 4425 promittat
2185 4329 2369 4437 nulla
2414 4350 2484 4400 re
