2834 4959
336 316 463 373 496
903 316 1247 372 moruus
1290 314 1370 365 DE
1410 314 1564 363 sumt
1604 312 2020 361 unvamma.

342 444 613 515 uialium
641 438 864 511 Galliae
893 442 1273 508 conventus.
1306 434 1519 523 Unde,
1549 435 1744 503 etiam
1783 433 1838 503 si
1873 432 2098 501 nullus
2131 454 2210 502 ex
2245 431 2422 503 dietis
2447 455 2627 504 con-

342 542 639 627 ventibus
680 576 833 624 cum
876 552 1139 623 licentia
1178 548 1458 621 Romani
1497 548 1824 618 Pontificis
1867 547 2257 617 constitutus
2288 540 2498 639 fuerit,
2547 559 2626 622 et

341 676 567 745 salsam
616 674 879 761 insuper
926 667 1345 761 supponendo
1392 664 1688 756 Fagnani
1739 663 2118 755 opinionem
2181 663 2332 753 (qua
2375 685 2624 756 nempe

344 794 615 865 sustinet
660 790 954 861 sufficere
1025 783 1350 855 Ordinarii
1433 780 1784 861 licentiam,
1839 799 1960 847 nee
2021 780 2273 869 requiri
2345 780 2624 872 Aposto-

344 911 535 979 licam
584 908 653 976 in
700 903 1029 995 erigendis
1070 898 1458 971 monialium
1505 892 1984 983 conventibus),
2034 914 2454 985 nequaquam
2500 917 2629 986 pro

346 1022 789 1095 anticanoniee
816 1017 1043 1087 erectis
1074 1014 1169 1085 illi
1196 1019 1550 1083 conventus
1577 1008 1860 1077 habendi
1885 1016 2062 1077 sunt.

440 1138 553 1209 lv.
578 1141 711 1209 Nec
733 1131 1196 1205 anticanonice
1209 1125 1571 1197 constituti
1587 1122 1878 1193 habendi
1895 1134 2056 1193 sunt
2075 1121 2245 1193 dicti
2269 1138 2634 1195 conventus

350 1278 433 1325 ex
462 1276 533 1323 eo
560 1251 743 1345 quod
772 1260 1050 1319 servatoe
1088 1268 1227 1315 non
1259 1242 1514 1335 fuerint
1547 1252 1800 1309 caeteroe
1826 1260 1955 1331 pro
1991 1238 2185 1307 novis
2221 1240 2634 1311 mniatium

350 1364 779 1439 conventibus
798 1359 1119 1453 eriqendis
1143 1356 1564 1427 conditiones.
1593 1392 1684 1407 --
1704 1352 2020 1443 Equidem
2041 1359 2276 1443 praeter
2293 1350 2632 1422 ordinarii

350 1481 701 1561 licentiam,
749 1479 817 1545 in
854 1474 1163 1565 erigendo
1194 1493 1362 1572 noyo
1392 1469 1777 1539 monialium
1813 1475 2128 1537 conventu
2163 1466 2526 1556 requiritur
2559 1476 2637 1537 ut

352 1595 677 1665 sufficiens
728 1591 895 1660 adsit
960 1588 1409 1676 religiosarum
1467 1605 1804 1668 numerus,
1852 1589 1917 1653 et
1977 1582 2290 1651 sufficiens
2325 1600 2448 1673 pro
2499 1604 2630 1650 ea-

354 1708 655 1779 rumdem
712 1706 1167 1774 sustentatione
1229 1701 1544 1781 redditus,
1595 1706 1721 1769 ete.
1783 1699 1898 1767 Ast
1953 1694 2262 1785 ejusmodi
2309 1699 2624 1786 praescri-

356 1825 606 1917 ptiones
647 1822 862 1890 locum
900 1840 1029 1889 non
1067 1817 1309 1887 habent
1346 1814 1562 1906 quoad
1595 1813 1922 1903 regulares
1953 1810 2192 1902 quibus
2221 1812 2354 1901 jam
2387 1810 2627 1901 aequi-

358 1943 554 2011 situm
604 1946 696 2007 est
732 1940 841 2027 jus
882 1932 1387 2005 conventualiter
1421 1930 1726 2000 existendi
1767 1930 1838 1997 in
1873 1928 2092 2018 aliqua
2117 1927 2393 1996 civitate.
2421 1924 2658 1997 Porro-

358 2058 547 2127 dietis
586 2053 808 2123 Galliae
843 2048 1233 2120 monialibus
1276 2048 1386 2137 jus
1433 2067 1563 2113 non
1623 2045 1895 2137 perierat
1945 2041 2458 2113 conventualiter
2507 2041 2630 2109 de-

359 2168 553 2257 gendi
596 2168 666 2235 in
710 2163 1099 2245 civitatibus,
1138 2163 1207 2229 in
1240 2160 1484 2252 quibus
1519 2158 1848 2227 exstabant
1879 2158 2170 2250 ipsarum
2211 2154 2628 2222 monasteria.

360 2278 546 2349 Unde
582 2283 929 2369 potuerunt
970 2278 1035 2343 in
1070 2277 1151 2343 iis
1184 2275 1552 2345 civitatibus
1591 2274 1714 2343 sibi
1759 2270 1925 2341 oedes
1970 2291 2342 2361 comparare
2376 2276 2440 2337 et
2479 2290 2636 2337 eon-

358 2392 743 2461 ventualiter
822 2392 1059 2458 iterum
1140 2389 1397 2479 degere,
1479 2388 1724 2480 absque
1799 2387 1987 2457 dictis
2061 2384 2562 2455 formalitatibus
2613 2412 2630 2453 ε

362 2506 822 2575 interveniente
903 2503 1256 2595 praesertim
1332 2501 1657 2573 Ordinarii
1731 2502 2014 2584 licentia,
2088 2523 2234 2592 quae
2313 2500 2394 2569 de
2466 2501 2634 2569 facto

362 2619 602 2691 nullibi
628 2618 851 2688 detuit.

452 2735 639 2806 Unde
665 2734 949 2821 tandem,
980 2735 1154 2826 quod
1182 2734 1500 2804 solemnia
1529 2755 1661 2804 non
1697 2734 1832 2802 sint
1856 2732 2044 2801 hodie
2073 2730 2460 2801 monialium
2481 2730 2630 2801 Gal-

363 2853 466 2925 liae
495 2861 664 2941 vote,
695 2852 853 2921 salso
888 2851 1279 2921 tribueretur
1307 2850 1484 2941 juris
1525 2848 1903 2929 defectibus,
1929 2848 2140 2939 quiin
2171 2846 2502 2938 erigendis
2521 2867 2628 2915 seu

364 2966 797 3037 instaurandis
838 2966 1125 3058 ipsarum
1174 2964 1594 3034 conventibus
1629 2964 2045 3033 intervenisse
2079 2970 2624 3053 supponerentur.

452 3080 891 3151 Confirmatur
926 3102 1003 3150 ex
1042 3080 1235 3149 modo
1274 3082 1507 3171 agendi
1551 3081 1717 3149 sedis
1763 3078 2166 3171 Apostolieae.
2219 3078 2290 3148 Si
2327 3081 2510 3149 enim
2555 3100 2629 3147 ex

363 3197 546 3266 nulla
572 3198 700 3265 alia
726 3217 945 3279 causa,
982 3218 1180 3287 quam
1221 3195 1307 3264 ob
1336 3216 1468 3265 non
1496 3198 1772 3264 servatas
1795 3196 1872 3263 in
1899 3195 1984 3266 iis
2009 3193 2436 3263 instaurandis
2463 3214 2628 3261 eon·

365 3309 660 3379 ventibus
686 3311 1029 3381 canonieus
1054 3310 1491 3396 formalitates,
1519 3333 1558 3380 a
1584 3310 1984 3379 solemnitate
2011 3308 2347 3379 deficerent
2371 3307 2632 3375 monia·

364 3423 533 3493 lium
580 3432 745 3533 vota,
799 3448 906 3496 eos
942 3427 1115 3517 juris
1165 3426 1450 3495 desectus
1499 3424 1855 3517 supplesset
1901 3431 1963 3495 et
2019 3430 2304 3495 sanasset
2345 3420 2627 3515 Aposto-

364 3539 489 3609 lioa
530 3540 745 3627 sedes;
796 3542 1145 3632 praesertim
1188 3548 1556 3633 postquam,
1593 3540 1904 3630 largiente
1939 3540 2098 3626 Deo,
2135 3541 2214 3611 ad
2255 3561 2402 3610 eam
2435 3558 2626 3627 quam

362 3657 654 3727 videmus
688 3655 1191 3747 prosperitatem,
1221 3664 1361 3726 tum
1388 3658 1612 3747 ‚quoad
1658 3656 2040 3725 monialium
2079 3676 2452 3737 numerum,
2479 3660 2624 3719 tum

363 3771 571 3861 quoad
618 3769 977 3860 disciplinas
1012 3772 1532 3857 sanctimoniam,
1567 3778 1705 3841 tum
1749 3772 1960 3862 quoad
1995 3772 2090 3841 rei
2135 3772 2334 3840 etiam
2389 3776 2624 3859 tempo-

362 3886 515 3955 ralis
553 3885 829 3976 copiam,
864 3885 913 3953 ii
950 3892 1306 3955 conventus
1350 3887 1685 3958 devenere.
1725 3888 1895 3957 Cum
1925 3908 2085 3977 ergo
2125 3885 2430 3955 Romanas
2457 3880 2624 3951 (Jon-

362 4003 784 4091 gregationes‚
830 3999 909 4069 ad
956 4000 1261 4087 dubium,
1310 4024 1395 4071 an
1467 4003 1780 4073 solemnia
1829 4004 1962 4073 sint
2025 4002 2352 4073 dictarum
2397 3994 2620 4067 Gaffiae

366 4116 753 4185 monialium
813 4124 983 4199 vota,
1062 4117 1359 4207 negativo
1429 4140 1732 4211 responso
1799 4124 2115 4191 contentoe
2193 4115 2442 4193 fuerint,
2489 4128 2620 4176 nec

362 4232 699 4321 praedictos
728 4230 898 4322 juris
932 4230 1218 4302 detectus
1258 4234 1650 4318 sanaverint,
1682 4240 1741 4302 et
1783 4233 1944 4304 illud
1983 4228 2392 4305 solemnitatis
2411 4224 2622 4315 impe-

364 4344 729 4414 dimentum
770 4368 902 4416 non
938 4348 1355 4435 removerint,
1380 4348 1644 4437 signum
1683 4355 1798 4438 est,
1841 4370 1974 4418 non
2015 4348 2102 4418 ob
2145 4340 2448 4438 ejusmodi
2493 4338 2620 4407 [οι-
