2834 4959
1102 378 1254 429 rAns
1303 380 1565 439 numu.
1949 314 1980 348 ⁶
2331 376 2456 437 669

185 529 527 603 scoparum
566 512 628 573 et
672 500 1081 592 regularium
1106 524 1133 568 τ
1183 522 1379 591 quam
1421 499 1752 569 licentiam
1795 502 2026 590 nequit
2075 502 2458 577 Ordinarius

188 624 552 697 concedere.
587 620 729 689 lmo
764 618 822 686 si
862 617 1213 708 recipiatur
1248 616 1464 706 puella
1495 616 1564 685 in
1619 622 1971 704 conventu,
2001 615 2171 685 dicta
2197 618 2462 687 licentia

188 742 257 813 S.
284 734 815 831 congregationis
850 754 981 802 non
1028 732 1311 816 munito,
1342 732 1596 801 violatae
1621 732 1936 801 clausurae
1958 754 2150 824 poena
2177 732 2462 802 incurri-

192 864 341 925 tur:
384 856 647 945 ipseque
684 850 983 941 superior
1030 854 1143 915 aut
1192 845 1549 940 Episcopus
1593 848 1708 937 qui
1749 849 2182 938 receptionem
2229 850 2462 940 pueliae

196 974 607 1065 permitteret,
692 965 1358 1035 excommunicatione
1433 965 1786 1033 innodatus
1861 974 2245 1036 remaneret.
2331 965 2464 1035 Nec

190 1089 360 1158 valet
386 1082 781 1155 consuetudo
808 1082 879 1149 in
911 1082 1338 1149 contrarium.

288 1203 571 1285 Quarta,
632 1204 706 1264 ut
748 1195 978 1286 puellae
1022 1195 1413 1285 recipiantur
1469 1193 1550 1263 de
1609 1215 1924 1264 consensu
1983 1196 2332 1287 superioris
2401 1204 2465 1265 et

201 1315 578 1385 monialium
605 1334 721 1405 per
746 1318 987 1381 secreta
1021 1293 1349 1400 suffragia.

290 1428 565 1516 Quinta,
596 1433 821 1498 utnon
848 1428 979 1496 sint
994 1445 1191 1514 supra
1210 1446 1562 1493 numerum
1591 1424 1977 1494 monasterio
2006 1426 2368 1515 praefixum.

286 1547 519 1633 Sexta,
554 1550 626 1611 ut
652 1542 866 1635 puella
894 1540 1243 1633 recipiatur
1270 1542 1410 1609 sine
1443 1539 1700 1609 ancilla.

285 1662 613 1753 Septima,
647 1664 720 1727 ut
746 1656 1065 1747 ejusmodi
1100 1654 1332 1747 pueliae
1358 1655 1670 1742 modesto,
1693 1674 1826 1723 non
1847 1654 2182 1725 mundano
2209 1656 2463 1745 babitu,

201 1775 578 1844 induantur.
2315 1768 2324 1777 ’

297 1876 574 1975 Οσταυά,
607 1895 680 1958 ut
708 1888 921 1979 puella
948 1886 1301 1977 septimum
1334 1884 1533 1955 aetatis
1577 1906 1831 1954 annum
1863 1886 2229 1977 expleverit,
2272 1895 2335 1953 et
2371 1880 2466 1957 '25

206 2022 338 2071 nou
370 2004 799 2095 compleverit.
846 2003 911 2073 Si
964 2025 1094 2092 qua
1136 2006 1468 2070 remaneat
1504 2008 1647 2093 post
1695 2001 2019 2093 expletum
2061 2001 2146 2070 25
2184 2021 2463 2087 annum,

209 2119 635 2207 praefigendus
670 2119 793 2211 ipsi
834 2125 929 2187 est
969 2118 1050 2187 ab
1098 2117 1440 2187 Ordinatio
1491 2118 1838 2203 terminus,
1884 2120 2055 2187 intra
2109 2138 2331 2208 quem,
2368 2118 2471 2187 vel

208 2230 591 2321 egrediatur,
624 2234 726 2303 vel
752 2234 1110 2325 regularem
1138 2232 1437 2301 habitum
1471 2232 1801 2324 suscipiat.

290 2350 517 2438 Nona,
549 2357 621 2418 ut
666 2352 920 2443 puellae,
962 2350 1161 2419 semel
1213 2350 1536 2433 admissae,
1577 2371 1612 2418 e
1659 2350 2046 2455 monasterio
2093 2370 2228 2419 non
2276 2368 2470 2435 egre-

203 2460 489 2547 diantur,
518 2463 629 2529 sed
656 2466 735 2531 ad
779 2466 1149 2535 clausuram
1190 2468 1391 2536 instar
1437 2464 1824 2536 monialium
1877 2470 2239 2535 teneantur.
2299 2462 2471 2532 Hinc

202 2576 404 2645 semel
432 2596 699 2663 egressae
745 2583 1081 2663 nequeunt
1108 2579 1341 2645 iterum
1378 2580 1578 2668 recipi
1603 2581 1844 2668 absque
1886 2602 2177 2671 expressa
2203 2578 2272 2649 S.
2305 2576 2473 2647 Con-

202 2690 595 2781 gregationis
644 2689 931 2770 licentia,
958 2690 1087 2757 nisi
1144 2694 1361 2757 tamen
1416 2692 1704 2758 redirent
1739 2694 1818 2758 ad
1849 2694 2334 2782 suscipiendum
2365 2695 2476 2761 ha-

202 2805 445 2875 bitum.
488 2803 709 2875 Puella
755 2810 971 2873 tamen
1018 2822 1163 2896 quae
1216 2804 1456 2893 absque
1506 2804 1766 2872 licentia
1814 2826 1849 2871 e
1913 2806 2302 2873 monasterio
2339 2806 2476 2874 dis-—

203 2922 482 3008 cederet,
530 2922 1265 2991 excommunicationem
1327 2942 1462 2989 non
1517 2921 1901 2988 incurreret.
1965 2919 2171 3009 (Quod
2227 2921 2474 2991 dictum

206 3044 299 3106 est
342 3037 425 3105 de
473 3036 651 3106 hisce
692 3036 1202 3123 conditionibus,
1236 3036 1381 3105 vide
1428 3028 1761 3104 firmatum
1807 3035 1996 3104 variis
2024 3035 2479 3105 declarationi-

206 3152 329 3223 bus
348 3153 418 3247 S.
454 3152 981 3244 Congregationis
1009 3152 1224 3245 Epise.
1256 3157 1321 3222 et
1344 3173 1512 3239 reg„
1545 3152 1717 3242 apud
1753 3150 2064 3232 FerrariS,
2095 3150 2179 3219 V.
2205 3150 2480 3223 Mania-

213 3271 327 3352 les,
360 3276 483 3339 art.
524 3272 587 3358 1,
619 3292 656 3339 a
688 3293 759 3339 n.
780 3270 821 3339 2
842 3269 921 3339 ad
949 3268 1087 3361 30.)

303 3392 512 3461 Nota.
572 3427 649 3443 -
698 3389 1240 3479 Congregationes
1314 3385 1723 3473 monialium,
1797 3406 1942 3476 quae
1992 3386 2073 3454 ad
2123 3387 2488 3456 educandas

217 3505 465 3598 puellas
502 3504 814 3574 institutae
865 3513 1021 3574 sunt
1054 3512 1115 3573 et
1152 3526 1191 3574 a
1231 3504 1376 3573 sede
1425 3503 1796 3593 Apostolica
1822 3502 2210 3592 approbatae,
2243 3506 2306 3572 vi
2351 3502 2482 3571 hu·-

209 3622 317 3711 jus
367 3621 848 3711 approbationis
897 3621 1217 3712 ejusmodi
1271 3620 1518 3712 puellas
1581 3620 1863 3712 recipere
1911 3623 2179 3708 possunt
2240 3618 2481 3708 absque

216 3737 350 3807 ulla
379 3735 503 3803 alia
520 3735 805 3820 licentia,
833 3744 905 3805 ut
934 3758 1047 3827 per
1074 3759 1141 3804 se
1166 3741 1357 3827 patet.

302 3850 589 3931 Qusssuo
624 3852 705 3919 11·
718 3905 733 3920 .
764 3890 850 3903 --
889 3853 993 3920 An
1013 3851 1373 3943 proemissoe
1402 3848 1806 3919 conditiones
1828 3871 1960 3941 pro
1985 3848 2486 3919 educandarum

203 3964 593 4059 puellarum
619 3968 1012 4059 receptione,
1041 3966 1323 4036 debeant
1352 3965 1545 4036 hodie
1580 3989 1624 4034 a
1653 3966 2059 4036 monialibus
2094 3964 2341 4036 Gallioe
2367 3966 2486 4034 ob-

215 4078 524 4151 servari?
550 4120 647 4135 --
680 4084 743 4150 1⁰
773 4082 1011 4152 Stando
1038 4084 1232 4152 variis
1270 4103 1687 4152 romanarum
1715 4080 2309 4173 Congregationum
2347 4103 2486 4151 res-

223 4200 469 4287 ponsis,
494 4219 641 4289 quae
666 4197 1078 4267 declararunt
1118 4199 1457 4269 hodiernas
1507 4196 1733 4268 Gauiae
1778 4198 2088 4266 moniales
2123 4219 2304 4267 veras
2345 4219 2492 4269 vere

224 4313 535 4403 professas
552 4315 645 4405 (1)
662 4336 797 4383 non
821 4334 985 4396 esse,
1007 4314 1349 4384 dicendum
1367 4321 1463 4384 est
1485 4334 1593 4382 eas
1619 4314 1762 4403 lege
1784 4311 2006 4404 Papali
2027 4312 2342 4383 clausurae
2359 4336 2491 4385 non

286 4452 353 4517 (ι)
386 4454 441 4505 Id
467 4462 562 4521 est,
592 4462 826 4511 strictiori
848 4472 1021 4521 sensu,
1044 4472 1133 4512 seu
1156 4472 1273 4511 cum
1297 4460 1426 4510 votis
1449 4456 1781 4511 solemnibus.
