2834 4959
1096 360 1249 408 PARS
1291 361 1509 409 PRIMA.
2368 354 2447 411 23

188 482 445 565 intendi,
481 482 610 549 nisi
635 481 742 551 vel
765 494 1088 571 quatenus
1115 481 1547 573 acquirenda,
1582 482 1686 551 ve}
1708 496 2031 574 quatenus
2056 482 2435 557 exercenda.

181 595 316 665 Non
361 599 546 665 enim
597 596 792 665 datur
837 596 1166 677 medium3
1221 599 1545 688 siquidem
1589 598 1733 667 ideo
1776 606 2033 667 tantum
2070 607 2271 690 potest
2298 602 2443 691 quis

180 713 301 780 dici
353 711 435 780 ad
485 710 947 801 perfectionem
994 713 1280 792 tendere,
1329 713 1485 802 qnia
1541 712 1642 780 vel
1698 734 1843 781 eam
1896 713 2035 783 vult
2086 716 2441 803 acquirere,

183 826 280 895 vel
295 848 466 911 eam,
519 829 662 915 jam
705 828 1110 917 acquisitam,
1159 850 1476 899 exercere.
1544 825 1731 909 Quod
1784 828 1843 896 si
1907 834 2216 897 neutrum
2264 830 2443 915 velit,

181 968 584 1035 nequaquam
651 947 785 1015 dici
831 953 1036 1039 potest
1087 947 1168 1015 ad
1223 948 1689 1039 perfectionem
1744 946 2027 1015 tendere.
2091 946 2255 1017 Aliis
2318 956 2447 1017 ter·
2554 929 2568 946 '

189 1061 416 1144 minis,
441 1062 676 1153 optime
698 1064 844 1151 quis
869 1062 1232 1153 concipitur
1283 1085 1400 1153 pro
1450 1062 1582 1132 fine
1632 1060 1759 1131 sibi
1799 1082 2157 1153 proponere
2200 1063 2447 1153 perfec-

198 1177 384 1246 tionis
427 1178 918 1266 acquisitionem
956 1204 974 1245 ε
1008 1178 1162 1247 item
1193 1178 1246 1246 si
1275 1178 1737 1268 perfectionem
1751 1180 1893 1269 jam
1914 1176 2171 1261 habeat,
2208 1178 2450 1267 optime

193 1293 544 1381 concipitur
618 1314 736 1383 pro
808 1292 936 1361 fine
1011 1293 1340 1361 intendere
1392 1292 1685 1384 ejusdem
1735 1293 2147 1383 perfectionis
2206 1292 2453 1361 exerci-

188 1409 368 1477 tium.
427 1406 615 1488 Quod
645 1408 700 1475 si
751 1414 1060 1476 neutrum
1093 1408 1410 1493 intendat,
1446 1428 1863 1499 nequaquam
1899 1408 2266 1499 concipitur
2302 1428 2448 1499 per-

177 1522 516 1591 fectionem
571 1520 923 1592 intendere.
982 1520 1077 1590 De
1127 1544 1256 1611 quo
1307 1524 1362 1591 si
1414 1524 1563 1613 quis
1610 1523 1885 1603 dubitet,
1920 1521 2277 1613 excogitare
2304 1528 2449 1590 ten·

177 1648 258 1709 tet
299 1642 592 1731 aliquem
640 1641 847 1709 alium
895 1642 1167 1710 modum
1216 1642 1680 1733 perfectionem
1732 1642 2130 1723 intendendi,
2184 1664 2299 1711 seu
2329 1664 2448 1733 pro

179 1755 300 1826 fine
348 1756 676 1835 habendi;
733 1764 796 1823 et
849 1763 1252 1848 compertum
1307 1756 1573 1831 habehit
1624 1778 1690 1825 se
1715 1764 1975 1849 tempus
2003 1762 2229 1825 terere.
2259 1756 2447 1839 Quod

183 1872 240 1939 si
261 1872 637 1961 objiciatur,
691 1892 870 1961 posse
914 1892 1111 1962 quem
1156 1871 1280 1939 sibi
1322 1892 1444 1961 pro
1484 1872 1617 1939 fine
1677 1890 2031 1961 proponere
2084 1876 2161 1937 ut
2207 1870 2451 1960 perfec-

201 1987 428 2055 tionem
473 1988 636 2057 alios
687 1987 928 2073 doceat,
981 1986 1402 2077 respondetur
1464 1984 1590 2054 hoc
1644 1984 1837 2052 modo
1865 2004 2274 2073 nequaquam
2304 2004 2451 2053 vere

185 2110 240 2167 et
265 2104 520 2193 proprie
573 2102 852 2189 intendi,
905 2124 1020 2171 seu
1069 2122 1188 2193 pro
1231 2102 1362 2171 fine
1411 2098 1637 2171 haberi
1688 2099 1897 2189 ipsam
1944 2097 2443 2189 perfectionem;

177 2216 458 2307 alioquin
487 2217 604 2306 qui
633 2218 975 2286 scribendo
1016 2218 1119 2285 vel
1161 2216 1451 2285 docendo
1506 2215 1866 2285 intenderet
1906 2214 2244 2306 explanare
2292 2212 2452 2303 quid

175 2332 254 2399 sit
285 2342 646 2421 peccatum,
675 2332 806 2401 dici
835 2338 1040 2422 posset
1063 2338 1396 2423 peccatum
1424 2322 1759 2414 intendere
1784 2335 1847 2399 et
1874 2350 1991 2420 pro
2024 2328 2155 2396 fine
2180 2327 2443 2408 habere,

177 2446 344 2535 quod
367 2454 464 2513 est
489 2447 873 2515 absurdum.

265 2556 450 2626 Unde
487 2580 709 2626 revera
763 2564 960 2627 status
995 2558 1396 2650 perfectionis
1449 2558 1773 2649 adaeqnate
1822 2556 2132 2625 dividitur
2156 2557 2228 2626 in
2288 2558 2449 2627 duas

187 2672 322 2739 illas
351 2674 616 2763 species,
651 2674 1057 2763 acquirendae
1084 2678 1145 2741 et
1175 2672 1547 2743 exercendae
1573 2673 2004 2764 perfectionis,
2048 2673 2148 2740 Ac
2174 2672 2444 2763 proinde

194 2786 250 2852 si
279 2796 557 2856 sumatur
580 2788 694 2856 illa
723 2788 960 2855 locutio
985 2799 1200 2856 status
1232 2786 1660 2879 perfectionis
1685 2787 2111 2856 abstrahendo
2136 2810 2173 2855 a
2199 2787 2448 2881 duplici

193 2900 359 2969 dicta
385 2907 613 2993 specie,
645 2924 795 2971 vere
821 2902 1124 2994 exprimit
1143 2924 1350 2992 genus
1381 2903 1503 2971 sub
1532 2923 1662 2992 quo
1686 2902 1813 2971 illae
1836 2900 1985 2970 duae
2010 2903 2250 2991 species
2272 2922 2447 2970 corn·

193 3016 694 3106 prehenduntur.

1093 3372 1370 3447 CAPUT
1403 3374 1524 3447 Vl.

189 3606 358 3652 vanu
397 3608 620 3655 surus
665 3608 823 3655 VITAE
867 3606 1250 3655 CHRISTIANAE
1294 3603 1635 3657 ADAEQUATE
1686 3602 2060 3649 mvlmm'rnn
2104 3603 2167 3649 m
2210 3598 2444 3647 surum

581 3705 742 3753 VITAE
785 3705 1096 3753 counimus
1117 3736 1132 3763 ‚
1185 3706 1260 3750 m·
1309 3704 1549 3751 STATUM
1591 3701 2045 3749 PERFEGTIONIS.

274 3936 766 4031 Praesupposita,
819 3959 1018 4028 quam
1069 3934 1481 4015 tradidimuS,
1526 3934 1607 4003 de
1652 3934 2033 4026 perfectione
2078 3929 2241 4001 etde
2280 3936 2445 4001 statu

191 4054 595 4143 perfectionis
663 4053 946 4137 notione,
1003 4052 1184 4121 facile
1253 4051 1561 4143 probatur
1611 4050 1938 4143 praesentis
2018 4048 2450 4117 conclusionis

189 4170 432 4239 veritas.
469 4168 728 4238 Etenim
755 4168 1025 4259 quilibet
1051 4166 1416 4237 christianae
1448 4167 1595 4235 vitae
1642 4170 1867 4250 status,
1914 4162 2014 4231 vel
2064 4163 2341 4234 intendit
2388 4168 2452 4233 et

197 4304 304 4371 pro
353 4286 482 4353 fine
535 4285 842 4355 hahet·id
891 4285 1065 4375 quod
1113 4285 1485 4353 vocavimus
1538 4280 2018 4371 perfectionem,
2050 4280 2153 4349 vel
2196 4300 2353 4349 non.
2382 4278 2450 4349 Si

197 4400 389 4485 prim,
447 4400 569 4487 erit
613 4400 738 4471 hoc
793 4403 932 4493 ipso
989 4399 1258 4469 statibus
1315 4396 1727 4490 perfectionis
1781 4395 2325 4465 adnumerandus.
2383 4393 2455 4461 Si
