2834 4959
1089 295 1240 342 PARS
1283 295 1498 343 Pam.
2310 297 2333 350 ¹
2358 299 2376 350 l
2398 297 2425 351 Ι

195 413 459 486 habilitas
505 431 640 480 non
697 412 1051 502 requiritur
1097 410 1176 480 ad
1227 413 1427 482 finem
1472 419 1670 486 status
1710 418 2023 508 religiosi,
2074 419 2142 487 id
2188 428 2307 509 est,
2352 425 2435 493 ad
2538 441 2551 454 ·

191 529 616 625 perfectionem
681 527 1170 618 acquirendam.
1239 527 1498 598 Etenim
1572 533 1981 622 acquirendae
2066 535 2435 625 perfectioni

185 645 562 716 obstaculum
601 665 722 736 per
751 665 820 712 se
845 663 979 713 non
1023 648 1140 730 est,
1175 643 1348 733 quod
1387 645 1585 736 possit
1623 647 1963 739 religiosus
2009 649 2219 718 valide
2264 673 2433 721 non-

183 760 348 831 nulla
375 766 512 828 vota
545 760 864 844 emittere,
895 764 958 828 et
996 759 1537 850 promissionibus
1584 781 1739 852 erga
1776 762 2075 834 homines
2111 785 2245 836 sese
2272 767 2436 838 obli-

183 899 354 968 gare,
383 875 562 944 modo
610 874 929 965 ejusmodi
961 880 1254 943 votorum
1291 883 1354 944 et
1383 879 1893 968 promissionum
1938 882 2205 952 materia
2249 893 2433 954 crete·

181 995 274 1062 ris
323 997 506 1060 status
567 991 856 1079 religiosi
913 989 1415 1080 obligationibus
1479 1012 1610 1061 non
1685 995 1767 1061 sit
1834 997 2178 1067 contraria.
2264 998 2435 1090 Ergo

187 1127 422 1190 revera,
449 1106 692 1175 traditio
735 1123 934 1196 quam
971 1106 1072 1175 sui
1102 1106 1306 1197 ipsius
1348 1106 1499 1176 facit
1540 1107 1879 1199 religiosus
1920 1111 1988 1180 in
2039 1113 2435 1203 professione

187 1245 326 1302 sua,
353 1243 454 1312 per
490 1243 556 1289 se
591 1219 797 1289 solam
844 1239 976 1288 non
1021 1219 1250 1311 spoliat
1291 1222 1483 1291 illum
1526 1224 1823 1294 facultate
1860 1246 1997 1295 sese
2048 1230 2241 1298 variis
2286 1252 2435 1322 pro-

185 1337 572 1408 missionibus
620 1334 978 1425 obligandi.
1021 1333 1312 1406 Tandem
1355 1357 1564 1428 neque
1611 1338 1735 1408 hac
1769 1340 2068 1411 facultate
2120 1345 2435 1436 spoliatur

181 1474 287 1542 per
321 1458 530 1522 votum
579 1450 984 1536 obedientias,
1025 1452 1092 1519 in
1140 1471 1272 1540 quo
1317 1455 1525 1542 major
1568 1451 1913 1525 difficultas
1962 1456 2164 1526 videri
2196 1467 2425 1549 posset.

178 1569 282 1639 Hic
350 1574 566 1638 autem
631 1565 1110 1636 consideramus
1184 1571 1408 1635 votum
1480 1567 1857 1639 obedientiae
1934 1572 2145 1663 quoad
2208 1595 2431 1644 essen-

179 1687 310 1754 tiam
373 1705 560 1753 snam
589 1733 610 1767 ,
682 1703 814 1752 non
878 1689 1092 1750 autem
1154 1689 1473 1772 quatenus
1550 1684 1770 1773 aliqua
1848 1687 1943 1756 vis
2020 1690 2432 1779 particularis

172 1799 222 1867 ei
297 1820 374 1868 ex
443 1799 720 1889 positivo
813 1795 1110 1866 Ecclesiae
1191 1797 1340 1888 jure
1423 1797 1831 1888 superaddita
1902 1800 2143 1870 fuisset.
2235 1799 2431 1871 Porro

173 1921 383 1982 votum
425 1913 847 1993 obedientias,
889 1914 984 1982 sic
1029 1911 1100 1980 in
1151 1913 1358 2004 seipso
1400 1911 1915 1992 consideratum,
1970 1915 2235 1982 unicam
2294 1919 2429 1982 im-

179 2029 338 2118 ponit
399 2029 700 2118 religioso
778 2027 1236 2117 obligationem
1269 2079 1287 2110 ,
1371 2027 1641 2119 parendi
1710 2047 1943 2117 nempe
2019 2029 2431 2116 superiorum

173 2144 464 2214 mandatis
496 2169 514 2214 ε
549 2145 616 2213 id
661 2142 868 2231 enim,
899 2148 975 2211 et
1017 2165 1146 2212 non
1179 2143 1354 2212 aliud
1397 2165 1515 2234 per
1543 2150 1766 2212 votum
1808 2141 2193 2212 obedientiae
2239 2165 2431 2212 vove-

173 2266 282 2329 tur.
329 2257 457 2330 Sed
501 2281 582 2328 ex
625 2279 702 2327 eo
751 2257 926 2349 quod
955 2257 1296 2346 religiosus
1345 2264 1632 2327 teneatur
1676 2259 2111 2349 superiorum'
2130 2260 2431 2330 mandata

167 2379 396 2468 exequi,
421 2397 560 2444 non
591 2373 887 2466 sequitur
912 2395 1065 2442 eum
1095 2393 1227 2442 non
1263 2395 1447 2466 posse
1493 2375 1685 2443 variis
1722 2375 2267 2466 promissionibus
2296 2397 2430 2446 sese

167 2489 372 2580 ligare,
405 2497 558 2559 tum
601 2511 758 2580 erga
785 2487 1021 2576 Deum,
1051 2495 1192 2557 tum
1239 2509 1393 2578 erga
1430 2489 1751 2559 homines.
1802 2489 1968 2559 Nam
1998 2491 2308 2582 obligatio
2352 2511 2429 2561 ex

167 2605 300 2672 istis
330 2603 858 2696 promissionibus
903 2625 1279 2694 exsurgens,
1327 2609 1390 2671 et
1434 2603 1741 2693 obligatio
1769 2605 2040 2695 parendi
2072 2606 2425 2697 superiori-

165 2718 289 2786 bus
329 2740 458 2788 non
512 2740 648 2787 sese
684 2723 907 2788 mutuo
949 2719 1330 2806 excludunt,
1361 2718 1473 2787 sed
1522 2716 1721 2786 simul
1774 2723 1939 2786 stare
1984 2740 2167 2810 posse
2208 2721 2427 2787 conei-

167 2833 454 2924 piuntur.
497 2831 970 2924 Supponamus,
1000 2832 1180 2903 verbi
1224 2835 1456 2925 gratia,
1488 2833 1865 2923 religiosum
1902 2852 2035 2900 sese
2078 2841 2219 2900 voto
2266 2832 2427 2900 obli·

171 2967 344 3034 gasse
373 2946 450 3016 ad
493 2945 946 3020 effundendam
993 2949 1282 3039 aliquam
1323 2969 1610 3040 precem,
1658 2969 1733 3016 eo
1775 2947 1905 3016 diei
1946 2951 2263 3037 tempore,
2293 2969 2425 3038 quo

169 3061 324 3130 nihil
350 3062 526 3132 aliud
559 3063 938 3132 faciendum
981 3063 1104 3156 ipsi
1145 3086 1220 3132 ex
1261 3064 1487 3154 regula
1523 3069 1637 3133 aut
1672 3085 1748 3132 ex
1782 3063 2197 3152 superiorum
2239 3083 2424 3132 man-

165 3175 300 3246 dato
317 3177 688 3271 injungitur
721 3202 739 3247 z
780 3179 934 3248 item
963 3199 1406 3271 supponamus
1444 3177 1851 3269 religiosum,
1882 3178 1991 3246 cui
2017 3177 2237 3246 liberas
2270 3186 2426 3247 sunt

163 3293 486 3365 missarum
525 3295 936 3365 intentiones
959 3347 978 3380 ,
1045 3295 1412 3387 promisisse
1484 3293 1870 3364 sanctissimi
1938 3295 2233 3364 sacrificii
2310 3319 2423 3388 pro

163 3411 356 3483 amico
405 3413 906 3483 celebrationem
962 3434 980 3480 z
1035 3409 1296 3480 evidens
1351 3417 1487 3490 est,
1545 3429 1660 3502 per
1704 3409 1941 3477 harum
1990 3415 2053 3478 et
2103 3411 2419 3480 similium

165 3529 652 3616 promissionum
735 3525 1180 3618 impletionem
1236 3523 1499 3593 nullum
1552 3523 1779 3593 violari
1838 3524 2249 3616 superiorum
2313 3531 2424 3591 aut

161 3645 382 3732 regulae
425 3650 853 3737 praeceptum.
907 3641 1076 3732 Ergo
1127 3661 1282 3710 cum
1321 3638 1642 3708 essentiali
1680 3637 2095 3729 obligatione,
2134 3659 2209 3708 ex
2257 3638 2421 3706 obe-

161 3757 398 3830 dientiae
457 3766 608 3828 voto
659 3765 1011 3849 exurgente
1033 3809 1054 3846 ,
1109 3763 1276 3826 stare
1331 3759 1535 3847 potest
1592 3753 1863 3824 facultas
1939 3751 2221 3842 religiosi
2287 3774 2421 3822 sese

159 3873 342 3941 variis
382 3873 924 3966 promissionibus
970 3872 1323 3962 obligandi.
1373 3869 1544 3960 Ergo
1582 3868 1758 3960 quod
1810 3869 2085 3960 prael'atae
2131 3868 2419 3955 promis-

159 3988 352 4058 siones
378 4011 416 4060 a
449 3992 750 4080 religioso
791 3989 995 4074 factae,
1041 3987 1170 4057 sint
1215 3989 1356 4079 ipso
1405 3986 1569 4056 l'acto
1620 3983 1843 4063 irritoe,
1887 3981 1986 4050 vel
2026 4001 2064 4048 a
2092 3983 2419 4070 superiore

50 4087 52 4090 ’
161 4102 378 4174 irritari
435 4105 725 4198 possint,
783 4124 917 4173 non
980 4102 1270 4195 provenit
1324 4122 1400 4169 ex
1455 4099 1519 4167 vi
1574 4097 1923 4166 intrinseca
1975 4101 2270 4165 votorum
2339 4097 2419 4166 ab

163 4215 282 4304 ipso
321 4212 740 4301 emissorum,
787 4223 900 4288 aut
927 4217 1284 4288 traditionis
1325 4235 1523 4306 quam
1564 4212 1664 4279 sui
1709 4209 1913 4298 ipsius
1959 4207 2107 4278 lecit
2146 4211 2217 4278 in
2266 4233 2419 4301 pro-
