<?xml version="1.0" encoding="UTF-8"?>
<!DOCTYPE html PUBLIC "-//W3C//DTD XHTML 1.0 Transitional//EN"
    "http://www.w3.org/TR/xhtml1/DTD/xhtml1-transitional.dtd">
<html xmlns="http://www.w3.org/1999/xhtml" xml:lang="en" lang="en">
 <head>
  <title>
</title>
<meta http-equiv="Content-Type" content="text/html;charset=utf-8" />
  <meta name='ocr-system' content='tesseract 3.04.00' />
  <meta name='ocr-capabilities' content='ocr_page ocr_carea ocr_par ocr_line ocrx_word'/>
</head>
<body>
  <div class='ocr_page' id='page_1' title='image "./tractatusdejure01unkngoog_0705.png"; bbox 0 0 2834 4959; ppageno 0'>
   <div class='ocr_carea' id='block_1_1' title="bbox 7 558 32 597">
    <p class='ocr_par' dir='ltr' id='par_1_1' title="bbox 7 558 32 597">
     <span class='ocr_line' id='line_1_1' title="bbox 7 558 32 597; baseline 0.08 -2"><span class='ocrx_word' id='word_1_1' title='bbox 7 558 32 597; x_wconf 81' lang='lat' dir='ltr'><strong>ii</strong></span> 
     </span>
    </p>
   </div>
   <div class='ocr_carea' id='block_1_2' title="bbox 1222 314 2444 371">
    <p class='ocr_par' dir='ltr' id='par_1_2' title="bbox 1222 314 2444 371">
     <span class='ocr_line' id='line_1_2' title="bbox 1222 314 2444 371; baseline 0 -4"><span class='ocrx_word' id='word_1_2' title='bbox 1222 320 1427 369; x_wconf 73' lang='lat' dir='ltr'><strong>mnu.</strong></span> <span class='ocrx_word' id='word_1_3' title='bbox 2316 314 2395 371; x_wconf 80' lang='grc'><strong>68</strong></span> <span class='ocrx_word' id='word_1_4' title='bbox 2410 314 2444 367; x_wconf 81' lang='lat'><strong>7</strong></span> 
     </span>
    </p>
   </div>
   <div class='ocr_carea' id='block_1_3' title="bbox 229 436 2449 597">
    <p class='ocr_par' dir='ltr' id='par_1_3' title="bbox 229 436 2449 597">
     <span class='ocr_line' id='line_1_3' title="bbox 229 436 2293 519; baseline -0.007 -16"><span class='ocrx_word' id='word_1_5' title='bbox 229 450 514 519; x_wconf 66' lang='lat' dir='ltr'><strong>propositio</strong></span> <span class='ocrx_word' id='word_1_6' title='bbox 542 446 652 499; x_wconf 75' lang='lat'><strong>111⁸.</strong></span> <span class='ocrx_word' id='word_1_7' title='bbox 679 444 848 497; x_wconf 69' lang='lat' dir='ltr'><strong>Etiam</strong></span> <span class='ocrx_word' id='word_1_8' title='bbox 881 440 1036 493; x_wconf 82' lang='lat' dir='ltr'><strong>hodie</strong></span> <span class='ocrx_word' id='word_1_9' title='bbox 1057 436 1331 491; x_wconf 78' lang='lat' dir='ltr'><strong>dicendum</strong></span> <span class='ocrx_word' id='word_1_10' title='bbox 1359 436 1582 499; x_wconf 79' lang='lat' dir='ltr'><strong>videtur,</strong></span> <span class='ocrx_word' id='word_1_11' title='bbox 1604 438 1877 491; x_wconf 79' lang='lat' dir='ltr'><strong>Tertiarias</strong></span> <span class='ocrx_word' id='word_1_12' title='bbox 1894 438 2007 491; x_wconf 86' lang='lat' dir='ltr'><strong>illas</strong></span> <span class='ocrx_word' id='word_1_13' title='bbox 2027 448 2139 491; x_wconf 71' lang='lat' dir='ltr'><strong>ene</strong></span> <span class='ocrx_word' id='word_1_14' title='bbox 2160 438 2293 489; x_wconf 89' lang='lat' dir='ltr'><strong>dun-</strong></span> 
     </span>
     <span class='ocr_line' id='line_1_4' title="bbox 291 524 2449 597; baseline -0.006 -6"><span class='ocrx_word' id='word_1_15' title='bbox 291 544 434 591; x_wconf 82' lang='lat' dir='ltr'><strong>taxat</strong></span> <span class='ocrx_word' id='word_1_16' title='bbox 457 535 720 597; x_wconf 78' lang='lat' dir='ltr'><strong>toleratas.</strong></span> <span class='ocrx_word' id='word_1_17' title='bbox 739 534 794 583; x_wconf 84' lang='lat' dir='ltr'><strong>st</strong></span> <span class='ocrx_word' id='word_1_18' title='bbox 814 528 1104 584; x_wconf 84' lang='lat' dir='ltr'><strong>omnimode</strong></span> <span class='ocrx_word' id='word_1_19' title='bbox 1127 524 1511 579; x_wconf 73' lang='lat' dir='ltr'><strong>omicarini-um</strong></span> <span class='ocrx_word' id='word_1_20' title='bbox 1530 526 1869 587; x_wconf 75' lang='lat' dir='ltr'><strong>jurisdictioni</strong></span> <span class='ocrx_word' id='word_1_21' title='bbox 1888 525 2190 589; x_wconf 75' lang='lat' dir='ltr'><strong>subiectas..</strong></span> <span class='ocrx_word' id='word_1_22' title='bbox 2208 562 2221 577; x_wconf 88' lang='lat'><strong>.</strong></span> <span class='ocrx_word' id='word_1_23' title='bbox 2237 558 2252 577; x_wconf 87' lang='lat'><strong>.</strong></span> <span class='ocrx_word' id='word_1_24' title='bbox 2267 558 2284 577; x_wconf 86' lang='lat'><strong>.</strong></span> <span class='ocrx_word' id='word_1_25' title='bbox 2358 528 2449 577; x_wconf 79' lang='grc'><strong>326</strong></span> 
     </span>
    </p>
   </div>
   <div class='ocr_carea' id='block_1_4' title="bbox 231 624 2451 790">
    <p class='ocr_par' dir='ltr' id='par_1_4' title="bbox 231 624 2451 790">
     <span class='ocr_line' id='line_1_5' title="bbox 231 624 2423 773; baseline -0.008 -75"><span class='ocrx_word' id='word_1_26' title='bbox 231 647 263 713; x_wconf 66' lang='grc' dir='ltr'><strong>ς</strong></span> <span class='ocrx_word' id='word_1_27' title='bbox 296 646 388 697; x_wconf 84' lang='lat' dir='ltr'><strong>iv.</strong></span> <span class='ocrx_word' id='word_1_28' title='bbox 412 638 764 695; x_wconf 80' lang='lat' dir='ltr'><strong>DeTertiartis</strong></span> <span class='ocrx_word' id='word_1_29' title='bbox 786 647 902 701; x_wconf 67' lang='lat' dir='ltr'><strong>quis</strong></span> <span class='ocrx_word' id='word_1_30' title='bbox 923 636 977 687; x_wconf 91' lang='lat' dir='ltr'><strong>in</strong></span> <span class='ocrx_word' id='word_1_31' title='bbox 997 624 1382 697; x_wconf 75' lang='lat' dir='ltr'><strong>congregatione</strong></span> <span class='ocrx_word' id='word_1_32' title='bbox 1399 632 1579 683; x_wconf 72' lang='lat' dir='ltr'><strong>vivunt</strong></span> <span class='ocrx_word' id='word_1_33' title='bbox 1600 632 1969 685; x_wconf 82' lang='lat' dir='ltr'><strong>cumciausura</strong></span> <span class='ocrx_word' id='word_1_34' title='bbox 1992 637 2044 683; x_wconf 90' lang='lat' dir='ltr'><strong>et</strong></span> <span class='ocrx_word' id='word_1_35' title='bbox 2066 632 2199 683; x_wconf 77' lang='lat' dir='ltr'><strong>votis</strong></span> <span class='ocrx_word' id='word_1_36' title='bbox 2221 642 2297 682; x_wconf 85' lang='lat' dir='ltr'><strong>so·</strong></span> <span class='ocrx_word' id='word_1_37' title='bbox 2394 724 2423 773; x_wconf 65' lang='lat'><strong>²</strong></span> 
     </span>
     <span class='ocr_line' id='line_1_6' title="bbox 287 726 2451 790; baseline -0.008 0"><span class='ocrx_word' id='word_1_38' title='bbox 287 735 2299 790; x_wconf 72' lang='lat' dir='ltr'><strong>lemnlbus................·....0......0............................</strong></span> <span class='ocrx_word' id='word_1_39' title='bbox 2364 726 2395 775; x_wconf 86' lang='grc'>3</span> <span class='ocrx_word' id='word_1_40' title='bbox 2424 726 2451 773; x_wconf 83' lang='lat' dir='ltr'><strong>‘i</strong></span> 
     </span>
    </p>
   </div>
   <div class='ocr_carea' id='block_1_5' title="bbox 229 820 2448 925">
    <p class='ocr_par' dir='ltr' id='par_1_5' title="bbox 229 820 2448 925">
     <span class='ocr_line' id='line_1_7' title="bbox 229 820 2448 925; baseline -0.007 -30"><span class='ocrx_word' id='word_1_41' title='bbox 229 844 264 909; x_wconf 68' lang='lat' dir='ltr'>g</span> <span class='ocrx_word' id='word_1_42' title='bbox 289 842 352 896; x_wconf 78' lang='lat' dir='ltr'><strong>v.</strong></span> <span class='ocrx_word' id='word_1_43' title='bbox 385 842 456 893; x_wconf 80' lang='lat' dir='ltr'><strong>ne</strong></span> <span class='ocrx_word' id='word_1_44' title='bbox 483 838 772 892; x_wconf 78' lang='lat' dir='ltr'><strong>coneiuone</strong></span> <span class='ocrx_word' id='word_1_45' title='bbox 793 838 1022 889; x_wconf 76' lang='lat' dir='ltr'><strong>virorum</strong></span> <span class='ocrx_word' id='word_1_46' title='bbox 1046 820 1396 897; x_wconf 74' lang='lat' dir='ltr'><strong>qui&#39;rerturu</strong></span> <span class='ocrx_word' id='word_1_47' title='bbox 1422 832 1687 885; x_wconf 69' lang='lat' dir='ltr'><strong>vocantur.</strong></span> <span class='ocrx_word' id='word_1_48' title='bbox 1702 865 1719 886; x_wconf 93' lang='lat'>.</span> <span class='ocrx_word' id='word_1_49' title='bbox 1733 866 1789 925; x_wconf 80' lang='lat'><strong>··.</strong></span> <span class='ocrx_word' id='word_1_50' title='bbox 1801 865 2066 887; x_wconf 91' lang='grc'><strong>.........</strong></span> <span class='ocrx_word' id='word_1_51' title='bbox 2087 871 2099 883; x_wconf 95' lang='grc'><strong>.</strong></span> <span class='ocrx_word' id='word_1_52' title='bbox 2115 865 2289 887; x_wconf 90' lang='grc'><strong>......</strong></span> <span class='ocrx_word' id='word_1_53' title='bbox 2360 832 2448 882; x_wconf 77' lang='lat'><strong>827</strong></span> 
     </span>
    </p>
   </div>
   <div class='ocr_carea' id='block_1_6' title="bbox 159 972 2457 1143">
    <p class='ocr_par' dir='ltr' id='par_1_6' title="bbox 159 972 2457 1143">
     <span class='ocr_line' id='line_1_8' title="bbox 159 972 2299 1043; baseline -0.006 -2"><span class='ocrx_word' id='word_1_54' title='bbox 159 986 381 1041; x_wconf 75' lang='lat' dir='ltr'>CAPUT</span> <span class='ocrx_word' id='word_1_55' title='bbox 412 986 474 1037; x_wconf 87' lang='lat' dir='ltr'><strong>ii.</strong></span> <span class='ocrx_word' id='word_1_56' title='bbox 505 984 574 1036; x_wconf 84' lang='lat' dir='ltr'><strong>De</strong></span> <span class='ocrx_word' id='word_1_57' title='bbox 596 980 814 1043; x_wconf 74' lang='lat' dir='ltr'><strong>eoeteris,</strong></span> <span class='ocrx_word' id='word_1_58' title='bbox 841 980 1024 1042; x_wconf 66' lang='lat' dir='ltr'><strong>proter</strong></span> <span class='ocrx_word' id='word_1_59' title='bbox 1053 972 1346 1035; x_wconf 82' lang='lat' dir='ltr'><strong>Tertiarias.</strong></span> <span class='ocrx_word' id='word_1_60' title='bbox 1369 972 1694 1039; x_wconf 80' lang='lat' dir='ltr'><strong>monialibus,</strong></span> <span class='ocrx_word' id='word_1_61' title='bbox 1726 977 1782 1026; x_wconf 88' lang='lat' dir='ltr'><strong>in</strong></span> <span class='ocrx_word' id='word_1_62' title='bbox 1806 980 2189 1041; x_wconf 66' lang='lat' dir='ltr'>congregatione</span> <span class='ocrx_word' id='word_1_63' title='bbox 2208 975 2299 1029; x_wconf 89' lang='lat' dir='ltr'><strong>de-</strong></span> 
     </span>
     <span class='ocr_line' id='line_1_9' title="bbox 302 1064 2457 1143; baseline -0.006 -15"><span class='ocrx_word' id='word_1_64' title='bbox 302 1074 556 1143; x_wconf 72' lang='lat' dir='ltr'><strong>gentibus,</strong></span> <span class='ocrx_word' id='word_1_65' title='bbox 584 1072 777 1135; x_wconf 86' lang='lat' dir='ltr'><strong>absque</strong></span> <span class='ocrx_word' id='word_1_66' title='bbox 801 1066 1041 1121; x_wconf 82' lang='lat' dir='ltr'><strong>elausura</strong></span> <span class='ocrx_word' id='word_1_67' title='bbox 1071 1068 1124 1117; x_wconf 88' lang='lat' dir='ltr'><strong>et</strong></span> <span class='ocrx_word' id='word_1_68' title='bbox 1146 1066 1385 1116; x_wconf 78' lang='lat' dir='ltr'><strong>votorum</strong></span> <span class='ocrx_word' id='word_1_69' title='bbox 1409 1064 1733 1115; x_wconf 80' lang='lat' dir='ltr'><strong>solemnitate</strong></span> <span class='ocrx_word' id='word_1_70' title='bbox 1740 1099 2287 1118; x_wconf 90' lang='grc'><strong>..................</strong></span> <span class='ocrx_word' id='word_1_71' title='bbox 2364 1068 2457 1119; x_wconf 81' lang='grc'><strong>328</strong></span> 
     </span>
    </p>
   </div>
   <div class='ocr_carea' id='block_1_7' title="bbox 207 1168 2463 1334">
    <p class='ocr_par' dir='ltr' id='par_1_7' title="bbox 207 1168 2463 1334">
     <span class='ocr_line' id='line_1_10' title="bbox 207 1168 2305 1247; baseline -0.005 -12"><span class='ocrx_word' id='word_1_72' title='bbox 207 1172 220 1180; x_wconf 68' lang='grc'><em>”</em></span> <span class='ocrx_word' id='word_1_73' title='bbox 233 1182 274 1247; x_wconf 63' lang='grc' dir='ltr'><strong>ς</strong></span> <span class='ocrx_word' id='word_1_74' title='bbox 302 1182 342 1234; x_wconf 92' lang='lat'><strong>1.</strong></span> <span class='ocrx_word' id='word_1_75' title='bbox 371 1178 872 1234; x_wconf 68' lang='lat' dir='ltr'><strong>commotos-iorum</strong></span> <span class='ocrx_word' id='word_1_76' title='bbox 898 1173 1106 1225; x_wconf 83' lang='lat' dir='ltr'><strong>nomine</strong></span> <span class='ocrx_word' id='word_1_77' title='bbox 1135 1168 1495 1235; x_wconf 83' lang='lat' dir='ltr'><strong>comprehendi</strong></span> <span class='ocrx_word' id='word_1_78' title='bbox 1512 1170 1677 1223; x_wconf 78' lang='lat' dir='ltr'><strong>solem</strong></span> <span class='ocrx_word' id='word_1_79' title='bbox 1702 1174 1981 1225; x_wconf 79' lang='lat' dir='ltr'><strong>conventus</strong></span> <span class='ocrx_word' id='word_1_80' title='bbox 1999 1184 2177 1225; x_wconf 84' lang='lat' dir='ltr'><strong>omnes</strong></span> <span class='ocrx_word' id='word_1_81' title='bbox 2199 1184 2305 1225; x_wconf 89' lang='lat' dir='ltr'><strong>mo-</strong></span> 
     </span>
     <span class='ocr_line' id='line_1_11' title="bbox 301 1260 2463 1334; baseline -0.005 -9"><span class='ocrx_word' id='word_1_82' title='bbox 301 1273 538 1334; x_wconf 77' lang='lat' dir='ltr'><strong>nialium,</strong></span> <span class='ocrx_word' id='word_1_83' title='bbox 559 1270 750 1332; x_wconf 79' lang='lat' dir='ltr'><strong>absque</strong></span> <span class='ocrx_word' id='word_1_84' title='bbox 774 1266 1014 1319; x_wconf 65' lang='lat' dir='ltr'><strong>euasura</strong></span> <span class='ocrx_word' id='word_1_85' title='bbox 1030 1265 1088 1312; x_wconf 81' lang='lat' dir='ltr'><strong>et</strong></span> <span class='ocrx_word' id='word_1_86' title='bbox 1110 1264 1240 1323; x_wconf 76' lang='lat' dir='ltr'><strong>votis</strong></span> <span class='ocrx_word' id='word_1_87' title='bbox 1261 1260 1568 1313; x_wconf 68' lang='lat' dir='ltr'><strong>solemnibus</strong></span> <span class='ocrx_word' id='word_1_88' title='bbox 1588 1261 1877 1325; x_wconf 67' lang='lat' dir='ltr'><strong>domuum</strong></span> <span class='ocrx_word' id='word_1_89' title='bbox 1886 1295 2299 1317; x_wconf 88' lang='grc'><strong>..............</strong></span> <span class='ocrx_word' id='word_1_90' title='bbox 2368 1264 2463 1315; x_wconf 73' lang='grc'><strong>329</strong></span> 
     </span>
    </p>
   </div>
   <div class='ocr_carea' id='block_1_8' title="bbox 243 1368 2461 1615">
    <p class='ocr_par' dir='ltr' id='par_1_8' title="bbox 243 1368 2461 1615">
     <span class='ocr_line' id='line_1_12' title="bbox 243 1368 2307 1445; baseline -0.004 -13"><span class='ocrx_word' id='word_1_91' title='bbox 243 1382 276 1445; x_wconf 68' lang='grc'>5</span> <span class='ocrx_word' id='word_1_92' title='bbox 297 1379 364 1433; x_wconf 87' lang='lat'><strong>11.</strong></span> <span class='ocrx_word' id='word_1_93' title='bbox 383 1378 678 1431; x_wconf 67' lang='lat' dir='ltr'><strong>uonialium</strong></span> <span class='ocrx_word' id='word_1_94' title='bbox 697 1374 887 1439; x_wconf 78' lang='lat' dir='ltr'><strong>absque</strong></span> <span class='ocrx_word' id='word_1_95' title='bbox 904 1371 1142 1423; x_wconf 72' lang='lat' dir='ltr'><strong>chasma</strong></span> <span class='ocrx_word' id='word_1_96' title='bbox 1165 1372 1217 1421; x_wconf 89' lang='lat' dir='ltr'><strong>et</strong></span> <span class='ocrx_word' id='word_1_97' title='bbox 1241 1370 1375 1421; x_wconf 75' lang='lat' dir='ltr'><strong>votis</strong></span> <span class='ocrx_word' id='word_1_98' title='bbox 1395 1369 1705 1425; x_wconf 72' lang='lat' dir='ltr'><strong>solemnibus</strong></span> <span class='ocrx_word' id='word_1_99' title='bbox 1722 1368 2017 1437; x_wconf 86' lang='lat' dir='ltr'><strong>degentium</strong></span> <span class='ocrx_word' id='word_1_100' title='bbox 2036 1384 2307 1437; x_wconf 85' lang='lat' dir='ltr'><strong>congrega·</strong></span> 
     </span>
     <span class='ocr_line' id='line_1_13' title="bbox 305 1455 2307 1528; baseline -0.002 -10"><span class='ocrx_word' id='word_1_101' title='bbox 305 1468 470 1519; x_wconf 88' lang='lat' dir='ltr'><strong>tiones</strong></span> <span class='ocrx_word' id='word_1_102' title='bbox 500 1477 700 1528; x_wconf 85' lang='lat' dir='ltr'><strong>omnes,</strong></span> <span class='ocrx_word' id='word_1_103' title='bbox 731 1462 805 1513; x_wconf 89' lang='lat' dir='ltr'><strong>de·</strong></span> <span class='ocrx_word' id='word_1_104' title='bbox 819 1464 936 1525; x_wconf 80' lang='lat' dir='ltr'><strong>jure</strong></span> <span class='ocrx_word' id='word_1_105' title='bbox 961 1458 1222 1511; x_wconf 85' lang='lat' dir='ltr'><strong>communi</strong></span> <span class='ocrx_word' id='word_1_106' title='bbox 1238 1455 1387 1509; x_wconf 77' lang='lat' dir='ltr'><strong>hodIe</strong></span> <span class='ocrx_word' id='word_1_107' title='bbox 1403 1458 1649 1511; x_wconf 72' lang='lat' dir='ltr'><strong>habendis</strong></span> <span class='ocrx_word' id='word_1_108' title='bbox 1669 1464 1794 1511; x_wconf 86' lang='lat' dir='ltr'><strong>sunt</strong></span> <span class='ocrx_word' id='word_1_109' title='bbox 1814 1464 2063 1526; x_wconf 79' lang='lat' dir='ltr'><strong>tanquam</strong></span> <span class='ocrx_word' id='word_1_110' title='bbox 2080 1462 2307 1513; x_wconf 69' lang='lat' dir='ltr'><strong>toleratae</strong></span> 
     </span>
     <span class='ocr_line' id='line_1_14' title="bbox 306 1544 2461 1615; baseline -0.003 -8"><span class='ocrx_word' id='word_1_111' title='bbox 306 1554 575 1615; x_wconf 83' lang='lat' dir='ltr'><strong>duntaxat,</strong></span> <span class='ocrx_word' id='word_1_112' title='bbox 601 1553 900 1603; x_wconf 87' lang='lat' dir='ltr'><strong>nouantem</strong></span> <span class='ocrx_word' id='word_1_113' title='bbox 925 1553 1176 1611; x_wconf 83' lang='lat' dir='ltr'><strong>tanquam</strong></span> <span class='ocrx_word' id='word_1_114' title='bbox 1207 1544 2143 1610; x_wconf 71' lang='lat' dir='ltr'><strong>approbato.....................</strong></span> <span class='ocrx_word' id='word_1_115' title='bbox 2164 1582 2293 1604; x_wconf 88' lang='lat'><strong>.....</strong></span> <span class='ocrx_word' id='word_1_116' title='bbox 2368 1550 2461 1601; x_wconf 84' lang='grc'><strong>330</strong></span> 
     </span>
    </p>
   </div>
   <div class='ocr_carea' id='block_1_9' title="bbox 245 1650 2467 1901">
    <p class='ocr_par' dir='ltr' id='par_1_9' title="bbox 245 1650 2467 1901">
     <span class='ocr_line' id='line_1_15' title="bbox 245 1650 2311 1727; baseline -0.001 -14"><span class='ocrx_word' id='word_1_117' title='bbox 245 1662 278 1727; x_wconf 65' lang='grc' dir='ltr'><strong>ς</strong></span> <span class='ocrx_word' id='word_1_118' title='bbox 304 1660 396 1714; x_wconf 85' lang='lat' dir='ltr'><strong>ni.</strong></span> <span class='ocrx_word' id='word_1_119' title='bbox 426 1661 501 1712; x_wconf 87' lang='lat' dir='ltr'><strong>An</strong></span> <span class='ocrx_word' id='word_1_120' title='bbox 525 1658 938 1721; x_wconf 71' lang='lat' dir='ltr'><strong>congregationes</strong></span> <span class='ocrx_word' id='word_1_121' title='bbox 979 1650 1305 1715; x_wconf 78' lang='lat' dir='ltr'><strong>monianum,</strong></span> <span class='ocrx_word' id='word_1_122' title='bbox 1328 1652 1563 1705; x_wconf 85' lang='lat' dir='ltr'><strong>clausura</strong></span> <span class='ocrx_word' id='word_1_123' title='bbox 1585 1659 1637 1706; x_wconf 88' lang='lat' dir='ltr'><strong>et</strong></span> <span class='ocrx_word' id='word_1_124' title='bbox 1657 1658 1785 1709; x_wconf 74' lang='lat' dir='ltr'><strong>votis</strong></span> <span class='ocrx_word' id='word_1_125' title='bbox 1805 1656 2113 1711; x_wconf 72' lang='lat' dir='ltr'><strong>solemnibus</strong></span> <span class='ocrx_word' id='word_1_126' title='bbox 2139 1671 2311 1711; x_wconf 84' lang='lat' dir='ltr'><strong>caren-</strong></span> 
     </span>
     <span class='ocr_line' id='line_1_16' title="bbox 304 1742 2311 1814; baseline -0.002 -11"><span class='ocrx_word' id='word_1_127' title='bbox 304 1754 458 1814; x_wconf 82' lang='lat' dir='ltr'><strong>tium,</strong></span> <span class='ocrx_word' id='word_1_128' title='bbox 479 1750 598 1800; x_wconf 86' lang='lat' dir='ltr'><strong>iicet</strong></span> <span class='ocrx_word' id='word_1_129' title='bbox 614 1744 908 1809; x_wconf 86' lang='lat' dir='ltr'><strong>simpliciter</strong></span> <span class='ocrx_word' id='word_1_130' title='bbox 927 1742 1175 1803; x_wconf 62' lang='lat' dir='ltr'><strong>tolerata,</strong></span> <span class='ocrx_word' id='word_1_131' title='bbox 1195 1743 1248 1792; x_wconf 90' lang='lat' dir='ltr'><strong>et</strong></span> <span class='ocrx_word' id='word_1_132' title='bbox 1269 1754 1372 1793; x_wconf 90' lang='lat' dir='ltr'><strong>non</strong></span> <span class='ocrx_word' id='word_1_133' title='bbox 1390 1744 1696 1808; x_wconf 70' lang='lat' dir='ltr'><strong>approbatae,</strong></span> <span class='ocrx_word' id='word_1_134' title='bbox 1711 1750 1880 1797; x_wconf 85' lang='lat' dir='ltr'><strong>status</strong></span> <span class='ocrx_word' id='word_1_135' title='bbox 1900 1747 2121 1811; x_wconf 85' lang='lat' dir='ltr'><strong>religiosi</strong></span> <span class='ocrx_word' id='word_1_136' title='bbox 2140 1760 2311 1799; x_wconf 82' lang='lat' dir='ltr'><strong>essen-</strong></span> 
     </span>
     <span class='ocr_line' id='line_1_17' title="bbox 304 1836 2467 1901; baseline -0.001 -10"><span class='ocrx_word' id='word_1_137' title='bbox 304 1843 432 1891; x_wconf 87' lang='lat' dir='ltr'><strong>tiam</strong></span> <span class='ocrx_word' id='word_1_138' title='bbox 453 1836 643 1889; x_wconf 86' lang='lat' dir='ltr'><strong>habere</strong></span> <span class='ocrx_word' id='word_1_139' title='bbox 669 1838 914 1901; x_wconf 49' lang='lat' dir='ltr'><strong>possint„</strong></span> <span class='ocrx_word' id='word_1_140' title='bbox 1061 1862 1262 1885; x_wconf 84' lang='lat'><strong>.......</strong></span> <span class='ocrx_word' id='word_1_141' title='bbox 1436 1864 1543 1885; x_wconf 90' lang='grc'><strong>....</strong></span> <span class='ocrx_word' id='word_1_142' title='bbox 1562 1865 1722 1886; x_wconf 87' lang='grc'><strong>......</strong></span> <span class='ocrx_word' id='word_1_143' title='bbox 1742 1867 1902 1888; x_wconf 89' lang='grc'><strong>......</strong></span> <span class='ocrx_word' id='word_1_144' title='bbox 2044 1872 2059 1885; x_wconf 93' lang='grc'><strong>.</strong></span> <span class='ocrx_word' id='word_1_145' title='bbox 2078 1872 2122 1888; x_wconf 93' lang='grc'><strong>..</strong></span> <span class='ocrx_word' id='word_1_146' title='bbox 2141 1868 2269 1890; x_wconf 89' lang='grc'><strong>.....</strong></span> <span class='ocrx_word' id='word_1_147' title='bbox 2288 1876 2303 1891; x_wconf 93' lang='grc'><strong>.</strong></span> <span class='ocrx_word' id='word_1_148' title='bbox 2375 1840 2467 1889; x_wconf 76' lang='grc'><strong>335</strong></span> 
     </span>
    </p>
   </div>
   <div class='ocr_carea' id='block_1_10' title="bbox 255 1936 2469 2188">
    <p class='ocr_par' dir='ltr' id='par_1_10' title="bbox 255 1936 2469 2188">
     <span class='ocr_line' id='line_1_18' title="bbox 255 1936 2313 2010; baseline 0 -15"><span class='ocrx_word' id='word_1_149' title='bbox 255 1945 287 2010; x_wconf 71' lang='lat'>5</span> <span class='ocrx_word' id='word_1_150' title='bbox 317 1944 403 1995; x_wconf 83' lang='lat' dir='ltr'><strong>iv.</strong></span> <span class='ocrx_word' id='word_1_151' title='bbox 422 1942 557 1993; x_wconf 83' lang='lat' dir='ltr'><strong>Num</strong></span> <span class='ocrx_word' id='word_1_152' title='bbox 573 1939 723 1993; x_wconf 83' lang='lat' dir='ltr'><strong>hodie</strong></span> <span class='ocrx_word' id='word_1_153' title='bbox 736 1936 1186 2007; x_wconf 72' lang='lat' dir='ltr'><strong>optandum&#39;foret,</strong></span> <span class='ocrx_word' id='word_1_154' title='bbox 1204 1940 1265 1988; x_wconf 89' lang='lat' dir='ltr'><strong>ut</strong></span> <span class='ocrx_word' id='word_1_155' title='bbox 1282 1937 1645 1991; x_wconf 84' lang='lat' dir='ltr'><strong>nonnullarum</strong></span> <span class='ocrx_word' id='word_1_156' title='bbox 1658 1944 2101 2004; x_wconf 77' lang='lat' dir='ltr'><strong>congregationum</strong></span> <span class='ocrx_word' id='word_1_157' title='bbox 2122 1947 2313 1995; x_wconf 80' lang='lat' dir='ltr'><strong>monia-</strong></span> 
     </span>
     <span class='ocr_line' id='line_1_19' title="bbox 312 2029 2310 2095; baseline 0 -12"><span class='ocrx_word' id='word_1_158' title='bbox 312 2034 462 2095; x_wconf 82' lang='lat' dir='ltr'><strong>lium,</strong></span> <span class='ocrx_word' id='word_1_159' title='bbox 484 2032 675 2095; x_wconf 83' lang='lat' dir='ltr'><strong>absque</strong></span> <span class='ocrx_word' id='word_1_160' title='bbox 687 2030 921 2081; x_wconf 83' lang='lat' dir='ltr'><strong>clausura</strong></span> <span class='ocrx_word' id='word_1_161' title='bbox 940 2031 1240 2093; x_wconf 78' lang='lat' dir='ltr'><strong>viventium,</strong></span> <span class='ocrx_word' id='word_1_162' title='bbox 1259 2032 1375 2080; x_wconf 77' lang='lat' dir='ltr'><strong>vota</strong></span> <span class='ocrx_word' id='word_1_163' title='bbox 1401 2042 1494 2093; x_wconf 88' lang='lat' dir='ltr'><strong>pro</strong></span> <span class='ocrx_word' id='word_1_164' title='bbox 1512 2029 1822 2085; x_wconf 84' lang='lat' dir='ltr'><strong>solemnibus</strong></span> <span class='ocrx_word' id='word_1_165' title='bbox 1842 2042 1875 2081; x_wconf 79' lang='lat' dir='ltr'><strong>a</strong></span> <span class='ocrx_word' id='word_1_166' title='bbox 1889 2030 2010 2082; x_wconf 83' lang='lat' dir='ltr'><strong>sede</strong></span> <span class='ocrx_word' id='word_1_167' title='bbox 2026 2032 2310 2095; x_wconf 54' lang='lat' dir='ltr'><strong>apostoliea</strong></span> 
     </span>
     <span class='ocr_line' id='line_1_20' title="bbox 316 2124 2469 2188; baseline 0.001 -15"><span class='ocrx_word' id='word_1_168' title='bbox 316 2126 694 2188; x_wconf 80' lang='lat' dir='ltr'><strong>acceptarentur</strong></span> <span class='ocrx_word' id='word_1_169' title='bbox 703 2152 2307 2177; x_wconf 85' lang='grc'><strong>....................................................</strong></span> <span class='ocrx_word' id='word_1_170' title='bbox 2378 2124 2469 2175; x_wconf 75' lang='grc'><strong>342</strong></span> 
     </span>
    </p>
   </div>
   <div class='ocr_carea' id='block_1_11' title="bbox 194 2258 2469 2327">
    <p class='ocr_par' dir='ltr' id='par_1_11' title="bbox 194 2258 2469 2327">
     <span class='ocr_line' id='line_1_21' title="bbox 194 2258 2469 2327; baseline 0.003 -16"><span class='ocrx_word' id='word_1_171' title='bbox 194 2258 436 2312; x_wconf 66' lang='lat' dir='ltr'><strong>suerio</strong></span> <span class='ocrx_word' id='word_1_172' title='bbox 463 2262 529 2315; x_wconf 81' lang='lat'><strong>11.</strong></span> <span class='ocrx_word' id='word_1_173' title='bbox 556 2260 786 2323; x_wconf 81' lang='lat' dir='ltr'><strong>conditio</strong></span> <span class='ocrx_word' id='word_1_174' title='bbox 805 2263 1044 2313; x_wconf 84' lang='lat' dir='ltr'><strong>canonica</strong></span> <span class='ocrx_word' id='word_1_175' title='bbox 1065 2260 1379 2327; x_wconf 73' lang='lat' dir='ltr'><strong>regularium</strong></span> <span class='ocrx_word' id='word_1_176' title='bbox 1401 2265 1453 2315; x_wconf 78' lang='lat' dir='ltr'><strong>vi</strong></span> <span class='ocrx_word' id='word_1_177' title='bbox 1474 2261 1819 2327; x_wconf 84' lang='lat' dir='ltr'><strong>dispersorum</strong></span> <span class='ocrx_word' id='word_1_178' title='bbox 1822 2296 2304 2321; x_wconf 87' lang='grc'><strong>................</strong></span> <span class='ocrx_word' id='word_1_179' title='bbox 2374 2268 2469 2318; x_wconf 76' lang='grc'><strong>345</strong></span> 
     </span>
    </p>
   </div>
   <div class='ocr_carea' id='block_1_12' title="bbox 187 2401 2473 2471">
    <p class='ocr_par' dir='ltr' id='par_1_12' title="bbox 187 2401 2473 2471">
     <span class='ocr_line' id='line_1_22' title="bbox 187 2401 2473 2471; baseline 0.003 -18"><span class='ocrx_word' id='word_1_180' title='bbox 187 2402 397 2457; x_wconf 78' lang='lat' dir='ltr'>CAPUT</span> <span class='ocrx_word' id='word_1_181' title='bbox 422 2401 461 2449; x_wconf 88' lang='lat'><strong>1.</strong></span> <span class='ocrx_word' id='word_1_182' title='bbox 484 2402 712 2451; x_wconf 85' lang='lat' dir='ltr'><strong>conditio</strong></span> <span class='ocrx_word' id='word_1_183' title='bbox 731 2406 974 2458; x_wconf 86' lang='lat' dir='ltr'><strong>canonica</strong></span> <span class='ocrx_word' id='word_1_184' title='bbox 999 2406 1246 2468; x_wconf 84' lang='lat' dir='ltr'><strong>ejusmodi</strong></span> <span class='ocrx_word' id='word_1_185' title='bbox 1267 2404 1584 2471; x_wconf 82' lang='lat' dir='ltr'><strong>regularium</strong></span> <span class='ocrx_word' id='word_1_186' title='bbox 1606 2405 1828 2458; x_wconf 88' lang='lat' dir='ltr'><strong>durante</strong></span> <span class='ocrx_word' id='word_1_187' title='bbox 1848 2406 2212 2471; x_wconf 69' lang='lat' dir='ltr'><strong>dispersione..</strong></span> <span class='ocrx_word' id='word_1_188' title='bbox 2230 2444 2244 2459; x_wconf 90' lang='lat'><strong>.</strong></span> <span class='ocrx_word' id='word_1_189' title='bbox 2260 2443 2276 2461; x_wconf 89' lang='lat'><strong>.</strong></span> <span class='ocrx_word' id='word_1_190' title='bbox 2295 2444 2308 2459; x_wconf 90' lang='lat'><strong>.</strong></span> <span class='ocrx_word' id='word_1_191' title='bbox 2380 2410 2473 2460; x_wconf 72' lang='grc'><strong>345</strong></span> 
     </span>
    </p>
   </div>
   <div class='ocr_carea' id='block_1_13' title="bbox 254 2502 2477 2920">
    <p class='ocr_par' dir='ltr' id='par_1_13' title="bbox 254 2502 2473 2659">
     <span class='ocr_line' id='line_1_23' title="bbox 254 2502 2473 2579; baseline 0 -11"><span class='ocrx_word' id='word_1_192' title='bbox 254 2507 288 2572; x_wconf 72' lang='lat'>5</span> <span class='ocrx_word' id='word_1_193' title='bbox 309 2506 353 2557; x_wconf 87' lang='lat'><strong>1·</strong></span> <span class='ocrx_word' id='word_1_194' title='bbox 373 2505 444 2557; x_wconf 77' lang='lat'><strong>⁰0</strong></span> <span class='ocrx_word' id='word_1_195' title='bbox 472 2502 860 2565; x_wconf 76' lang='lat' dir='ltr'><strong>⁰hl¹8¹tionihus</strong></span> <span class='ocrx_word' id='word_1_196' title='bbox 880 2504 1132 2553; x_wconf 65' lang='lat' dir='ltr'><strong>sistorum</strong></span> <span class='ocrx_word' id='word_1_197' title='bbox 1154 2512 1463 2568; x_wconf 67' lang='lat' dir='ltr'><strong>regularium</strong></span> <span class='ocrx_word' id='word_1_198' title='bbox 1483 2512 1704 2564; x_wconf 70' lang='lat' dir='ltr'><strong>«iurante</strong></span> <span class='ocrx_word' id='word_1_199' title='bbox 1722 2513 2033 2579; x_wconf 69' lang='lat' dir='ltr'><strong>dispersione</strong></span> <span class='ocrx_word' id='word_1_200' title='bbox 2042 2548 2311 2570; x_wconf 91' lang='grc'><strong>.........</strong></span> <span class='ocrx_word' id='word_1_201' title='bbox 2380 2518 2473 2569; x_wconf 69' lang='lat' dir='ltr'><strong>sie</strong></span> 
     </span>
     <span class='ocr_line' id='line_1_24' title="bbox 255 2588 2321 2667; baseline -0.001 -20"><span class='ocrx_word' id='word_1_202' title='bbox 255 2589 612 2659; x_wconf 68' lang='lat' dir='ltr'><strong>propositivi«.</strong></span> <span class='ocrx_word' id='word_1_203' title='bbox 633 2588 968 2651; x_wconf 72' lang='lat' dir='ltr'><strong>Nequaquam</strong></span> <span class='ocrx_word' id='word_1_204' title='bbox 985 2593 1228 2640; x_wconf 83' lang='lat' dir='ltr'><strong>censendi</strong></span> <span class='ocrx_word' id='word_1_205' title='bbox 1246 2598 1368 2642; x_wconf 89' lang='lat' dir='ltr'><strong>sunt</strong></span> <span class='ocrx_word' id='word_1_206' title='bbox 1385 2605 1419 2643; x_wconf 89' lang='lat' dir='ltr'><strong>a</strong></span> <span class='ocrx_word' id='word_1_207' title='bbox 1434 2598 1567 2643; x_wconf 77' lang='lat' dir='ltr'><strong>votis</strong></span> <span class='ocrx_word' id='word_1_208' title='bbox 1582 2600 1688 2646; x_wconf 86' lang='lat' dir='ltr'><strong>suis</strong></span> <span class='ocrx_word' id='word_1_209' title='bbox 1708 2601 2017 2653; x_wconf 72' lang='lat' dir='ltr'><strong>solemnibus</strong></span> <span class='ocrx_word' id='word_1_210' title='bbox 2036 2604 2211 2667; x_wconf 67' lang='lat' dir='ltr'><strong>solun</strong></span> <span class='ocrx_word' id='word_1_211' title='bbox 2230 2606 2321 2658; x_wconf 63' lang='lat'><strong>2021</strong></span> 
     </span>
    </p>

    <p class='ocr_par' dir='ltr' id='par_1_14' title="bbox 257 2676 2477 2838">
     <span class='ocr_line' id='line_1_25' title="bbox 315 2676 2477 2741; baseline -0.007 -3"><span class='ocrx_word' id='word_1_212' title='bbox 315 2696 379 2737; x_wconf 88' lang='lat' dir='ltr'><strong>ea</strong></span> <span class='ocrx_word' id='word_1_213' title='bbox 399 2687 520 2737; x_wconf 76' lang='lat' dir='ltr'><strong>vota</strong></span> <span class='ocrx_word' id='word_1_214' title='bbox 550 2684 604 2733; x_wconf 88' lang='lat' dir='ltr'><strong>in</strong></span> <span class='ocrx_word' id='word_1_215' title='bbox 622 2690 716 2731; x_wconf 87' lang='lat' dir='ltr'><strong>sno</strong></span> <span class='ocrx_word' id='word_1_216' title='bbox 739 2676 919 2727; x_wconf 81' lang='lat' dir='ltr'><strong>robore</strong></span> <span class='ocrx_word' id='word_1_217' title='bbox 939 2681 1318 2740; x_wconf 78' lang='lat' dir='ltr'><strong>permanent...</strong></span> <span class='ocrx_word' id='word_1_218' title='bbox 1559 2713 1603 2732; x_wconf 90' lang='lat'><strong>..</strong></span> <span class='ocrx_word' id='word_1_219' title='bbox 1687 2715 1731 2731; x_wconf 86' lang='lat'><strong>..</strong></span> <span class='ocrx_word' id='word_1_220' title='bbox 2386 2694 2477 2741; x_wconf 72' lang='lat'><strong>346</strong></span> 
     </span>
     <span class='ocr_line' id='line_1_26' title="bbox 257 2715 2323 2838; baseline 0.001 -15"><span class='ocrx_word' id='word_1_221' title='bbox 257 2769 542 2838; x_wconf 63' lang='lat' dir='ltr'><strong>Propontide</strong></span> <span class='ocrx_word' id='word_1_222' title='bbox 567 2768 652 2819; x_wconf 68' lang='lat' dir='ltr'><strong>lit.</strong></span> <span class='ocrx_word' id='word_1_223' title='bbox 681 2766 870 2829; x_wconf 78' lang='lat' dir='ltr'><strong>Nequit</strong></span> <span class='ocrx_word' id='word_1_224' title='bbox 892 2764 1164 2829; x_wconf 74' lang='lat' dir='ltr'><strong>Episcopus</strong></span> <span class='ocrx_word' id='word_1_225' title='bbox 1190 2715 1448 2832; x_wconf 75' lang='lat' dir='ltr'><strong>dispersos</strong></span> <span class='ocrx_word' id='word_1_226' title='bbox 1464 2766 1689 2820; x_wconf 83' lang='lat' dir='ltr'><strong>dioeoesis</strong></span> <span class='ocrx_word' id='word_1_227' title='bbox 1711 2781 1817 2820; x_wconf 76' lang='lat' dir='ltr'><strong>suae</strong></span> <span class='ocrx_word' id='word_1_228' title='bbox 1780 2717 2100 2833; x_wconf 81' lang='lat' dir='ltr'><strong>regulares</strong></span> <span class='ocrx_word' id='word_1_229' title='bbox 2111 2776 2165 2823; x_wconf 90' lang='lat' dir='ltr'><strong>in</strong></span> <span class='ocrx_word' id='word_1_230' title='bbox 2182 2778 2323 2825; x_wconf 84' lang='lat' dir='ltr'><strong>statu</strong></span> 
     </span>
    </p>

    <p class='ocr_par' dir='ltr' id='par_1_15' title="bbox 317 2854 2322 2920">
     <span class='ocr_line' id='line_1_27' title="bbox 317 2854 2322 2920; baseline 0 -8"><span class='ocrx_word' id='word_1_231' title='bbox 317 2866 379 2912; x_wconf 81' lang='lat' dir='ltr'><strong>et</strong></span> <span class='ocrx_word' id='word_1_232' title='bbox 398 2859 685 2911; x_wconf 85' lang='lat' dir='ltr'><strong>conditione</strong></span> <span class='ocrx_word' id='word_1_233' title='bbox 716 2854 1128 2919; x_wconf 73' lang='lat' dir='ltr'><strong>presbyterorum</strong></span> <span class='ocrx_word' id='word_1_234' title='bbox 1160 2854 1477 2905; x_wconf 79' lang='lat' dir='ltr'><strong>saecularlnm</strong></span> <span class='ocrx_word' id='word_1_235' title='bbox 1504 2858 1574 2906; x_wconf 85' lang='lat' dir='ltr'><strong>ita</strong></span> <span class='ocrx_word' id='word_1_236' title='bbox 1600 2858 1927 2920; x_wconf 83' lang='lat' dir='ltr'><strong>constituere,</strong></span> <span class='ocrx_word' id='word_1_237' title='bbox 1947 2864 2006 2907; x_wconf 88' lang='lat' dir='ltr'><strong>ut</strong></span> <span class='ocrx_word' id='word_1_238' title='bbox 2032 2862 2322 2913; x_wconf 81' lang='lat' dir='ltr'><strong>eximantur</strong></span> 
     </span>
    </p>
   </div>
   <div class='ocr_carea' id='block_1_14' title="bbox 321 2940 2324 3011">
    <p class='ocr_par' dir='ltr' id='par_1_16' title="bbox 321 2940 2324 3011">
     <span class='ocr_line' id='line_1_28' title="bbox 321 2940 2324 3011; baseline 0 -12"><span class='ocrx_word' id='word_1_239' title='bbox 321 2948 386 2999; x_wconf 79' lang='lat' dir='ltr'><strong>ab</strong></span> <span class='ocrx_word' id='word_1_240' title='bbox 427 2945 647 2997; x_wconf 85' lang='lat' dir='ltr'><strong>instituti</strong></span> <span class='ocrx_word' id='word_1_241' title='bbox 683 2945 763 2993; x_wconf 84' lang='lat' dir='ltr'><strong>sui</strong></span> <span class='ocrx_word' id='word_1_242' title='bbox 805 2940 1196 3005; x_wconf 82' lang='lat' dir='ltr'><strong>obligationibus</strong></span> <span class='ocrx_word' id='word_1_243' title='bbox 1234 2948 1286 2993; x_wconf 91' lang='lat' dir='ltr'><strong>et</strong></span> <span class='ocrx_word' id='word_1_244' title='bbox 1311 2942 1661 3005; x_wconf 82' lang='lat' dir='ltr'><strong>observantiis,</strong></span> <span class='ocrx_word' id='word_1_245' title='bbox 1690 2956 1809 2995; x_wconf 87' lang='lat' dir='ltr'><strong>eum</strong></span> <span class='ocrx_word' id='word_1_246' title='bbox 1832 2948 1971 2996; x_wconf 82' lang='lat' dir='ltr'><strong>statu</strong></span> <span class='ocrx_word' id='word_1_247' title='bbox 1999 2946 2324 3011; x_wconf 81' lang='lat' dir='ltr'><strong>dispersionis</strong></span> 
     </span>
    </p>
   </div>
   <div class='ocr_carea' id='block_1_15' title="bbox 323 3008 2587 3099">
    <p class='ocr_par' dir='ltr' id='par_1_17' title="bbox 323 3008 2587 3099">
     <span class='ocr_line' id='line_1_29' title="bbox 323 3008 2587 3099; baseline 0.003 -13"><span class='ocrx_word' id='word_1_248' title='bbox 323 3031 998 3099; x_wconf 61' lang='lat' dir='ltr'><strong>compatientibus...</strong></span> <span class='ocrx_word' id='word_1_249' title='bbox 1420 3070 1433 3083; x_wconf 95' lang='lat'><strong>.</strong></span> <span class='ocrx_word' id='word_1_250' title='bbox 1672 3068 1686 3085; x_wconf 89' lang='lat'><strong><em>.</em></strong></span> <span class='ocrx_word' id='word_1_251' title='bbox 1788 3066 1831 3086; x_wconf 92' lang='lat'><strong>..</strong></span> <span class='ocrx_word' id='word_1_252' title='bbox 2251 3072 2321 3091; x_wconf 88' lang='lat'><strong>...</strong></span> <span class='ocrx_word' id='word_1_253' title='bbox 2388 3043 2475 3092; x_wconf 76' lang='lat' dir='ltr'><strong>:m</strong></span> <span class='ocrx_word' id='word_1_254' title='bbox 2578 3008 2587 3016; x_wconf 68' lang='grc'><strong>’</strong></span> 
     </span>
    </p>
   </div>
   <div class='ocr_carea' id='block_1_16' title="bbox 264 3064 2483 3637">
    <p class='ocr_par' dir='ltr' id='par_1_18' title="bbox 264 3064 2478 3278">
     <span class='ocr_line' id='line_1_30' title="bbox 264 3064 2324 3191; baseline 0.001 -14"><span class='ocrx_word' id='word_1_255' title='bbox 264 3124 548 3191; x_wconf 60' lang='lat' dir='ltr'><strong>Properate</strong></span> <span class='ocrx_word' id='word_1_256' title='bbox 578 3122 689 3173; x_wconf 72' lang='lat'><strong>111⁸.</strong></span> <span class='ocrx_word' id='word_1_257' title='bbox 719 3120 994 3186; x_wconf 81' lang='lat' dir='ltr'><strong>Regulares</strong></span> <span class='ocrx_word' id='word_1_258' title='bbox 1029 3120 1241 3186; x_wconf 87' lang='lat' dir='ltr'><strong>dispersi</strong></span> <span class='ocrx_word' id='word_1_259' title='bbox 1276 3068 1403 3175; x_wconf 71' lang='lat' dir='ltr'><strong>voto</strong></span> <span class='ocrx_word' id='word_1_260' title='bbox 1439 3064 1657 3175; x_wconf 76' lang='lat' dir='ltr'><strong>solemni</strong></span> <span class='ocrx_word' id='word_1_261' title='bbox 1682 3128 1995 3189; x_wconf 75' lang='lat' dir='ltr'><strong>paupertatis</strong></span> <span class='ocrx_word' id='word_1_262' title='bbox 2011 3128 2085 3177; x_wconf 87' lang='lat' dir='ltr'><strong>ita</strong></span> <span class='ocrx_word' id='word_1_263' title='bbox 2108 3127 2324 3180; x_wconf 86' lang='lat' dir='ltr'><strong>obstrin-</strong></span> 
     </span>
     <span class='ocr_line' id='line_1_31' title="bbox 326 3209 2478 3278; baseline 0.006 -17"><span class='ocrx_word' id='word_1_264' title='bbox 326 3215 536 3278; x_wconf 85' lang='lat' dir='ltr'><strong>guntur,</strong></span> <span class='ocrx_word' id='word_1_265' title='bbox 565 3215 625 3261; x_wconf 89' lang='lat' dir='ltr'><strong>ut</strong></span> <span class='ocrx_word' id='word_1_266' title='bbox 647 3209 840 3261; x_wconf 85' lang='lat' dir='ltr'><strong>nullius</strong></span> <span class='ocrx_word' id='word_1_267' title='bbox 859 3212 934 3261; x_wconf 87' lang='lat' dir='ltr'><strong>rei</strong></span> <span class='ocrx_word' id='word_1_268' title='bbox 956 3222 1136 3261; x_wconf 79' lang='lat' dir='ltr'><strong>verum</strong></span> <span class='ocrx_word' id='word_1_269' title='bbox 1158 3210 1441 3263; x_wconf 86' lang='lat' dir='ltr'><strong>dominium</strong></span> <span class='ocrx_word' id='word_1_270' title='bbox 1465 3216 1725 3276; x_wconf 84' lang='lat' dir='ltr'><strong>acquirere</strong></span> <span class='ocrx_word' id='word_1_271' title='bbox 1747 3214 1948 3266; x_wconf 75' lang='lat' dir='ltr'><strong>valeant</strong></span> <span class='ocrx_word' id='word_1_272' title='bbox 1956 3250 2127 3270; x_wconf 90' lang='grc'><strong>......</strong></span> <span class='ocrx_word' id='word_1_273' title='bbox 2130 3236 2135 3253; x_wconf 79' lang='lat'>‚</span> <span class='ocrx_word' id='word_1_274' title='bbox 2146 3252 2316 3271; x_wconf 88' lang='grc'><strong>......</strong></span> <span class='ocrx_word' id='word_1_275' title='bbox 2388 3223 2478 3273; x_wconf 77' lang='grc'>318</span> 
     </span>
    </p>

    <p class='ocr_par' dir='ltr' id='par_1_19' title="bbox 265 3297 2483 3637">
     <span class='ocr_line' id='line_1_32' title="bbox 265 3297 2324 3370; baseline 0.004 -18"><span class='ocrx_word' id='word_1_276' title='bbox 265 3299 548 3366; x_wconf 66' lang='lat' dir='ltr'><strong>Prepa-eino</strong></span> <span class='ocrx_word' id='word_1_277' title='bbox 591 3298 694 3351; x_wconf 79' lang='lat' dir='ltr'><strong>iv·.</strong></span> <span class='ocrx_word' id='word_1_278' title='bbox 734 3297 924 3349; x_wconf 74' lang='lat' dir='ltr'><strong>Votum</strong></span> <span class='ocrx_word' id='word_1_279' title='bbox 961 3298 1187 3351; x_wconf 85' lang='lat' dir='ltr'><strong>solemne</strong></span> <span class='ocrx_word' id='word_1_280' title='bbox 1227 3303 1537 3365; x_wconf 82' lang='lat' dir='ltr'><strong>paupertatis</strong></span> <span class='ocrx_word' id='word_1_281' title='bbox 1563 3313 1666 3352; x_wconf 91' lang='lat' dir='ltr'><strong>non</strong></span> <span class='ocrx_word' id='word_1_282' title='bbox 1687 3303 1904 3367; x_wconf 85' lang='lat' dir='ltr'><strong>impedit</strong></span> <span class='ocrx_word' id='word_1_283' title='bbox 1923 3307 2049 3368; x_wconf 87' lang='lat' dir='ltr'><strong>quin</strong></span> <span class='ocrx_word' id='word_1_284' title='bbox 2072 3306 2324 3370; x_wconf 84' lang='lat' dir='ltr'><strong>regulares</strong></span> 
     </span>
     <span class='ocr_line' id='line_1_33' title="bbox 327 3387 2325 3462; baseline 0.004 -20"><span class='ocrx_word' id='word_1_285' title='bbox 327 3392 540 3454; x_wconf 83' lang='lat' dir='ltr'><strong>dispersi</strong></span> <span class='ocrx_word' id='word_1_286' title='bbox 565 3389 702 3440; x_wconf 84' lang='lat' dir='ltr'><strong>licite</strong></span> <span class='ocrx_word' id='word_1_287' title='bbox 723 3392 778 3439; x_wconf 88' lang='lat' dir='ltr'><strong>et</strong></span> <span class='ocrx_word' id='word_1_288' title='bbox 792 3387 958 3439; x_wconf 80' lang='lat' dir='ltr'><strong>valide</strong></span> <span class='ocrx_word' id='word_1_289' title='bbox 980 3392 1174 3453; x_wconf 81' lang='lat' dir='ltr'><strong>possint</strong></span> <span class='ocrx_word' id='word_1_290' title='bbox 1191 3402 1274 3443; x_wconf 84' lang='lat' dir='ltr'><strong>ree</strong></span> <span class='ocrx_word' id='word_1_291' title='bbox 1291 3390 1386 3441; x_wconf 86' lang='lat' dir='ltr'><strong>sibi</strong></span> <span class='ocrx_word' id='word_1_292' title='bbox 1407 3389 1556 3442; x_wconf 84' lang='lat' dir='ltr'><strong>utiles</strong></span> <span class='ocrx_word' id='word_1_293' title='bbox 1574 3395 1665 3442; x_wconf 90' lang='lat' dir='ltr'><strong>aut</strong></span> <span class='ocrx_word' id='word_1_294' title='bbox 1684 3395 1991 3445; x_wconf 81' lang='lat' dir='ltr'><strong>necessarias</strong></span> <span class='ocrx_word' id='word_1_295' title='bbox 2014 3409 2325 3462; x_wconf 85' lang='lat' dir='ltr'><strong>comparare,</strong></span> 
     </span>
     <span class='ocr_line' id='line_1_34' title="bbox 327 3477 2327 3585; baseline 0.006 -55"><span class='ocrx_word' id='word_1_296' title='bbox 327 3481 568 3545; x_wconf 82' lang='lat' dir='ltr'><strong>pecunias</strong></span> <span class='ocrx_word' id='word_1_297' title='bbox 595 3478 733 3543; x_wconf 85' lang='lat' dir='ltr'><strong>apud</strong></span> <span class='ocrx_word' id='word_1_298' title='bbox 753 3489 810 3529; x_wconf 90' lang='lat' dir='ltr'><strong>se</strong></span> <span class='ocrx_word' id='word_1_299' title='bbox 839 3477 1046 3541; x_wconf 82' lang='lat' dir='ltr'><strong>habere,</strong></span> <span class='ocrx_word' id='word_1_300' title='bbox 1065 3483 1120 3530; x_wconf 91' lang='lat' dir='ltr'><strong>et</strong></span> <span class='ocrx_word' id='word_1_301' title='bbox 1144 3482 1311 3531; x_wconf 75' lang='lat' dir='ltr'><strong>varios</strong></span> <span class='ocrx_word' id='word_1_302' title='bbox 1333 3482 1624 3544; x_wconf 84' lang='lat' dir='ltr'><strong>emptionis,</strong></span> <span class='ocrx_word' id='word_1_303' title='bbox 1645 3481 1945 3585; x_wconf 81' lang='lat' dir='ltr'><strong>venditionis</strong></span> <span class='ocrx_word' id='word_1_304' title='bbox 1968 3491 2018 3536; x_wconf 92' lang='lat' dir='ltr'><strong>et</strong></span> <span class='ocrx_word' id='word_1_305' title='bbox 2042 3487 2327 3541; x_wconf 85' lang='lat' dir='ltr'><strong>donationis</strong></span> 
     </span>
     <span class='ocr_line' id='line_1_35' title="bbox 327 3568 2483 3637; baseline 0.008 -18"><span class='ocrx_word' id='word_1_306' title='bbox 327 3572 620 3621; x_wconf 84' lang='lat' dir='ltr'><strong>contractus</strong></span> <span class='ocrx_word' id='word_1_307' title='bbox 649 3568 777 3619; x_wconf 87' lang='lat' dir='ltr'><strong>inire</strong></span> <span class='ocrx_word' id='word_1_308' title='bbox 785 3601 2313 3632; x_wconf 87' lang='grc'><strong>.................................................</strong></span> <span class='ocrx_word' id='word_1_309' title='bbox 2390 3584 2483 3637; x_wconf 77' lang='grc'><strong>348</strong></span> 
     </span>
    </p>
   </div>
   <div class='ocr_carea' id='block_1_17' title="bbox 268 3654 2487 4264">
    <p class='ocr_par' dir='ltr' id='par_1_20' title="bbox 268 3654 2487 4264">
     <span class='ocr_line' id='line_1_36' title="bbox 268 3654 2327 3727; baseline 0.006 -22"><span class='ocrx_word' id='word_1_310' title='bbox 268 3654 554 3722; x_wconf 68' lang='grc' dir='ltr'><strong>Ρνοροιίίίο</strong></span> <span class='ocrx_word' id='word_1_311' title='bbox 597 3656 671 3704; x_wconf 66' lang='grc' dir='ltr'><strong>νε.</strong></span> <span class='ocrx_word' id='word_1_312' title='bbox 713 3654 897 3719; x_wconf 74' lang='lat' dir='ltr'><strong>Nequit</strong></span> <span class='ocrx_word' id='word_1_313' title='bbox 935 3657 1216 3721; x_wconf 82' lang='lat' dir='ltr'><strong>religiosus,</strong></span> <span class='ocrx_word' id='word_1_314' title='bbox 1249 3660 1304 3708; x_wconf 92' lang='lat' dir='ltr'><strong>in</strong></span> <span class='ocrx_word' id='word_1_315' title='bbox 1341 3658 1583 3723; x_wconf 75' lang='lat' dir='ltr'><strong>praedieto</strong></span> <span class='ocrx_word' id='word_1_316' title='bbox 1622 3660 1943 3724; x_wconf 86' lang='lat' dir='ltr'><strong>dispersionis</strong></span> <span class='ocrx_word' id='word_1_317' title='bbox 1962 3674 2102 3727; x_wconf 79' lang='lat' dir='ltr'><strong>casu,</strong></span> <span class='ocrx_word' id='word_1_318' title='bbox 2130 3675 2212 3717; x_wconf 87' lang='lat' dir='ltr'><strong>res</strong></span> <span class='ocrx_word' id='word_1_319' title='bbox 2234 3666 2327 3718; x_wconf 82' lang='lat' dir='ltr'><strong>sibi</strong></span> 
     </span>
     <span class='ocr_line' id='line_1_37' title="bbox 327 3746 2325 3811; baseline 0.005 -14"><span class='ocrx_word' id='word_1_320' title='bbox 327 3756 620 3810; x_wconf 80' lang='lat' dir='ltr'><strong>comparare</strong></span> <span class='ocrx_word' id='word_1_321' title='bbox 637 3746 794 3795; x_wconf 81' lang='lat' dir='ltr'><strong>statui</strong></span> <span class='ocrx_word' id='word_1_322' title='bbox 817 3756 908 3795; x_wconf 85' lang='lat' dir='ltr'><strong>suo</strong></span> <span class='ocrx_word' id='word_1_323' title='bbox 926 3747 1160 3809; x_wconf 84' lang='lat' dir='ltr'><strong>religioso</strong></span> <span class='ocrx_word' id='word_1_324' title='bbox 1180 3760 1286 3798; x_wconf 91' lang='lat' dir='ltr'><strong>non</strong></span> <span class='ocrx_word' id='word_1_325' title='bbox 1307 3760 1572 3811; x_wconf 79' lang='lat' dir='ltr'><strong>congruas,</strong></span> <span class='ocrx_word' id='word_1_326' title='bbox 1592 3753 1646 3798; x_wconf 87' lang='lat' dir='ltr'><strong>et</strong></span> <span class='ocrx_word' id='word_1_327' title='bbox 1662 3749 1892 3811; x_wconf 83' lang='lat' dir='ltr'><strong>(relative</strong></span> <span class='ocrx_word' id='word_1_328' title='bbox 1911 3751 1977 3802; x_wconf 88' lang='lat' dir='ltr'><strong>ad</strong></span> <span class='ocrx_word' id='word_1_329' title='bbox 1995 3756 2325 3807; x_wconf 85' lang='lat' dir='ltr'><strong>circumstan-</strong></span> 
     </span>
     <span class='ocr_line' id='line_1_38' title="bbox 331 3833 2487 3911; baseline 0.006 -24"><span class='ocrx_word' id='word_1_330' title='bbox 331 3838 428 3887; x_wconf 83' lang='lat' dir='ltr'><strong>tias</strong></span> <span class='ocrx_word' id='word_1_331' title='bbox 447 3838 501 3887; x_wconf 88' lang='lat' dir='ltr'><strong>in</strong></span> <span class='ocrx_word' id='word_1_332' title='bbox 517 3833 716 3911; x_wconf 57' lang='lat' dir='ltr'><strong>‘uibus</strong></span> <span class='ocrx_word' id='word_1_333' title='bbox 750 3838 994 3899; x_wconf 83' lang='lat' dir='ltr'><strong>versatur&gt;</strong></span> <span class='ocrx_word' id='word_1_334' title='bbox 1017 3836 1354 3901; x_wconf 76' lang='lat' dir='ltr'><strong>superfluas..</strong></span> <span class='ocrx_word' id='word_1_335' title='bbox 1562 3874 1577 3889; x_wconf 95' lang='lat'><strong>.</strong></span> <span class='ocrx_word' id='word_1_336' title='bbox 2062 3875 2141 3894; x_wconf 89' lang='lat'><strong>..</strong></span> <span class='ocrx_word' id='word_1_337' title='bbox 2392 3850 2487 3900; x_wconf 76' lang='grc'><strong>349</strong></span> 
     </span>
     <span class='ocr_line' id='line_1_39' title="bbox 269 3871 2334 3995; baseline 0.005 -20"><span class='ocrx_word' id='word_1_338' title='bbox 269 3924 552 3991; x_wconf 75' lang='lat' dir='ltr'><strong>Propositio</strong></span> <span class='ocrx_word' id='word_1_339' title='bbox 573 3924 676 3975; x_wconf 75' lang='lat' dir='ltr'><strong>Vl·-</strong></span> <span class='ocrx_word' id='word_1_340' title='bbox 701 3924 916 3987; x_wconf 76' lang='lat' dir='ltr'><strong>Quando</strong></span> <span class='ocrx_word' id='word_1_341' title='bbox 937 3928 990 3975; x_wconf 91' lang='lat' dir='ltr'><strong>in</strong></span> <span class='ocrx_word' id='word_1_342' title='bbox 1012 3922 1391 3989; x_wconf 78' lang='lat' dir='ltr'><strong>perturbatione</strong></span> <span class='ocrx_word' id='word_1_343' title='bbox 1396 3871 1615 3993; x_wconf 38' lang='lat' dir='ltr'><strong>‘polit-ica</strong></span> <span class='ocrx_word' id='word_1_344' title='bbox 1622 3872 1761 3981; x_wconf 37' lang='lat' dir='ltr'><strong>oanni</strong></span> <span class='ocrx_word' id='word_1_345' title='bbox 1774 3871 1921 3992; x_wconf 51' lang='grc'>1793.</span> <span class='ocrx_word' id='word_1_346' title='bbox 1938 3878 2234 3995; x_wconf 73' lang='lat' dir='ltr'><strong>suppressos</strong></span> <span class='ocrx_word' id='word_1_347' title='bbox 2246 3933 2334 3985; x_wconf 90' lang='lat' dir='ltr'><strong>de·</strong></span> 
     </span>
     <span class='ocr_line' id='line_1_40' title="bbox 331 4012 2328 4092; baseline 0.008 -27"><span class='ocrx_word' id='word_1_348' title='bbox 331 4015 554 4081; x_wconf 78' lang='lat' dir='ltr'><strong>claravit</strong></span> <span class='ocrx_word' id='word_1_349' title='bbox 579 4015 832 4078; x_wconf 85' lang='lat' dir='ltr'><strong>religiosos</strong></span> <span class='ocrx_word' id='word_1_350' title='bbox 855 4012 1065 4070; x_wconf 84' lang='lat' dir='ltr'><strong>ordines</strong></span> <span class='ocrx_word' id='word_1_351' title='bbox 1087 4020 1342 4073; x_wconf 75' lang='lat' dir='ltr'><strong>saecuiaris</strong></span> <span class='ocrx_word' id='word_1_352' title='bbox 1365 4020 1543 4073; x_wconf 70' lang='lat' dir='ltr'><strong>Gallim</strong></span> <span class='ocrx_word' id='word_1_353' title='bbox 1560 4024 1797 4086; x_wconf 76' lang='lat' dir='ltr'><strong>potestas,</strong></span> <span class='ocrx_word' id='word_1_354' title='bbox 1813 4027 2093 4087; x_wconf 85' lang='lat' dir='ltr'><strong>potuerunt</strong></span> <span class='ocrx_word' id='word_1_355' title='bbox 2110 4026 2328 4092; x_wconf 85' lang='lat' dir='ltr'><strong>religiosi</strong></span> 
     </span>
     <span class='ocr_line' id='line_1_41' title="bbox 331 4103 2331 4179; baseline 0.008 -24"><span class='ocrx_word' id='word_1_356' title='bbox 331 4116 392 4155; x_wconf 86' lang='lat' dir='ltr'><strong>ae</strong></span> <span class='ocrx_word' id='word_1_357' title='bbox 413 4103 655 4154; x_wconf 83' lang='lat' dir='ltr'><strong>moniales</strong></span> <span class='ocrx_word' id='word_1_358' title='bbox 675 4105 728 4155; x_wconf 87' lang='lat' dir='ltr'><strong>in</strong></span> <span class='ocrx_word' id='word_1_359' title='bbox 751 4104 1060 4175; x_wconf 78' lang='lat' dir='ltr'><strong>dispersione</strong></span> <span class='ocrx_word' id='word_1_360' title='bbox 1082 4114 1358 4173; x_wconf 83' lang='lat' dir='ltr'><strong>versantes,</strong></span> <span class='ocrx_word' id='word_1_361' title='bbox 1373 4115 1487 4161; x_wconf 87' lang='lat' dir='ltr'><strong>tum</strong></span> <span class='ocrx_word' id='word_1_362' title='bbox 1510 4122 1573 4162; x_wconf 82' lang='lat' dir='ltr'><strong>ex</strong></span> <span class='ocrx_word' id='word_1_363' title='bbox 1595 4114 1913 4175; x_wconf 86' lang='lat' dir='ltr'><strong>superiorum</strong></span> <span class='ocrx_word' id='word_1_364' title='bbox 1931 4126 2167 4179; x_wconf 86' lang='lat' dir='ltr'><strong>expressa</strong></span> <span class='ocrx_word' id='word_1_365' title='bbox 2184 4116 2331 4170; x_wconf 86' lang='lat' dir='ltr'><strong>licen·</strong></span> 
     </span>
     <span class='ocr_line' id='line_1_42' title="bbox 337 4194 2335 4264; baseline 0.009 -23"><span class='ocrx_word' id='word_1_366' title='bbox 337 4194 430 4255; x_wconf 75' lang='lat' dir='ltr'><strong>tia,</strong></span> <span class='ocrx_word' id='word_1_367' title='bbox 450 4196 562 4243; x_wconf 84' lang='lat' dir='ltr'><strong>tum</strong></span> <span class='ocrx_word' id='word_1_368' title='bbox 580 4194 736 4243; x_wconf 80' lang='lat' dir='ltr'><strong>etiam</strong></span> <span class='ocrx_word' id='word_1_369' title='bbox 753 4206 818 4245; x_wconf 82' lang='lat' dir='ltr'><strong>ex</strong></span> <span class='ocrx_word' id='word_1_370' title='bbox 837 4195 1058 4259; x_wconf 81' lang='lat' dir='ltr'><strong>legitime</strong></span> <span class='ocrx_word' id='word_1_371' title='bbox 1075 4203 1402 4263; x_wconf 62' lang='lat' dir='ltr'><strong>presumpta,</strong></span> <span class='ocrx_word' id='word_1_372' title='bbox 1424 4198 1749 4253; x_wconf 68' lang='lat' dir='ltr'><strong>hereditates</strong></span> <span class='ocrx_word' id='word_1_373' title='bbox 1764 4200 1858 4253; x_wconf 85' lang='lat' dir='ltr'><strong>sibi</strong></span> <span class='ocrx_word' id='word_1_374' title='bbox 1876 4202 2198 4264; x_wconf 56' lang='lat' dir='ltr'><strong>obvenient&amp;</strong></span> <span class='ocrx_word' id='word_1_375' title='bbox 2218 4208 2335 4260; x_wconf 81' lang='lat' dir='ltr'><strong>civi·</strong></span> 
     </span>
    </p>
   </div>
   <div class='ocr_carea' id='block_1_18' title="bbox 337 4279 2491 4442">
    <p class='ocr_par' dir='ltr' id='par_1_21' title="bbox 337 4279 2491 4442">
     <span class='ocr_line' id='line_1_43' title="bbox 337 4279 2335 4358; baseline 0.01 -28"><span class='ocrx_word' id='word_1_376' title='bbox 337 4279 454 4331; x_wconf 85' lang='lat' dir='ltr'><strong>liter</strong></span> <span class='ocrx_word' id='word_1_377' title='bbox 464 4283 742 4346; x_wconf 74' lang='lat' dir='ltr'><strong>acquirere,</strong></span> <span class='ocrx_word' id='word_1_378' title='bbox 757 4287 811 4335; x_wconf 89' lang='lat' dir='ltr'><strong>et</strong></span> <span class='ocrx_word' id='word_1_379' title='bbox 827 4285 952 4337; x_wconf 87' lang='lat' dir='ltr'><strong>aiios</strong></span> <span class='ocrx_word' id='word_1_380' title='bbox 966 4292 1276 4352; x_wconf 86' lang='lat' dir='ltr'><strong>opportunos</strong></span> <span class='ocrx_word' id='word_1_381' title='bbox 1295 4290 1505 4341; x_wconf 89' lang='lat' dir='ltr'><strong>dominii</strong></span> <span class='ocrx_word' id='word_1_382' title='bbox 1528 4294 1675 4343; x_wconf 87' lang='lat' dir='ltr'><strong>actus</strong></span> <span class='ocrx_word' id='word_1_383' title='bbox 1693 4290 1906 4343; x_wconf 84' lang='lat' dir='ltr'><strong>civiliter</strong></span> <span class='ocrx_word' id='word_1_384' title='bbox 1925 4302 2179 4358; x_wconf 83' lang='lat' dir='ltr'><strong>exercere,</strong></span> <span class='ocrx_word' id='word_1_385' title='bbox 2194 4295 2335 4349; x_wconf 81' lang='lat' dir='ltr'><strong>salva</strong></span> 
     </span>
     <span class='ocr_line' id='line_1_44' title="bbox 341 4368 2491 4442; baseline 0.011 -23"><span class='ocrx_word' id='word_1_386' title='bbox 341 4368 396 4419; x_wconf 87' lang='lat' dir='ltr'><strong>in</strong></span> <span class='ocrx_word' id='word_1_387' title='bbox 421 4371 494 4422; x_wconf 84' lang='lat' dir='ltr'><strong>cis</strong></span> <span class='ocrx_word' id='word_1_388' title='bbox 514 4376 684 4425; x_wconf 83' lang='lat' dir='ltr'><strong>stante</strong></span> <span class='ocrx_word' id='word_1_389' title='bbox 709 4373 919 4427; x_wconf 87' lang='lat' dir='ltr'><strong>dominii</strong></span> <span class='ocrx_word' id='word_1_390' title='bbox 940 4378 1273 4442; x_wconf 83' lang='lat' dir='ltr'><strong>incapacitate</strong></span> <span class='ocrx_word' id='word_1_391' title='bbox 1297 4381 1350 4428; x_wconf 89' lang='lat' dir='ltr'><strong>st</strong></span> <span class='ocrx_word' id='word_1_392' title='bbox 1370 4381 1475 4430; x_wconf 64' lang='lat' dir='ltr'><strong>voti</strong></span> <span class='ocrx_word' id='word_1_393' title='bbox 1507 4377 1974 4435; x_wconf 73' lang='lat' dir='ltr'><strong>solemnitate-...-</strong></span> <span class='ocrx_word' id='word_1_394' title='bbox 1994 4415 2038 4436; x_wconf 88' lang='lat'><strong>..</strong></span> <span class='ocrx_word' id='word_1_395' title='bbox 2059 4414 2132 4439; x_wconf 81' lang='grc'><strong>...</strong></span> <span class='ocrx_word' id='word_1_396' title='bbox 2152 4416 2195 4437; x_wconf 89' lang='grc'><strong>..</strong></span> <span class='ocrx_word' id='word_1_397' title='bbox 2216 4419 2321 4441; x_wconf 91' lang='grc'><strong>....</strong></span> <span class='ocrx_word' id='word_1_398' title='bbox 2398 4390 2491 4441; x_wconf 74' lang='grc'><strong>349</strong></span> 
     </span>
    </p>
   </div>
  </div>
 </body>
</html>
