2834 4959
396 307 519 389 ⁶52
966 342 1307 391 mera-rus
1346 342 1430 391 nn
1471 340 1624 389 im
1665 340 2084 389 mumma.

402 496 435 537 (ι
464 470 825 563 deputatus)
886 464 1165 562 virginis
1226 470 1632 540 voluntatem
1689 468 2062 558 diligenter,
2130 489 2215 535 an
2273 474 2508 551 coacta,
2573 492 2660 540 an

402 610 437 652 <t
458 586 715 656 seducta
762 588 868 673 sit,
920 608 1007 656 an
1054 587 1213 657 sciat
1260 585 1423 675 quid
1469 589 1664 673 agat;
1709 589 1772 652 et
1817 582 1876 652 si
1907 583 2208 651 voluntas
2253 585 2394 672 ejus
2435 584 2536 672 pia
2583 605 2660 653 ac
2804 662 2805 675 χ

400 700 665 769 «libera
732 701 987 792 cognita
1058 700 1279 783 fuerit,
1352 698 1782 789 habueritque
1854 696 2260 767 conditiones
2333 698 2662 788 requisitas

399 839 434 880 κ
466 818 651 901 juxta
680 816 1051 885 monasterii
1094 814 1271 884 illius
1308 823 1373 883 et
1404 814 1656 883 ordinis
1700 811 2026 902 regulam,
2058 832 2312 881 necnon
2353 820 2666 883 monaste-

400 950 435 988 «
468 926 641 994 rium
692 925 889 995 fuerit
944 925 1284 1013 idoneum,
1340 924 1546 992 libere
1601 922 1664 991 ei
1709 924 1999 1013 profiteri
2037 922 2256 991 liceat.
2289 922 2501 1013 Cujus
2535 945 2670 1013 pro-

400 1038 756 1109 «fessionis
812 1046 1069 1131 tempus
1120 1061 1203 1109 ne
1266 1037 1630 1129 Episcopus
1693 1037 1975 1128 ignoret,
2031 1042 2328 1106 teneatur
2381 1038 2672 1129 praefecta
2804 1112 2805 1137 ἶ

404 1180 441 1219 α
464 1157 850 1226 monasterio
882 1189 889 1197 -
922 1176 1077 1224 enm
1143 1160 1291 1223 ante
1346 1174 1639 1221 mensem
1693 1153 2028 1222 certiorem
2092 1152 2322 1223 facere.
2381 1153 2572 1235 Quod
2623 1156 2672 1224 si
2804 1152 2805 1177 ¹

402 1294 437 1333 α
467 1270 763 1359 praet'ecta
826 1269 1165 1339 certiorem
1228 1266 1624 1359 Episcopum
1685 1286 1818 1335 non
1875 1265 2119 1351 fecerit,
2167 1268 2462 1357 quandiu
2513 1268 2672 1361 Epi·

406 1410 444 1448 «ι
464 1406 657 1475 scopo
704 1384 1054 1469 videbitur,
1102 1383 1185 1453 ab
1223 1383 1436 1453 officio
1485 1402 1796 1473 suspensa
1841 1380 1948 1450 sit.
1981 1408 2018 1447 ι
2073 1380 2312 1471 (Trid.‚
2357 1404 2503 1453 sess.
2549 1384 2658 1469 25,

398 1496 477 1567 de
500 1500 692 1589 Req„
724 1522 783 1565 c.
823 1499 963 1587 17.)

488 1616 555 1683 2⁰
595 1615 701 1683 Ad
746 1615 1059 1685 terminos
1130 1614 1407 1705 hujusce
1465 1612 1834 1684 Tridentini
1883 1615 2124 1685 decreti
2171 1621 2368 1706 posset
2417 1614 2658 1707 absque

398 1731 707 1799 examine
748 1732 951 1823 recipi
988 1730 1069 1799 ad
1102 1728 1405 1801 habitum
1442 1732 1658 1821 puella
1699 1731 2040 1800 duodecim
2079 1733 2265 1801 annis
2289 1732 2532 1817 minor3
2563 1732 2656 1799 si-

396 1849 667 1938 qnidem
704 1847 1103 1917 contrarium
1148 1870 1277 1917 non
1319 1847 1604 1915 decernit
1631 1845 2010 1915 Tridentina
2033 1848 2342 1937 synodus,
2373 1848 2494 1915 nisi
2517 1869 2664 1916 cum

400 1964 524 2032 hac
554 1965 995 2047 restrictione,
1025 1962 1085 2033 si
1126 1964 1346 2054 major
1393 1962 1740 2031 duodecim
1773 1964 1974 2033 annis
2007 1963 2118 2031 sit.
2153 1961 2282 2032 Sed
2315 1962 2505 2031 hodie
2534 1964 2668 2053 jam

404 2078 543 2146 dari
602 2082 828 2169 nequit
878 2098 1062 2147 casus
1114 2078 1225 2147 hic
1280 2076 1513 2167 puellae
1563 2084 1710 2147 ante
1767 2077 2090 2147 annos12
2141 2074 2436 2145 habitum
2477 2080 2677 2146 susci-

406 2194 675 2281 pientis;
729 2194 907 2283 quia,
942 2198 1015 2261 ut
1062 2214 1257 2284 supra
1298 2192 1612 2274 vidimuS,
1639 2193 1978 2262 intervenit
2025 2192 2364 2261 decretum
2397 2191 2465 2262 S.
2497 2191 2676 2261 Con-

400 2309 786 2398 gregationis
832 2308 1297 2399 Episcoporum
1336 2315 1398 2374 et
1437 2308 1868 2397 regularium,
1913 2308 2311 2399 prohibentis
2373 2329 2482 2393 ne,
2529 2314 2676 2378 ante

399 2425 723 2514 expletum
756 2444 999 2493 annum
1034 2424 1143 2509 15,
1166 2422 1400 2513 puellae
1426 2425 1505 2491 ad
1537 2425 1834 2497 habitum
1863 2424 2384 2494 admitterentur.

486 2537 551 2605 3⁰
578 2537 803 2617 Qu'oad
830 2537 1079 2627 puellas
1104 2536 1452 2607 duodecim
1493 2540 1682 2608 annis
1711 2542 1984 2631 maJores
2011 2542 2106 2632 (id
2129 2548 2226 2609 est
2251 2539 2444 2608 hodie
2465 2542 2670 2631 quoad

398 2672 621 2721 omnes
659 2674 805 2743 quae
842 2652 1095 2721 admitti
1138 2659 1448 2745 possunt3
1503 2656 1824 2746 siquidem
1855 2654 2116 2725 admitti
2149 2663 2488 2745 nequeunt
2531 2662 2674 2723 ante

397 2791 649 2839 annum
694 2770 824 2862 15),
856 2768 1235 2839 Tridentina
1278 2770 1472 2840 verba
1531 2772 1602 2839 in
1646 2771 1840 2839 obvio
1864 2778 1930 2839 et
1967 2771 2258 2860 rigoroso
2285 2792 2476 2839 sensu
2501 2768 2668 2837 acci-

398 2888 662 2975 piendo,
746 2886 983 2977 duplex
1060 2886 1351 2955 facienda
1412 2886 1674 2953 videtur
1737 2885 2121 2977 explorati03
2179 2908 2340 2955 nam
2387 2905 2666 2976 expresse

398 3002 669 3090 dicitur,
710 3024 846 3070 non
884 3013 1041 3070 ante
1066 3001 1365 3069 habitum
1399 3000 1743 3091 suscipiat,
1769 3020 1890 3069 nec
1913 3012 2152 3094 postea
2187 3000 2668 3092 professionem
2804 3036 2805 3043 κ

400 3116 693 3201 emittat,
726 3138 929 3206 quam
962 3115 1411 3207 exploraverit
1443 3116 1840 3207 Episcopus.

490 3232 556 3298 4⁰
586 3231 1033 3301 Nihilominus
1076 3232 1253 3301 haud
1308 3235 1568 3301 deluere
1611 3240 1906 3301 auctores
1937 3231 2053 3321 qui
2083 3230 2498 3299 sustinuerint
2525 3224 2670 3293 suf·
2804 3218 2805 3251 ¹

403 3345 593 3413 ficere
642 3348 903 3415 unicam
950 3348 1447 3439 explorationem
1479 3377 1498 3437 ;
1545 3371 1747 3439 quam
1793 3350 1908 3417 alii
1945 3348 2152 3437 magis
2197 3345 2484 3438 expedire
2527 3342 2672 3409 exi·

400 3462 678 3531 stimant
702 3469 849 3533 ante
879 3463 1137 3531 habitus
1166 3464 1671 3553 susceptionem,
1697 3464 1810 3531 alii
1839 3471 1987 3531 ante
2017 3462 2480 3553 professionem
2509 3440 2680 3551 (vide
2804 3490 2805 3525 3

401 3576 841 3663 Pellizarium,
892 3578 972 3647 de
1018 3578 1454 3665 Monialibus,
1499 3602 1647 3671 pag.
1689 3579 1735 3647 6
1781 3587 1844 3647 et
1895 3578 1932 3645 7
1981 3578 2284 3647 editionis
2338 3599 2472 3645 non
2525 3594 2678 3666 pror

401 3693 647 3783 hibitae‚
702 3694 923 3763 Romae
957 3693 1160 3779 1761;
1210 3715 1459 3765 necnon
1497 3692 2004 3779 Tamburinurn,
2045 3692 2126 3762 dc
2166 3693 2332 3784 jure
2383 3690 2684 3761 abbatas·

398 3832 653 3897 samm,
716 3810 882 3899 disp.
942 3810 1011 3891 4,
1060 3832 1127 3898 q.
1164 3809 1233 3889 2,
1274 3831 1347 3878 n.
1392 3808 1483 3899 4).
1543 3808 1668 3877 Sed
1719 3809 1872 3877 dicti
1919 3814 2236 3891 auctores,
2288 3808 2406 3898 qui
2461 3808 2682 3876 tenent

400 3928 665 3995 unicam
734 3926 1026 3995 sufficere
1081 3924 1612 4015 explorationem,
1667 3946 1800 3993 sese
1853 3924 2153 4007 fundant,
2201 3930 2370 3992 non·
2411 3924 2480 3993 in
2539 3923 2679 4010 ipso

402 4051 571 4111 textu
613 4042 801 4133 legis,
834 4043 943 4111 sed
998 4042 1069 4110 in
1126 4040 1616 4127 consuetudine,
1657 4062 1784 4131 qua
1827 4040 2066 4130 passim
2105 4048 2440 4133 receptum
2483 4035 2682 4105 affir-

402 4166 609 4240 mant,
686 4164 761 4227 ut
818 4158 1093 4227 unicum
1148 4157 1458 4227 duntaxat
1517 4177 1786 4225 examen
1833 4156 2195 4249 Episcopus
2265 4157 2448 4225 faciat
2491 4147 2681 4241 (vide

262 4282 271 4291 '
400 4272 671 4341 citatum
701 4272 974 4363 locum).

488 4386 627 4472 Ego
670 4408 848 4471 vero,
898 4410 1053 4459 cum
1110 4398 1339 4481 agatur
1384 4391 1466 4459 de
1521 4388 1663 4478 lege
1711 4388 2091 4459 Tridentina
2136 4386 2483 4481 Episcopus
2549 4377 2672 4449 suh
2804 4394 2805 4397 ’

2373 4694 2410 4739 5
