<?xml version="1.0" encoding="UTF-8"?>
<!DOCTYPE html PUBLIC "-//W3C//DTD XHTML 1.0 Transitional//EN"
    "http://www.w3.org/TR/xhtml1/DTD/xhtml1-transitional.dtd">
<html xmlns="http://www.w3.org/1999/xhtml" xml:lang="en" lang="en">
 <head>
  <title>
</title>
<meta http-equiv="Content-Type" content="text/html;charset=utf-8" />
  <meta name='ocr-system' content='tesseract 3.04.00' />
  <meta name='ocr-capabilities' content='ocr_page ocr_carea ocr_par ocr_line ocrx_word'/>
</head>
<body>
  <div class='ocr_page' id='page_1' title='image "./tractatusdejure01unkngoog_0360.png"; bbox 0 0 2834 4959; ppageno 0'>
   <div class='ocr_carea' id='block_1_1' title="bbox 417 314 2101 379">
    <p class='ocr_par' dir='ltr' id='par_1_1' title="bbox 417 314 2101 379">
     <span class='ocr_line' id='line_1_1' title="bbox 417 314 2101 379; baseline -0.002 -5"><span class='ocrx_word' id='word_1_1' title='bbox 417 320 542 375; x_wconf 71' lang='grc'><strong>342</strong></span> <span class='ocrx_word' id='word_1_2' title='bbox 980 314 1319 379; x_wconf 62' lang='lat' dir='ltr'><strong>mutemus</strong></span> <span class='ocrx_word' id='word_1_3' title='bbox 1364 325 1445 373; x_wconf 74' lang='lat' dir='ltr'><strong>nn</strong></span> <span class='ocrx_word' id='word_1_4' title='bbox 1489 324 1638 373; x_wconf 75' lang='lat' dir='ltr'><strong>man</strong></span> <span class='ocrx_word' id='word_1_5' title='bbox 1683 324 2101 372; x_wconf 70' lang='lat' dir='ltr'><strong>assumunt.</strong></span> 
     </span>
    </p>
   </div>
   <div class='ocr_carea' id='block_1_2' title="bbox 407 445 2678 867">
    <p class='ocr_par' dir='ltr' id='par_1_2' title="bbox 407 445 2678 867">
     <span class='ocr_line' id='line_1_2' title="bbox 414 445 2678 539; baseline -0 -21"><span class='ocrx_word' id='word_1_6' title='bbox 414 457 785 518; x_wconf 83' lang='lat' dir='ltr'><strong>consonent.</strong></span> <span class='ocrx_word' id='word_1_7' title='bbox 863 448 1075 529; x_wconf 81' lang='lat' dir='ltr'>Quare</span> <span class='ocrx_word' id='word_1_8' title='bbox 1150 446 1324 520; x_wconf 81' lang='lat' dir='ltr'><strong>hanc</strong></span> <span class='ocrx_word' id='word_1_9' title='bbox 1384 466 1600 516; x_wconf 86' lang='lat' dir='ltr'><strong>meam</strong></span> <span class='ocrx_word' id='word_1_10' title='bbox 1653 445 2180 537; x_wconf 80' lang='lat' dir='ltr'><strong>qualemcunque</strong></span> <span class='ocrx_word' id='word_1_11' title='bbox 2241 448 2678 539; x_wconf 67' lang='lat' dir='ltr'><strong>opinationem</strong></span> 
     </span>
     <span class='ocr_line' id='line_1_3' title="bbox 412 562 2676 657; baseline 0 -25"><span class='ocrx_word' id='word_1_12' title='bbox 412 566 852 656; x_wconf 57' lang='lat' dir='ltr'><strong>praetermittat</strong></span> <span class='ocrx_word' id='word_1_13' title='bbox 908 564 1133 654; x_wconf 85' lang='lat' dir='ltr'><strong>lector,</strong></span> <span class='ocrx_word' id='word_1_14' title='bbox 1193 563 1249 632; x_wconf 90' lang='lat' dir='ltr'><strong>si</strong></span> <span class='ocrx_word' id='word_1_15' title='bbox 1318 562 1714 633; x_wconf 88' lang='lat' dir='ltr'><strong>contrariam</strong></span> <span class='ocrx_word' id='word_1_16' title='bbox 1783 583 1928 633; x_wconf 89' lang='lat' dir='ltr'><strong>eam</strong></span> <span class='ocrx_word' id='word_1_17' title='bbox 1984 562 2263 655; x_wconf 75' lang='lat' dir='ltr'><strong>reperiat</strong></span> <span class='ocrx_word' id='word_1_18' title='bbox 2325 572 2588 657; x_wconf 71' lang='lat' dir='ltr'><strong>receptae</strong></span> <span class='ocrx_word' id='word_1_19' title='bbox 2639 587 2676 633; x_wconf 88' lang='lat' dir='ltr'><strong>a</strong></span> 
     </span>
     <span class='ocr_line' id='line_1_4' title="bbox 410 676 2676 773; baseline -0 -25"><span class='ocrx_word' id='word_1_20' title='bbox 410 680 805 758; x_wconf 86' lang='lat' dir='ltr'><strong>doctoribus..</strong></span> <span class='ocrx_word' id='word_1_21' title='bbox 860 687 923 749; x_wconf 91' lang='lat' dir='ltr'><strong>et</strong></span> <span class='ocrx_word' id='word_1_22' title='bbox 971 679 1333 773; x_wconf 82' lang='lat' dir='ltr'><strong>praesertim</strong></span> <span class='ocrx_word' id='word_1_23' title='bbox 1408 700 1450 747; x_wconf 91' lang='lat' dir='ltr'><strong>a</strong></span> <span class='ocrx_word' id='word_1_24' title='bbox 1518 677 1830 747; x_wconf 86' lang='lat' dir='ltr'><strong>Romanis</strong></span> <span class='ocrx_word' id='word_1_25' title='bbox 1879 676 2490 769; x_wconf 73' lang='lat' dir='ltr'><strong>congregationibus</strong></span> <span class='ocrx_word' id='word_1_26' title='bbox 2531 679 2676 749; x_wconf 88' lang='lat' dir='ltr'><strong>doc-</strong></span> 
     </span>
     <span class='ocr_line' id='line_1_5' title="bbox 407 798 613 867; baseline 0.024 -5"><span class='ocrx_word' id='word_1_27' title='bbox 407 798 613 867; x_wconf 83' lang='lat' dir='ltr'><strong>trinae.</strong></span> 
     </span>
    </p>
   </div>
   <div class='ocr_carea' id='block_1_3' title="bbox 1446 1007 1648 1099">
    <p class='ocr_par' dir='ltr' id='par_1_3' title="bbox 1446 1007 1648 1099">
     <span class='ocr_line' id='line_1_6' title="bbox 1446 1007 1648 1099; baseline -0.01 -21"><span class='ocrx_word' id='word_1_28' title='bbox 1446 1009 1490 1099; x_wconf 65' lang='lat' dir='ltr'><strong>s,</strong></span> <span class='ocrx_word' id='word_1_29' title='bbox 1535 1007 1648 1078; x_wconf 80' lang='grc' dir='ltr'><strong>ιν.</strong></span> 
     </span>
    </p>
   </div>
   <div class='ocr_carea' id='block_1_4' title="bbox 406 1197 2670 1351">
    <p class='ocr_par' dir='ltr' id='par_1_4' title="bbox 406 1197 2670 1351">
     <span class='ocr_line' id='line_1_7' title="bbox 406 1197 2670 1265; baseline 0 -14"><span class='ocrx_word' id='word_1_30' title='bbox 406 1203 539 1253; x_wconf 71' lang='lat' dir='ltr'><strong>Num</strong></span> <span class='ocrx_word' id='word_1_31' title='bbox 558 1200 709 1251; x_wconf 83' lang='lat' dir='ltr'><strong>hodie</strong></span> <span class='ocrx_word' id='word_1_32' title='bbox 728 1200 1013 1264; x_wconf 76' lang='lat' dir='ltr'><strong>optandum</strong></span> <span class='ocrx_word' id='word_1_33' title='bbox 1032 1199 1183 1261; x_wconf 73' lang='lat' dir='ltr'><strong>soret,</strong></span> <span class='ocrx_word' id='word_1_34' title='bbox 1214 1202 1277 1250; x_wconf 83' lang='lat' dir='ltr'><strong>ut</strong></span> <span class='ocrx_word' id='word_1_35' title='bbox 1304 1197 1668 1249; x_wconf 84' lang='lat' dir='ltr'><strong>nonnullarum</strong></span> <span class='ocrx_word' id='word_1_36' title='bbox 1685 1199 2130 1261; x_wconf 68' lang='lat' dir='ltr'><strong>congregationum</strong></span> <span class='ocrx_word' id='word_1_37' title='bbox 2153 1198 2470 1257; x_wconf 72' lang='lat' dir='ltr'><strong>monialium,</strong></span> <span class='ocrx_word' id='word_1_38' title='bbox 2499 1200 2670 1265; x_wconf 81' lang='lat' dir='ltr'><strong>absque</strong></span> 
     </span>
     <span class='ocr_line' id='line_1_8' title="bbox 499 1284 2588 1351; baseline -0.002 -10"><span class='ocrx_word' id='word_1_39' title='bbox 499 1290 735 1341; x_wconf 79' lang='lat' dir='ltr'><strong>clausura</strong></span> <span class='ocrx_word' id='word_1_40' title='bbox 754 1289 1064 1351; x_wconf 81' lang='lat' dir='ltr'><strong>viventium,</strong></span> <span class='ocrx_word' id='word_1_41' title='bbox 1090 1290 1211 1340; x_wconf 72' lang='lat' dir='ltr'><strong>vota</strong></span> <span class='ocrx_word' id='word_1_42' title='bbox 1236 1299 1331 1351; x_wconf 72' lang='lat' dir='ltr'><strong>nro</strong></span> <span class='ocrx_word' id='word_1_43' title='bbox 1346 1285 1660 1339; x_wconf 70' lang='lat' dir='ltr'><strong>solemnibus</strong></span> <span class='ocrx_word' id='word_1_44' title='bbox 1685 1298 1718 1337; x_wconf 88' lang='lat' dir='ltr'><strong>a</strong></span> <span class='ocrx_word' id='word_1_45' title='bbox 1741 1285 1862 1337; x_wconf 76' lang='lat' dir='ltr'><strong>sede</strong></span> <span class='ocrx_word' id='word_1_46' title='bbox 1885 1284 2169 1349; x_wconf 70' lang='lat' dir='ltr'><strong>apostolica</strong></span> <span class='ocrx_word' id='word_1_47' title='bbox 2186 1289 2588 1349; x_wconf 63' lang='lat' dir='ltr'><strong>aucuparentur.</strong></span> 
     </span>
    </p>
   </div>
   <div class='ocr_carea' id='block_1_5' title="bbox 404 1478 2783 1688">
    <p class='ocr_par' dir='ltr' id='par_1_5' title="bbox 404 1478 2783 1688">
     <span class='ocr_line' id='line_1_9' title="bbox 497 1478 2783 1573; baseline 0.001 -25"><span class='ocrx_word' id='word_1_48' title='bbox 497 1483 558 1548; x_wconf 85' lang='lat'><strong>1⁰</strong></span> <span class='ocrx_word' id='word_1_49' title='bbox 600 1481 869 1550; x_wconf 79' lang='lat' dir='ltr'><strong>Certum</strong></span> <span class='ocrx_word' id='word_1_50' title='bbox 916 1487 1033 1567; x_wconf 87' lang='lat' dir='ltr'><strong>est,</strong></span> <span class='ocrx_word' id='word_1_51' title='bbox 1075 1484 1258 1571; x_wconf 82' lang='lat' dir='ltr'><strong>juxta</strong></span> <span class='ocrx_word' id='word_1_52' title='bbox 1298 1486 1679 1573; x_wconf 85' lang='lat' dir='ltr'><strong>praesentem</strong></span> <span class='ocrx_word' id='word_1_53' title='bbox 1734 1478 2037 1551; x_wconf 84' lang='lat' dir='ltr'><strong>Ecclesiae</strong></span> <span class='ocrx_word' id='word_1_54' title='bbox 2079 1481 2513 1573; x_wconf 84' lang='lat' dir='ltr'><strong>disciplinam,</strong></span> <span class='ocrx_word' id='word_1_55' title='bbox 2555 1504 2674 1573; x_wconf 89' lang='lat' dir='ltr'><strong>pro</strong></span> <span class='ocrx_word' id='word_1_56' title='bbox 2782 1486 2783 1537; x_wconf 67' lang='grc' dir='ltr'>ἒ</span> 
     </span>
     <span class='ocr_line' id='line_1_10' title="bbox 404 1594 2783 1688; baseline 0 -24"><span class='ocrx_word' id='word_1_57' title='bbox 404 1594 806 1664; x_wconf 84' lang='lat' dir='ltr'><strong>solemnibus</strong></span> <span class='ocrx_word' id='word_1_58' title='bbox 850 1616 983 1664; x_wconf 91' lang='lat' dir='ltr'><strong>non</strong></span> <span class='ocrx_word' id='word_1_59' title='bbox 1025 1598 1345 1687; x_wconf 85' lang='lat' dir='ltr'><strong>acceptari</strong></span> <span class='ocrx_word' id='word_1_60' title='bbox 1391 1603 1540 1663; x_wconf 75' lang='lat' dir='ltr'><strong>vota</strong></span> <span class='ocrx_word' id='word_1_61' title='bbox 1577 1594 1972 1665; x_wconf 90' lang='lat' dir='ltr'><strong>monialium</strong></span> <span class='ocrx_word' id='word_1_62' title='bbox 2007 1618 2156 1688; x_wconf 81' lang='lat' dir='ltr'><strong>quae</strong></span> <span class='ocrx_word' id='word_1_63' title='bbox 2199 1596 2500 1665; x_wconf 65' lang='lat' dir='ltr'><strong>clausuras</strong></span> <span class='ocrx_word' id='word_1_64' title='bbox 2541 1596 2666 1685; x_wconf 87' lang='lat' dir='ltr'><strong>legi</strong></span> <span class='ocrx_word' id='word_1_65' title='bbox 2782 1628 2783 1631; x_wconf 37' lang='lat'>¹</span> 
     </span>
    </p>
   </div>
   <div class='ocr_carea' id='block_1_6' title="bbox 402 1708 2670 2033">
    <p class='ocr_par' dir='ltr' id='par_1_6' title="bbox 402 1708 2670 2033">
     <span class='ocr_line' id='line_1_11' title="bbox 404 1708 2659 1803; baseline -0 -24"><span class='ocrx_word' id='word_1_66' title='bbox 404 1731 538 1779; x_wconf 90' lang='lat' dir='ltr'><strong>non</strong></span> <span class='ocrx_word' id='word_1_67' title='bbox 570 1710 925 1800; x_wconf 85' lang='lat' dir='ltr'><strong>subjacent.</strong></span> <span class='ocrx_word' id='word_1_68' title='bbox 976 1708 1342 1781; x_wconf 85' lang='lat' dir='ltr'><strong>Tridentini</strong></span> <span class='ocrx_word' id='word_1_69' title='bbox 1388 1710 1742 1801; x_wconf 73' lang='lat' dir='ltr'><strong>praesertim</strong></span> <span class='ocrx_word' id='word_1_70' title='bbox 1781 1712 2045 1782; x_wconf 89' lang='lat' dir='ltr'><strong>concilii</strong></span> <span class='ocrx_word' id='word_1_71' title='bbox 2074 1720 2354 1803; x_wconf 86' lang='lat' dir='ltr'><strong>tempore</strong></span> <span class='ocrx_word' id='word_1_72' title='bbox 2383 1711 2659 1802; x_wconf 84' lang='lat' dir='ltr'><strong>urgenda</strong></span> 
     </span>
     <span class='ocr_line' id='line_1_12' title="bbox 402 1825 2664 1917; baseline 0.001 -27"><span class='ocrx_word' id='word_1_73' title='bbox 402 1826 539 1895; x_wconf 79' lang='lat' dir='ltr'><strong>visa</strong></span> <span class='ocrx_word' id='word_1_74' title='bbox 582 1833 675 1896; x_wconf 91' lang='lat' dir='ltr'><strong>est</strong></span> <span class='ocrx_word' id='word_1_75' title='bbox 720 1826 931 1917; x_wconf 86' lang='lat' dir='ltr'><strong>quoad</strong></span> <span class='ocrx_word' id='word_1_76' title='bbox 979 1825 1293 1895; x_wconf 82' lang='lat' dir='ltr'><strong>moniales</strong></span> <span class='ocrx_word' id='word_1_77' title='bbox 1334 1846 1562 1895; x_wconf 89' lang='lat' dir='ltr'><strong>omnes</strong></span> <span class='ocrx_word' id='word_1_78' title='bbox 1607 1825 1926 1897; x_wconf 82' lang='lat' dir='ltr'><strong>clausurae</strong></span> <span class='ocrx_word' id='word_1_79' title='bbox 1965 1827 2294 1917; x_wconf 75' lang='lat' dir='ltr'><strong>obligatio.</strong></span> <span class='ocrx_word' id='word_1_80' title='bbox 2340 1826 2481 1895; x_wconf 87' lang='lat' dir='ltr'><strong>Imo</strong></span> <span class='ocrx_word' id='word_1_81' title='bbox 2518 1846 2664 1894; x_wconf 84' lang='lat' dir='ltr'><strong>san-</strong></span> 
     </span>
     <span class='ocr_line' id='line_1_13' title="bbox 404 1940 2670 2033; baseline -0.001 -24"><span class='ocrx_word' id='word_1_82' title='bbox 404 1950 546 2010; x_wconf 88' lang='lat' dir='ltr'><strong>ctus</strong></span> <span class='ocrx_word' id='word_1_83' title='bbox 596 1940 752 2012; x_wconf 89' lang='lat' dir='ltr'><strong>Pius</strong></span> <span class='ocrx_word' id='word_1_84' title='bbox 802 1942 891 2028; x_wconf 81' lang='lat' dir='ltr'><strong>V,</strong></span> <span class='ocrx_word' id='word_1_85' title='bbox 938 1948 1014 2011; x_wconf 91' lang='lat' dir='ltr'><strong>ut</strong></span> <span class='ocrx_word' id='word_1_86' title='bbox 1060 1964 1260 2033; x_wconf 87' lang='lat' dir='ltr'><strong>supra</strong></span> <span class='ocrx_word' id='word_1_87' title='bbox 1290 1943 1536 2012; x_wconf 86' lang='lat' dir='ltr'><strong>dictum</strong></span> <span class='ocrx_word' id='word_1_88' title='bbox 1587 1949 1703 2023; x_wconf 89' lang='lat' dir='ltr'><strong>est,</strong></span> <span class='ocrx_word' id='word_1_89' title='bbox 1744 1942 2081 2013; x_wconf 83' lang='lat' dir='ltr'><strong>exstinctas</strong></span> <span class='ocrx_word' id='word_1_90' title='bbox 2127 1942 2333 2012; x_wconf 81' lang='lat' dir='ltr'><strong>voluit</strong></span> <span class='ocrx_word' id='word_1_91' title='bbox 2375 1940 2670 2032; x_wconf 77' lang='lat' dir='ltr'><strong>quaslibet</strong></span> 
     </span>
    </p>
   </div>
   <div class='ocr_carea' id='block_1_7' title="bbox 2781 1434 2785 2067">
    <p class='ocr_par' dir='ltr' id='par_1_7' title="bbox 2781 1434 2785 2067">
     <span class='ocr_line' id='line_1_14' title="bbox 2781 1434 2785 2067; baseline 0 0"><span class='ocrx_word' id='word_1_92' title='bbox 2781 1434 2785 2067; x_wconf 95' lang='lat' dir='ltr'><strong> </strong></span> 
     </span>
    </p>
   </div>
   <div class='ocr_carea' id='block_1_8' title="bbox 406 2054 2783 2264">
    <p class='ocr_par' dir='ltr' id='par_1_8' title="bbox 406 2054 2783 2264">
     <span class='ocr_line' id='line_1_15' title="bbox 406 2054 2783 2148; baseline -0.004 -20"><span class='ocrx_word' id='word_1_93' title='bbox 406 2058 789 2128; x_wconf 89' lang='lat' dir='ltr'><strong>monialium</strong></span> <span class='ocrx_word' id='word_1_94' title='bbox 829 2059 1359 2148; x_wconf 81' lang='lat' dir='ltr'><strong>congregationes</strong></span> <span class='ocrx_word' id='word_1_95' title='bbox 1403 2058 1560 2126; x_wconf 85' lang='lat' dir='ltr'><strong>huic</strong></span> <span class='ocrx_word' id='word_1_96' title='bbox 1603 2056 1984 2147; x_wconf 85' lang='lat' dir='ltr'><strong>obligationi</strong></span> <span class='ocrx_word' id='word_1_97' title='bbox 2037 2078 2169 2125; x_wconf 90' lang='lat' dir='ltr'><strong>non</strong></span> <span class='ocrx_word' id='word_1_98' title='bbox 2215 2057 2550 2146; x_wconf 74' lang='lat' dir='ltr'><strong>subiectas.</strong></span> <span class='ocrx_word' id='word_1_99' title='bbox 2595 2054 2668 2122; x_wconf 86' lang='lat' dir='ltr'><strong>Et</strong></span> <span class='ocrx_word' id='word_1_100' title='bbox 2782 2070 2783 2119; x_wconf 62' lang='lat'>3</span> 
     </span>
     <span class='ocr_line' id='line_1_16' title="bbox 406 2171 2783 2264; baseline 0 -24"><span class='ocrx_word' id='word_1_101' title='bbox 406 2174 705 2263; x_wconf 80' lang='lat' dir='ltr'><strong>quamvis</strong></span> <span class='ocrx_word' id='word_1_102' title='bbox 760 2172 1087 2240; x_wconf 78' lang='lat' dir='ltr'><strong>subsecuti</strong></span> <span class='ocrx_word' id='word_1_103' title='bbox 1138 2171 1480 2241; x_wconf 89' lang='lat' dir='ltr'><strong>Pontifices</strong></span> <span class='ocrx_word' id='word_1_104' title='bbox 1525 2172 1809 2262; x_wconf 87' lang='lat' dir='ltr'><strong>rigorem</strong></span> <span class='ocrx_word' id='word_1_105' title='bbox 1857 2173 2038 2243; x_wconf 87' lang='lat' dir='ltr'><strong>hunc</strong></span> <span class='ocrx_word' id='word_1_106' title='bbox 2081 2174 2155 2241; x_wconf 88' lang='lat' dir='ltr'><strong>in</strong></span> <span class='ocrx_word' id='word_1_107' title='bbox 2205 2175 2388 2264; x_wconf 84' lang='lat' dir='ltr'><strong>praxi</strong></span> <span class='ocrx_word' id='word_1_108' title='bbox 2439 2179 2662 2261; x_wconf 84' lang='lat' dir='ltr'><strong>tempe-</strong></span> <span class='ocrx_word' id='word_1_109' title='bbox 2782 2206 2783 2241; x_wconf 57' lang='lat' dir='ltr'><strong>i</strong></span> 
     </span>
    </p>
   </div>
   <div class='ocr_carea' id='block_1_9' title="bbox 408 2283 2783 2383">
    <p class='ocr_par' dir='ltr' id='par_1_9' title="bbox 408 2283 2783 2383">
     <span class='ocr_line' id='line_1_17' title="bbox 408 2283 2783 2383; baseline 0.001 -31"><span class='ocrx_word' id='word_1_110' title='bbox 408 2283 689 2353; x_wconf 88' lang='lat' dir='ltr'><strong>randum</strong></span> <span class='ocrx_word' id='word_1_111' title='bbox 740 2285 1064 2367; x_wconf 87' lang='lat' dir='ltr'><strong>duxerint,</strong></span> <span class='ocrx_word' id='word_1_112' title='bbox 1121 2292 1185 2357; x_wconf 90' lang='lat' dir='ltr'><strong>et</strong></span> <span class='ocrx_word' id='word_1_113' title='bbox 1221 2287 1423 2355; x_wconf 86' lang='lat' dir='ltr'><strong>dictas</strong></span> <span class='ocrx_word' id='word_1_114' title='bbox 1471 2287 1812 2377; x_wconf 86' lang='lat' dir='ltr'><strong>moniales,</strong></span> <span class='ocrx_word' id='word_1_115' title='bbox 1863 2288 2230 2358; x_wconf 84' lang='lat' dir='ltr'><strong>clausuram</strong></span> <span class='ocrx_word' id='word_1_116' title='bbox 2277 2288 2460 2358; x_wconf 87' lang='lat' dir='ltr'><strong>haud</strong></span> <span class='ocrx_word' id='word_1_117' title='bbox 2491 2289 2668 2379; x_wconf 84' lang='lat' dir='ltr'><strong>profi-</strong></span> <span class='ocrx_word' id='word_1_118' title='bbox 2782 2314 2783 2383; x_wconf 33' lang='grc' dir='ltr'>ᾗ</span> 
     </span>
    </p>
   </div>
   <div class='ocr_carea' id='block_1_10' title="bbox 408 2400 2783 2493">
    <p class='ocr_par' dir='ltr' id='par_1_10' title="bbox 408 2400 2783 2493">
     <span class='ocr_line' id='line_1_18' title="bbox 408 2400 2783 2493; baseline 0.001 -27"><span class='ocrx_word' id='word_1_119' title='bbox 408 2404 640 2481; x_wconf 78' lang='lat' dir='ltr'><strong>tenteS,</strong></span> <span class='ocrx_word' id='word_1_120' title='bbox 694 2422 1075 2489; x_wconf 87' lang='lat' dir='ltr'><strong>permanere</strong></span> <span class='ocrx_word' id='word_1_121' title='bbox 1129 2400 1568 2491; x_wconf 85' lang='lat' dir='ltr'><strong>permiserint,</strong></span> <span class='ocrx_word' id='word_1_122' title='bbox 1626 2403 1916 2493; x_wconf 90' lang='lat' dir='ltr'><strong>ipsarum</strong></span> <span class='ocrx_word' id='word_1_123' title='bbox 1971 2410 2188 2473; x_wconf 79' lang='lat' dir='ltr'><strong>tamen</strong></span> <span class='ocrx_word' id='word_1_124' title='bbox 2235 2412 2378 2473; x_wconf 89' lang='lat' dir='ltr'><strong>vota</strong></span> <span class='ocrx_word' id='word_1_125' title='bbox 2427 2402 2665 2473; x_wconf 87' lang='lat' dir='ltr'><strong>nonnisi</strong></span> <span class='ocrx_word' id='word_1_126' title='bbox 2782 2422 2783 2489; x_wconf 50' lang='lat'><em>3</em></span> 
     </span>
    </p>
   </div>
   <div class='ocr_carea' id='block_1_11' title="bbox 408 2513 2783 4463">
    <p class='ocr_par' dir='ltr' id='par_1_11' title="bbox 408 2513 2783 2611">
     <span class='ocr_line' id='line_1_19' title="bbox 408 2513 2783 2611; baseline 0.004 -30"><span class='ocrx_word' id='word_1_127' title='bbox 408 2513 730 2603; x_wconf 88' lang='lat' dir='ltr'><strong>simplicia</strong></span> <span class='ocrx_word' id='word_1_128' title='bbox 757 2536 890 2583; x_wconf 88' lang='lat' dir='ltr'><strong>esse</strong></span> <span class='ocrx_word' id='word_1_129' title='bbox 914 2516 1280 2585; x_wconf 88' lang='lat' dir='ltr'><strong>voluerunt.</strong></span> <span class='ocrx_word' id='word_1_130' title='bbox 2782 2570 2783 2611; x_wconf 58' lang='lat' dir='ltr'>ss</span> 
     </span>
    </p>

    <p class='ocr_par' dir='ltr' id='par_1_12' title="bbox 412 2626 2783 3629">
     <span class='ocr_line' id='line_1_20' title="bbox 502 2626 2783 2727; baseline 0.002 -32"><span class='ocrx_word' id='word_1_131' title='bbox 502 2628 571 2695; x_wconf 81' lang='lat'><strong>2⁰</strong></span> <span class='ocrx_word' id='word_1_132' title='bbox 616 2629 901 2700; x_wconf 88' lang='lat' dir='ltr'><strong>Aliunde</strong></span> <span class='ocrx_word' id='word_1_133' title='bbox 952 2638 1195 2716; x_wconf 88' lang='lat' dir='ltr'><strong>autem,</strong></span> <span class='ocrx_word' id='word_1_134' title='bbox 1248 2633 1497 2702; x_wconf 86' lang='lat' dir='ltr'><strong>secluso</strong></span> <span class='ocrx_word' id='word_1_135' title='bbox 1549 2636 1696 2723; x_wconf 80' lang='lat' dir='ltr'><strong>Jure</strong></span> <span class='ocrx_word' id='word_1_136' title='bbox 1753 2636 2048 2727; x_wconf 77' lang='lat' dir='ltr'><strong>positivo,</strong></span> <span class='ocrx_word' id='word_1_137' title='bbox 2107 2642 2272 2705; x_wconf 82' lang='lat' dir='ltr'><strong>stare</strong></span> <span class='ocrx_word' id='word_1_138' title='bbox 2327 2642 2526 2726; x_wconf 87' lang='lat' dir='ltr'><strong>posset</strong></span> <span class='ocrx_word' id='word_1_139' title='bbox 2569 2653 2666 2699; x_wconf 74' lang='lat' dir='ltr'><strong>vo-</strong></span> <span class='ocrx_word' id='word_1_140' title='bbox 2782 2626 2783 2659; x_wconf 75' lang='lat'><strong>3</strong></span> 
     </span>
     <span class='ocr_line' id='line_1_21' title="bbox 412 2730 2783 2843; baseline 0.008 -34"><span class='ocrx_word' id='word_1_141' title='bbox 412 2730 630 2811; x_wconf 74' lang='lat' dir='ltr'><strong>t&#39;orum</strong></span> <span class='ocrx_word' id='word_1_142' title='bbox 666 2744 1038 2815; x_wconf 79' lang='lat' dir='ltr'><strong>solemnitas</strong></span> <span class='ocrx_word' id='word_1_143' title='bbox 1070 2746 1313 2839; x_wconf 86' lang='lat' dir='ltr'><strong>absque</strong></span> <span class='ocrx_word' id='word_1_144' title='bbox 1358 2748 1663 2819; x_wconf 86' lang='lat' dir='ltr'><strong>clausura</strong></span> <span class='ocrx_word' id='word_1_145' title='bbox 1704 2773 1721 2819; x_wconf 71' lang='grc' dir='ltr'><strong><em>ε</em></strong></span> <span class='ocrx_word' id='word_1_146' title='bbox 1756 2755 1968 2843; x_wconf 88' lang='lat' dir='ltr'><strong>posset</strong></span> <span class='ocrx_word' id='word_1_147' title='bbox 2007 2771 2244 2841; x_wconf 89' lang='lat' dir='ltr'><strong>nempe</strong></span> <span class='ocrx_word' id='word_1_148' title='bbox 2285 2750 2464 2819; x_wconf 88' lang='lat' dir='ltr'><strong>sedes</strong></span> <span class='ocrx_word' id='word_1_149' title='bbox 2497 2748 2668 2837; x_wconf 83' lang='lat' dir='ltr'><strong>Apo—</strong></span> <span class='ocrx_word' id='word_1_150' title='bbox 2782 2740 2783 2827; x_wconf 92' lang='lat'><strong>3</strong></span> 
     </span>
     <span class='ocr_line' id='line_1_22' title="bbox 414 2860 2783 2965; baseline 0.005 -39"><span class='ocrx_word' id='word_1_151' title='bbox 414 2860 656 2946; x_wconf 86' lang='lat' dir='ltr'><strong>stolica,</strong></span> <span class='ocrx_word' id='word_1_152' title='bbox 678 2862 737 2929; x_wconf 90' lang='lat' dir='ltr'><strong>si</strong></span> <span class='ocrx_word' id='word_1_153' title='bbox 769 2869 1216 2965; x_wconf 83' lang='lat' dir='ltr'><strong>opportunum</strong></span> <span class='ocrx_word' id='word_1_154' title='bbox 1248 2865 1315 2933; x_wconf 91' lang='lat' dir='ltr'><strong>id</strong></span> <span class='ocrx_word' id='word_1_155' title='bbox 1348 2866 1759 2953; x_wconf 82' lang='lat' dir='ltr'><strong>existimaret,</strong></span> <span class='ocrx_word' id='word_1_156' title='bbox 1793 2888 1912 2958; x_wconf 88' lang='lat' dir='ltr'><strong>pro</strong></span> <span class='ocrx_word' id='word_1_157' title='bbox 1931 2865 2339 2935; x_wconf 72' lang='lat' dir='ltr'><strong>solemnibus</strong></span> <span class='ocrx_word' id='word_1_158' title='bbox 2363 2870 2668 2953; x_wconf 72' lang='lat' dir='ltr'><strong>acceptare</strong></span> <span class='ocrx_word' id='word_1_159' title='bbox 2782 2866 2783 2923; x_wconf 89' lang='lat'><strong>3</strong></span> 
     </span>
     <span class='ocr_line' id='line_1_23' title="bbox 414 2976 2664 3071; baseline 0.002 -31"><span class='ocrx_word' id='word_1_160' title='bbox 414 2976 609 3041; x_wconf 88' lang='lat' dir='ltr'><strong>etiam</strong></span> <span class='ocrx_word' id='word_1_161' title='bbox 636 2984 778 3044; x_wconf 82' lang='lat' dir='ltr'><strong>vota</strong></span> <span class='ocrx_word' id='word_1_162' title='bbox 819 2978 1206 3048; x_wconf 89' lang='lat' dir='ltr'><strong>monialium</strong></span> <span class='ocrx_word' id='word_1_163' title='bbox 1250 2979 1491 3071; x_wconf 86' lang='lat' dir='ltr'><strong>absque</strong></span> <span class='ocrx_word' id='word_1_164' title='bbox 1525 2980 1824 3051; x_wconf 88' lang='lat' dir='ltr'><strong>clausura</strong></span> <span class='ocrx_word' id='word_1_165' title='bbox 1861 2982 2248 3052; x_wconf 77' lang='lat' dir='ltr'><strong>viventium.</strong></span> <span class='ocrx_word' id='word_1_166' title='bbox 2291 2980 2470 3063; x_wconf 81' lang='lat' dir='ltr'><strong>Quod</strong></span> <span class='ocrx_word' id='word_1_167' title='bbox 2503 2976 2664 3045; x_wconf 85' lang='lat' dir='ltr'><strong>enim</strong></span> 
     </span>
     <span class='ocr_line' id='line_1_24' title="bbox 415 3089 2667 3187; baseline 0.001 -32"><span class='ocrx_word' id='word_1_168' title='bbox 415 3096 561 3158; x_wconf 82' lang='lat' dir='ltr'><strong>vota</strong></span> <span class='ocrx_word' id='word_1_169' title='bbox 615 3089 937 3161; x_wconf 81' lang='lat' dir='ltr'><strong>dictarum</strong></span> <span class='ocrx_word' id='word_1_170' title='bbox 1016 3094 1407 3163; x_wconf 87' lang='lat' dir='ltr'><strong>monialium</strong></span> <span class='ocrx_word' id='word_1_171' title='bbox 1474 3096 1776 3165; x_wconf 88' lang='lat' dir='ltr'><strong>clausura</strong></span> <span class='ocrx_word' id='word_1_172' title='bbox 1826 3098 2213 3182; x_wconf 87' lang='lat' dir='ltr'><strong>carentium,</strong></span> <span class='ocrx_word' id='word_1_173' title='bbox 2273 3096 2346 3165; x_wconf 89' lang='lat' dir='ltr'><strong>in</strong></span> <span class='ocrx_word' id='word_1_174' title='bbox 2393 3094 2667 3187; x_wconf 83' lang='lat' dir='ltr'><strong>praesenti</strong></span> 
     </span>
     <span class='ocr_line' id='line_1_25' title="bbox 420 3200 2666 3301; baseline 0.002 -33"><span class='ocrx_word' id='word_1_175' title='bbox 420 3200 713 3273; x_wconf 87' lang='lat' dir='ltr'><strong>Ecclesiae</strong></span> <span class='ocrx_word' id='word_1_176' title='bbox 756 3206 1123 3299; x_wconf 84' lang='lat' dir='ltr'><strong>disciplina,</strong></span> <span class='ocrx_word' id='word_1_177' title='bbox 1167 3209 1484 3278; x_wconf 86' lang='lat' dir='ltr'><strong>solemnia</strong></span> <span class='ocrx_word' id='word_1_178' title='bbox 1529 3231 1662 3278; x_wconf 91' lang='lat' dir='ltr'><strong>non</strong></span> <span class='ocrx_word' id='word_1_179' title='bbox 1709 3212 1863 3294; x_wconf 85' lang='lat' dir='ltr'><strong>sint,</strong></span> <span class='ocrx_word' id='word_1_180' title='bbox 1906 3210 2082 3289; x_wconf 75' lang='lat' dir='ltr'><strong>haud</strong></span> <span class='ocrx_word' id='word_1_181' title='bbox 2123 3211 2417 3301; x_wconf 80' lang='lat' dir='ltr'><strong>provenit</strong></span> <span class='ocrx_word' id='word_1_182' title='bbox 2434 3231 2502 3277; x_wconf 88' lang='lat' dir='ltr'><strong>ex</strong></span> <span class='ocrx_word' id='word_1_183' title='bbox 2533 3208 2666 3295; x_wconf 82' lang='lat' dir='ltr'><strong>ipsa</strong></span> 
     </span>
     <span class='ocr_line' id='line_1_26' title="bbox 416 3314 2666 3419; baseline 0.003 -37"><span class='ocrx_word' id='word_1_184' title='bbox 416 3314 835 3411; x_wconf 83' lang='lat' dir='ltr'><strong>solemnitatis</strong></span> <span class='ocrx_word' id='word_1_185' title='bbox 878 3330 1179 3391; x_wconf 80' lang='lat' dir='ltr'><strong>votorum</strong></span> <span class='ocrx_word' id='word_1_186' title='bbox 1225 3326 1525 3412; x_wconf 88' lang='lat' dir='ltr'><strong>essentia,</strong></span> <span class='ocrx_word' id='word_1_187' title='bbox 1577 3325 1690 3393; x_wconf 89' lang='lat' dir='ltr'><strong>sed</strong></span> <span class='ocrx_word' id='word_1_188' title='bbox 1735 3347 1810 3395; x_wconf 85' lang='lat' dir='ltr'><strong>ex</strong></span> <span class='ocrx_word' id='word_1_189' title='bbox 1855 3347 2038 3395; x_wconf 91' lang='lat' dir='ltr'><strong>mera</strong></span> <span class='ocrx_word' id='word_1_190' title='bbox 2081 3324 2383 3419; x_wconf 79' lang='lat' dir='ltr'><strong>Ecclesiae</strong></span> <span class='ocrx_word' id='word_1_191' title='bbox 2421 3321 2666 3413; x_wconf 86' lang='lat' dir='ltr'><strong>disposi-</strong></span> 
     </span>
     <span class='ocr_line' id='line_1_27' title="bbox 417 3434 2664 3534; baseline 0.004 -34"><span class='ocrx_word' id='word_1_192' title='bbox 417 3434 616 3517; x_wconf 87' lang='lat' dir='ltr'><strong>tione,</strong></span> <span class='ocrx_word' id='word_1_193' title='bbox 668 3444 859 3525; x_wconf 89' lang='lat' dir='ltr'><strong>prout</strong></span> <span class='ocrx_word' id='word_1_194' title='bbox 910 3446 1160 3509; x_wconf 88' lang='lat' dir='ltr'><strong>certum</strong></span> <span class='ocrx_word' id='word_1_195' title='bbox 1218 3448 1280 3509; x_wconf 87' lang='lat' dir='ltr'><strong>et</strong></span> <span class='ocrx_word' id='word_1_196' title='bbox 1333 3447 1508 3521; x_wconf 82' lang='lat' dir='ltr'><strong>extra</strong></span> <span class='ocrx_word' id='word_1_197' title='bbox 1563 3444 2062 3534; x_wconf 80' lang='lat' dir='ltr'><strong>controversiam</strong></span> <span class='ocrx_word' id='word_1_198' title='bbox 2118 3444 2403 3534; x_wconf 79' lang='lat' dir='ltr'><strong>positum</strong></span> <span class='ocrx_word' id='word_1_199' title='bbox 2455 3458 2664 3531; x_wconf 84' lang='lat' dir='ltr'><strong>suppo-</strong></span> 
     </span>
     <span class='ocr_line' id='line_1_28' title="bbox 418 3572 2539 3629; baseline 0.009 -10"><span class='ocrx_word' id='word_1_200' title='bbox 418 3572 667 3621; x_wconf 76' lang='lat' dir='ltr'><strong>nimus·</strong></span> <span class='ocrx_word' id='word_1_201' title='bbox 2529 3614 2539 3629; x_wconf 87' lang='lat'><strong>·</strong></span> 
     </span>
    </p>

    <p class='ocr_par' dir='ltr' id='par_1_13' title="bbox 410 3664 2783 4463">
     <span class='ocr_line' id='line_1_29' title="bbox 506 3664 2662 3769; baseline -0.001 -34"><span class='ocrx_word' id='word_1_202' title='bbox 506 3664 574 3735; x_wconf 80' lang='lat'><strong>3⁰</strong></span> <span class='ocrx_word' id='word_1_203' title='bbox 608 3666 753 3737; x_wconf 64' lang='lat' dir='ltr'><strong>«lam</strong></span> <span class='ocrx_word' id='word_1_204' title='bbox 789 3690 964 3754; x_wconf 84' lang='lat' dir='ltr'><strong>ver0,</strong></span> <span class='ocrx_word' id='word_1_205' title='bbox 994 3690 1152 3739; x_wconf 91' lang='lat' dir='ltr'><strong>cum</strong></span> <span class='ocrx_word' id='word_1_206' title='bbox 1198 3672 1403 3741; x_wconf 79' lang='lat' dir='ltr'><strong>valeat</strong></span> <span class='ocrx_word' id='word_1_207' title='bbox 1439 3674 1618 3743; x_wconf 87' lang='lat' dir='ltr'><strong>sedes</strong></span> <span class='ocrx_word' id='word_1_208' title='bbox 1660 3676 2031 3769; x_wconf 87' lang='lat' dir='ltr'><strong>Apostolica</strong></span> <span class='ocrx_word' id='word_1_209' title='bbox 2075 3676 2396 3745; x_wconf 86' lang='lat' dir='ltr'><strong>dictarum</strong></span> <span class='ocrx_word' id='word_1_210' title='bbox 2441 3667 2662 3741; x_wconf 86' lang='lat' dir='ltr'><strong>monia·</strong></span> 
     </span>
     <span class='ocr_line' id='line_1_30' title="bbox 415 3776 2783 3876; baseline 0 -30"><span class='ocrx_word' id='word_1_211' title='bbox 415 3781 603 3863; x_wconf 91' lang='lat' dir='ltr'><strong>lium,</strong></span> <span class='ocrx_word' id='word_1_212' title='bbox 662 3785 963 3853; x_wconf 87' lang='lat' dir='ltr'><strong>clausura</strong></span> <span class='ocrx_word' id='word_1_213' title='bbox 1018 3788 1410 3876; x_wconf 87' lang='lat' dir='ltr'><strong>carentium,</strong></span> <span class='ocrx_word' id='word_1_214' title='bbox 1471 3794 1615 3859; x_wconf 78' lang='lat' dir='ltr'><strong>vota</strong></span> <span class='ocrx_word' id='word_1_215' title='bbox 1674 3792 1986 3861; x_wconf 88' lang='lat' dir='ltr'><strong>solemnia</strong></span> <span class='ocrx_word' id='word_1_216' title='bbox 2053 3791 2355 3875; x_wconf 82' lang='lat' dir='ltr'><strong>reddere,</strong></span> <span class='ocrx_word' id='word_1_217' title='bbox 2411 3779 2666 3857; x_wconf 85' lang='lat' dir='ltr'><strong>occurrit</strong></span> <span class='ocrx_word' id='word_1_218' title='bbox 2782 3776 2783 3823; x_wconf 55' lang='grc' dir='ltr'><strong>ἶ</strong></span> 
     </span>
     <span class='ocr_line' id='line_1_31' title="bbox 416 3897 2783 4003; baseline 0 -39"><span class='ocrx_word' id='word_1_219' title='bbox 416 3897 690 3966; x_wconf 89' lang='lat' dir='ltr'><strong>dubium</strong></span> <span class='ocrx_word' id='word_1_220' title='bbox 757 3922 919 3967; x_wconf 87' lang='lat' dir='ltr'><strong>num</strong></span> <span class='ocrx_word' id='word_1_221' title='bbox 985 3899 1185 3982; x_wconf 85' lang='lat' dir='ltr'><strong>forte,</strong></span> <span class='ocrx_word' id='word_1_222' title='bbox 1268 3906 1525 3973; x_wconf 86' lang='lat' dir='ltr'><strong>attentis</strong></span> <span class='ocrx_word' id='word_1_223' title='bbox 1600 3906 2066 3976; x_wconf 87' lang='lat' dir='ltr'><strong>hodiernorum</strong></span> <span class='ocrx_word' id='word_1_224' title='bbox 2125 3914 2491 3997; x_wconf 85' lang='lat' dir='ltr'><strong>temporum</strong></span> <span class='ocrx_word' id='word_1_225' title='bbox 2549 3899 2658 3967; x_wconf 84' lang='lat' dir='ltr'><strong>cir·</strong></span> <span class='ocrx_word' id='word_1_226' title='bbox 2782 3932 2783 4003; x_wconf 31' lang='grc' dir='ltr'>ζ</span> 
     </span>
     <span class='ocr_line' id='line_1_32' title="bbox 415 4012 2783 4124; baseline -0.001 -44"><span class='ocrx_word' id='word_1_227' title='bbox 415 4016 842 4100; x_wconf 76' lang='lat' dir='ltr'><strong>cumstantiiS,</strong></span> <span class='ocrx_word' id='word_1_228' title='bbox 902 4015 1181 4111; x_wconf 91' lang='lat' dir='ltr'><strong>optanda</strong></span> <span class='ocrx_word' id='word_1_229' title='bbox 1237 4017 1429 4089; x_wconf 88' lang='lat' dir='ltr'><strong>hodie</strong></span> <span class='ocrx_word' id='word_1_230' title='bbox 1479 4022 1562 4090; x_wconf 88' lang='lat' dir='ltr'><strong>sit</strong></span> <span class='ocrx_word' id='word_1_231' title='bbox 1619 4023 1833 4119; x_wconf 70' lang='lat' dir='ltr'><strong>haecce</strong></span> <span class='ocrx_word' id='word_1_232' title='bbox 1876 4023 2235 4124; x_wconf 72' lang='lat' dir='ltr'><strong>disciplinas</strong></span> <span class='ocrx_word' id='word_1_233' title='bbox 2291 4015 2656 4091; x_wconf 87' lang='lat' dir='ltr'><strong>immutatio.</strong></span> <span class='ocrx_word' id='word_1_234' title='bbox 2782 4012 2783 4025; x_wconf 59' lang='lat'>¹</span> 
     </span>
     <span class='ocr_line' id='line_1_33' title="bbox 412 4129 2783 4230; baseline 0.004 -35"><span class='ocrx_word' id='word_1_235' title='bbox 412 4130 499 4195; x_wconf 85' lang='lat' dir='ltr'><strong>At</strong></span> <span class='ocrx_word' id='word_1_236' title='bbox 536 4129 762 4200; x_wconf 89' lang='lat' dir='ltr'><strong>nullus</strong></span> <span class='ocrx_word' id='word_1_237' title='bbox 790 4152 921 4201; x_wconf 90' lang='lat' dir='ltr'><strong>non</strong></span> <span class='ocrx_word' id='word_1_238' title='bbox 964 4132 1168 4202; x_wconf 83' lang='lat' dir='ltr'><strong>lector</strong></span> <span class='ocrx_word' id='word_1_239' title='bbox 1196 4136 1566 4227; x_wconf 83' lang='lat' dir='ltr'><strong>perspiciet,</strong></span> <span class='ocrx_word' id='word_1_240' title='bbox 1609 4159 1746 4219; x_wconf 85' lang='lat' dir='ltr'><strong>esse</strong></span> <span class='ocrx_word' id='word_1_241' title='bbox 1778 4140 2052 4230; x_wconf 82' lang='lat' dir='ltr'><strong>hujusce</strong></span> <span class='ocrx_word' id='word_1_242' title='bbox 2078 4139 2264 4214; x_wconf 86' lang='lat' dir='ltr'><strong>dubii</strong></span> <span class='ocrx_word' id='word_1_243' title='bbox 2305 4136 2662 4207; x_wconf 77' lang='lat' dir='ltr'><strong>solutionem</strong></span> <span class='ocrx_word' id='word_1_244' title='bbox 2782 4154 2783 4167; x_wconf 59' lang='lat'>¹</span> 
     </span>
     <span class='ocr_line' id='line_1_34' title="bbox 410 4244 2666 4347; baseline 0.004 -38"><span class='ocrx_word' id='word_1_245' title='bbox 410 4244 753 4339; x_wconf 85' lang='lat' dir='ltr'><strong>ipsiusmet</strong></span> <span class='ocrx_word' id='word_1_246' title='bbox 823 4248 986 4317; x_wconf 88' lang='lat' dir='ltr'><strong>sedis</strong></span> <span class='ocrx_word' id='word_1_247' title='bbox 1040 4248 1430 4341; x_wconf 80' lang='lat' dir='ltr'><strong>Apostolicae</strong></span> <span class='ocrx_word' id='word_1_248' title='bbox 1480 4254 1730 4343; x_wconf 87' lang='lat' dir='ltr'><strong>judicio</strong></span> <span class='ocrx_word' id='word_1_249' title='bbox 1772 4262 1859 4345; x_wconf 21' lang='lat' dir='ltr'><strong>‘et</strong></span> <span class='ocrx_word' id='word_1_250' title='bbox 1910 4256 2274 4347; x_wconf 61' lang='lat' dir='ltr'><strong>prudentiae</strong></span> <span class='ocrx_word' id='word_1_251' title='bbox 2320 4253 2666 4339; x_wconf 85' lang='lat' dir='ltr'><strong>relinquen·</strong></span> 
     </span>
     <span class='ocr_line' id='line_1_35' title="bbox 410 4352 2666 4463; baseline 0.009 -38"><span class='ocrx_word' id='word_1_252' title='bbox 410 4358 603 4443; x_wconf 89' lang='lat' dir='ltr'><strong>dam;</strong></span> <span class='ocrx_word' id='word_1_253' title='bbox 664 4385 779 4431; x_wconf 88' lang='lat' dir='ltr'><strong>nec</strong></span> <span class='ocrx_word' id='word_1_254' title='bbox 838 4364 1063 4433; x_wconf 85' lang='lat' dir='ltr'><strong>decere</strong></span> <span class='ocrx_word' id='word_1_255' title='bbox 1114 4387 1153 4434; x_wconf 89' lang='lat' dir='ltr'><strong>a</strong></span> <span class='ocrx_word' id='word_1_256' title='bbox 1205 4368 1454 4456; x_wconf 87' lang='lat' dir='ltr'><strong>privato</strong></span> <span class='ocrx_word' id='word_1_257' title='bbox 1509 4371 1814 4461; x_wconf 87' lang='lat' dir='ltr'><strong>scriptore</strong></span> <span class='ocrx_word' id='word_1_258' title='bbox 1867 4373 2224 4463; x_wconf 86' lang='lat' dir='ltr'><strong>quidquam</strong></span> <span class='ocrx_word' id='word_1_259' title='bbox 2279 4352 2404 4440; x_wconf 83' lang='lat' dir='ltr'><strong>bac</strong></span> <span class='ocrx_word' id='word_1_260' title='bbox 2452 4366 2530 4437; x_wconf 85' lang='lat' dir='ltr'><strong>de</strong></span> <span class='ocrx_word' id='word_1_261' title='bbox 2581 4379 2666 4445; x_wconf 84' lang='lat' dir='ltr'><strong>re,</strong></span> 
     </span>
    </p>
   </div>
  </div>
 </body>
</html>
