2834 4959
425 343 550 399 174
989 347 1327 396 ΤΒΑΟΤΑΤῦΒ
1365 347 1445 394 DE
1484 347 1635 395 mma:
1680 345 2105 394 assummum.

418 471 758 556 essentiam
804 468 1110 538 referunt.
1165 467 1326 554 Hoc,
1383 469 1590 554 aiunt,
1636 467 1921 537 Ecclesia
1964 487 2181 535 carere
2232 468 2454 558 nequit
2469 495 2487 555 ;
2538 473 2697 560 quia
2793 553 2794 556 Ἴ

423 609 499 657 eo
575 586 908 656 deficiente
974 585 1116 674 ipsa
1167 583 1455 656 Ecclesia
1513 582 1833 664 deficeret,
1884 603 2035 673 quae
2082 589 2303 652 tamen
2354 604 2693 674 nunqnam
2793 625 2794 666 Τ

427 702 695 774 deficere
733 704 958 792 potest.
991 698 1145 768 Haec
1191 719 1310 788 ego
1367 719 1525 766 cum
1570 697 1969 781 resciverim,
2019 717 2152 765 non
2198 719 2237 766 a
2284 697 2694 768 Protestanti-
2793 783 2794 796 2

427 819 549 888 bus
585 821 700 887 aut
738 813 1139 897 Jansenistis,
1169 813 1280 882 sed
1310 833 1349 882 a
1393 812 1753 896 catholicis„
1791 813 1929 880 imo
1973 817 2037 880 et
2062 811 2509 883 ecclesiasticis
2541 815 2699 884 viris
2793 809 2794 894 ῗ

432 933 712 1004 dictitari
750 953 825 1000 ac
850 951 968 1021 pro
992 929 1396 999 inconcussis
1432 927 1714 1012 admitti,
1744 943 1881 996 non
1926 927 2041 996 ahs
2082 949 2152 996 re
2188 927 2326 999 fore
2358 928 2690 1000 arbitratus
2793 925 2794 974 ἶ

431 1073 578 1122 sum
599 1056 732 1120 tam
756 1048 1073 1118 absonum
1101 1065 1382 1113 errorem
1411 1044 1637 1134 paucis
1666 1042 1981 1113 refellere.

1464 1326 1513 1417 s,
1550 1325 1630 1392 11.

931 1547 1197 1601 Reselutur
1223 1559 1362 1600 error
1390 1548 1457 1599 de
1487 1547 1767 1600 necessario
1806 1545 2035 1600 saecular!
2054 1545 2201 1600 clero.

521 1747 710 1828 Quod
743 1748 1144 1818 necessarius
1169 1750 1276 1834 sit,
1323 1767 1444 1818 nec
1467 1768 1761 1838 unquam
1804 1749 1877 1816 in
1901 1746 2187 1818 Ecclesia
2212 1747 2479 1817 deficere
2500 1749 2703 1838 possit

439 1849 670 1948 clerus,
716 1869 890 1932 extra
939 1866 1358 1954 quaestionem
1385 1871 1504 1934 est.
1556 1862 2067 1932 Ecclesiasticam
2116 1863 2541 1932 hierarchiam
2582 1867 2699 1930 in-

435 1978 644 2046 stituit
666 1977 986 2063 Christus,
1013 1980 1386 2073 Episcopis,
1407 1980 1817 2072 presbyteris
1848 1986 1911 2048 et
1924 1980 2255 2048 ministris
2282 1987 2695 2064 constantem,

437 2100 632 2184 prout
670 2093 963 2163 definivit
1002 2094 1382 2164 Tridentina
1430 2097 1737 2185 synodus,
1772 2097 1933 2166 ltcm
1961 2097 2043 2165 ad
2072 2096 2365 2165 divinam
2410 2095 2695 2165 Ecclesiae

439 2207 910 2278 institutionem
944 2208 1218 2300 pertinet
1263 2217 1336 2277 ut
1380 2231 1419 2278 a
1460 2229 1772 2300 supremo
1813 2209 2095 2295 Pastore,
2120 2211 2364 2280 Christi
2410 2212 2483 2279 in
2522 2213 2693 2280 terris

439 2326 700 2410 vicario,
766 2332 1049 2418 regatur.
1116 2327 1419 2416 Cumque
1485 2328 1624 2396 haec
1690 2327 1934 2396 Christi
1994 2329 2311 2398 institutio
2358 2351 2567 2421 usque
2628 2327 2696 2396 acl

441 2440 644 2510 finem
681 2443 913 2512 mundi
953 2442 1036 2510 sit
1061 2441 1395 2524 duratura,
1446 2463 1565 2512 nec
1600 2442 1752 2513 ullis
1781 2465 2074 2534 unquam
2122 2445 2487 2514 inferorum
2514 2467 2695 2514 cona-

443 2554 620 2623 tibus
660 2557 1022 2641 evertenda,
1053 2557 1228 2626 haud
1272 2557 1547 2628 dubium
1576 2559 1742 2648 quin
1788 2579 2041 2651 semper
2068 2559 2359 2632 exstituri
2400 2561 2536 2630 sint
2566 2559 2699 2650 Epi-

448 2672 650 2762 scopi,
697 2669 1050 2762 presbyteri
1076 2678 1140 2740 et
1190 2673 1497 2742 ministri.
1534 2671 1814 2742 Proinde
1848 2694 1970 2743 nec
1995 2695 2294 2766 unquam
2334 2677 2405 2744 in
2434 2675 2698 2746 Ecclesia

451 2792 654 2877 potest
679 2786 888 2856 clerus
915 2787 1207 2858 deficere.

533 2902 620 2970 At
663 2903 931 2992 quaestio
967 2909 1082 2990 est,
1136 2924 1219 2971 an
1261 2923 1517 2973 necesse
1570 2904 1653 2972 sit
1692 2904 1952 2973 clerum
2007 2905 2401 2976 saecularem
2436 2929 2593 2979 esse.
2644 2907 2695 2974 ld

457 3020 748 3094 asserunt
803 3021 1170 3085 memoratae
1222 3017 1547 3108 opinionis
1586 3019 1860 3110 patroni.
1920 3017 1993 3090 ld
2046 3041 2165 3091 nos
2226 3043 2493 3114 prorsus
2539 3023 2697 3092 abso-

454 3147 616 3198 num
679 3130 976 3200 dicimus.
1067 3131 1536 3202 Contendimus
1612 3154 1847 3224 nempe
1918 3139 2119 3204 totam
2186 3143 2466 3227 perstare
2540 3159 2696 3230 posse

449 3243 750 3314 Ecclesiae
791 3247 1246 3336 integritatem,
1271 3247 1525 3316 etiamsi
1556 3249 1895 3317 universus
1920 3247 2146 3321 Clerus
2171 3253 2504 3342 reqularis
2534 3253 2691 3336 foret,

455 3363 517 3424 et
547 3357 772 3426 nullus
799 3361 871 3428 in
895 3360 1144 3430 mundo
1165 3360 1461 3432 existeret
1486 3361 1813 3434 saecularis
1840 3363 2137 3436 clericus.

541 3472 644 3542 Ad
713 3476 887 3563 quod
949 3477 1465 3572 patefaciendum
1531 3478 1663 3550 duo
1710 3480 2137 3572 requiruntur
2192 3490 2255 3552 et
2314 3482 2641 3554 sufficiunt
2682 3504 2695 3546 2

454 3588 518 3655 1ο
547 3595 624 3656 ut
666 3588 992 3678 regulares
1031 3593 1297 3682 possint,
1353 3615 1487 3664 non
1528 3597 1751 3665 minus
1795 3619 1993 3688 quam
2029 3596 2391 3688 saeculares,
2418 3600 2566 3670 fieri
2588 3596 2698 3664 dia-

449 3704 622 3790 coni,
688 3704 1067 3796 presbyteri,
1115 3706 1414 3800 Episcopi
1464 3716 1529 3779 et
1568 3709 1826 3781 Summi
1890 3713 2229 3784 Pontifices
2278 3739 2297 3784 ι
2342 3718 2414 3783 2⁰
2450 3723 2530 3784 ut
2574 3732 2697 3804 pro·
2793 3769 2794 3772 η

449 3822 593 3911 pria
619 3820 1004 3892 clericorum
1039 3821 1256 3893 officia
1282 3826 1505 3896 omnia
1532 3826 1781 3897 valeant
1816 3849 1855 3897 a
1891 3829 2311 3921 regularibus
2334 3831 2405 3899 in
2442 3826 2695 3902 Ecclesia

455 3935 716 4027 expleri.
765 3936 967 4028 Atqui
1005 3938 1148 4008 haec
1173 3939 1306 4010 duo
1347 3947 1523 4010 certa
1548 3949 1722 4012 sunt.
1766 3940 1847 4011 Et
1886 3945 1949 4012 1⁰
1993 3945 2281 4035 quidem,
2312 3965 2493 4037 posse
2522 3961 2691 4031 regn-
2793 4015 2794 4018 ,

317 4137 323 4144 .
462 4049 627 4119 lares
659 4052 731 4119 in
767 4052 1220 4139 subdiaconos,
1259 4055 1565 4125 diaconos
1601 4062 1663 4125 et
1710 4057 2108 4148 presbyteros
2144 4058 2457 4148 ordinari,
2504 4073 2691 4138 nemo,
2793 4035 2794 4080 ³

457 4160 587 4230 nisi
623 4171 838 4233 mente
887 4174 1133 4259 captus,
1187 4169 1438 4240 inficias
1506 4169 1647 4240 ibit.
1702 4169 1864 4241 Item
1914 4175 1996 4244 ad
2040 4173 2504 4266 Episcopatum
2539 4167 2691 4244 evehi
2793 4215 2794 4238 2

460 4298 640 4366 posse
681 4281 1042 4371 regularem
1093 4285 1564 4377 presbyterum,
1614 4289 1775 4380 quin
1815 4289 2100 4382 religiosi
2160 4303 2359 4368 status
2406 4291 2688 4368 conditio'·

457 4411 606 4463 nem
632 4396 901 4484 amittat,
932 4406 1104 4469 extra
1129 4405 1625 4474 controversiam
1665 4413 1781 4477 est.
