2834 4959
420 347 546 404 344
990 351 1329 399 meru-ns
1369 351 1449 398 nr:
1493 339 1643 398 nint
1688 348 2103 398 asumma.

421 477 576 546 tiam
620 493 756 542 non
795 471 1033 541 ferunt.
1065 470 1226 553 Quis
1253 493 1386 540 non
1428 469 1659 559 videat,
1684 461 1865 540 v'erbi
1896 467 2125 558 gratia,
2156 487 2265 537 eas
2294 469 2693 540 monialium

421 587 945 680 congregationes
1021 607 1168 677 quae
1250 585 1672 676 hospitalibus
1748 583 2166 653 deserviendo
2187 634 2207 667 ,
2291 605 2695 675 pauperesve

421 703 786 784 invisendo,
829 709 1002 771 tanto
1052 723 1206 772 cum
1263 703 1477 771 fructu
1530 703 1625 770 rei
1692 699 2023 773 catholicae
2091 698 2501 786 adlaborant,
2562 704 2693 792 ipso

421 821 588 890 facto
625 817 902 888 sublatas
947 817 1106 906 fore,
1158 817 1212 885 si
1257 817 1575 886 clausnroe
1612 815 2107 886 addicerentur?
2144 813 2309 884 Item
2362 819 2689 886 Sacratis-

421 937 577 1004 simi
625 933 854 1004 Cor-dis
905 931 1188 1015 Sorores,
1245 932 1530 1022 aliasque
1572 931 1831 1018 multas,
1880 930 2231 1000 educandis
2278 932 2523 1022 puellis
2568 941 2689 1002 tam

424 1051 596 1122 felici
647 1053 822 1120 exitu
873 1049 1344 1129 incumbentes,
1403 1049 1723 1118 clausurae
1772 1045 2102 1136 subjicias,
2152 1053 2217 1115 et
2262 1049 2407 1136 Jam
2483 1050 2581 1117 vel
2628 1072 2691 1118 ex

424 1167 559 1236 solo
607 1166 728 1236 isto
777 1164 1245 1257 impedimento
1295 1169 1621 1234 corruent.
1678 1163 1734 1230 Ii
1776 1163 1961 1232 enim
2016 1161 2399 1250 generaliter
2454 1187 2691 1256 praera·

423 1284 602 1352 luere
644 1303 882 1364 mores,
925 1287 1000 1350 ut
1040 1301 1172 1349 non
1217 1280 1539 1370 patiantur
1577 1283 1872 1369 parentes
1908 1277 2075 1346 filias
2120 1299 2269 1346 suas
2308 1281 2431 1348 sub
2494 1281 2685 1352 claus-

422 1397 510 1466 tri
553 1398 694 1487 lege
733 1394 1021 1465 educari.
1069 1393 1346 1467 Proinde
1384 1394 1510 1462 nisi
1563 1399 1793 1483 praesto
1838 1399 2050 1462 essent
2095 1395 2483 1464 monialium
2536 1419 2685 1467 con-

423 1518 649 1582 ventus
709 1533 746 1578 a
797 1510 970 1580 dicta
1017 1509 1334 1578 clausurae
1385 1509 1529 1597 lege
1588 1508 1851 1590 liberos,
1920 1508 2253 1578 saeculares
2310 1513 2672 1600 magistras,

423 1649 576 1698 curn
614 1627 860 1716 ingenti
889 1626 984 1694 rei
1005 1625 1333 1694 catholicae
1359 1625 1624 1703 damno,
1669 1645 1783 1711 pro
1810 1625 2217 1694 instituendis
2244 1625 2493 1696 filiabus
2543 1631 2681 1696 suis

428 1741 701 1812 adirent.
745 1741 918 1810 Hinc
957 1763 1154 1832 quam
1199 1744 1432 1810 merito
1468 1739 1647 1808 sedes
1692 1741 2083 1831 Apostolum,
2134 1742 2444 1832 ejusmodi
2484 1745 2685 1832 virgi-

430 1877 621 1942 num,
661 1855 1027 1926 clausuram
1064 1856 1243 1924 haud
1275 1856 1747 1947 profitentium,
1786 1855 2343 1944 congregationes,
2384 1877 2513 1925 non
2550 1863 2687 1924 tan-

433 1981 576 2042 tum
625 1971 889 2060 toleret,
957 1969 1068 2044 sed
1123 1971 1485 2060 majoribus
1560 1972 1627 2038 in
1698 1970 1835 2038 dies
1896 1969 2195 2040 laudibus
2248 1979 2313 2038 et
2378 1970 2685 2040 favoribus

431 2087 713 2175 benigne
762 2094 1204 2177 prosequatur,
1255 2088 1388 2176 ipse
1420 2087 1631 2176 palam
1676 2086 1829 2156 facit
1866 2092 2001 2155 tam
2046 2086 2199 2154 felix
2240 2095 2507 2176 tamque
2546 2109 2683 2154 con-

437 2208 611 2268 stans
647 2202 740 2268 rei
775 2202 1000 2270 exitus.
1037 2199 1110 2268 ln
1140 2199 1362 2270 Galliis
1406 2202 1759 2288 praesertim
1798 2201 1901 2270 vix
1922 2200 2052 2270 dici
2080 2207 2286 2292 potest
2324 2209 2565 2290 quanto
2588 2203 2683 2290 ju-

437 2314 686 2382 vamini
729 2316 794 2382 in
849 2315 1221 2404 reparandis
1271 2311 1608 2403 religionis
1648 2315 1975 2384 catholicae
2018 2318 2317 2406 jacturis,
2372 2337 2451 2385 ac
2492 2317 2679 2385 denuo

439 2428 770 2497 excitanda
814 2429 939 2498 fide
983 2449 1056 2498 ac
1098 2430 1352 2520 pietate,
1405 2430 1595 2498 dictae
1635 2431 2161 2522 congregationes
2206 2433 2482 2502 fuerint.
2536 2431 2675 2501 Cum

441 2565 597 2633 ergo
637 2544 824 2613 hodie
867 2544 1356 2635 pertimescendi
1403 2565 1538 2614 non
1578 2545 1709 2614 sint
1753 2547 1953 2638 prisci
1993 2547 2088 2617 illi
2134 2546 2379 2618 abusus
2428 2547 2539 2638 qui
2572 2545 2677 2632 legi
2788 2579 2790 2584 ·

440 2659 748 2730 clausurae
788 2660 1136 2748 adigendas
1177 2660 1489 2728 moniales
1530 2682 1758 2730 omnes
1802 2661 1964 2730 olim
2008 2668 2375 2744 suaserunt,
2422 2681 2677 2750 cumque

440 2775 698 2844 aliunde
769 2797 844 2844 ex
897 2775 1084 2844 dictis
1155 2775 1455 2845 clausura
1524 2777 1893 2846 carentibus
1950 2779 2339 2847 monialium
2400 2776 2676 2846 institutis

439 2897 608 2960 tanta
655 2889 974 2958 redundet
1013 2889 1278 2975 utilitas,
1333 2899 1408 2960 ut
1448 2913 1521 2959 ea
1566 2891 1745 2960 sedes
1796 2892 2161 2982 Apostolica
2204 2895 2415 2982 magis
2460 2895 2525 2961 in
2568 2891 2675 2960 dies
2786 2865 2788 2936 ἶ

345 3059 352 3066 .
445 3004 710 3076 fovenda
775 3015 838 3073 et
891 3005 1285 3074 extendenda
1350 3007 1705 3096 existimet,
1760 3006 1935 3076 haud
1992 3008 2147 3077 adeo
2200 3010 2447 3078 mirum
2494 3009 2670 3088 foret,

443 3121 601 3210 ipsis
632 3142 669 3188 a
709 3121 964 3210 prael'ata
1005 3120 1167 3191 Sede
1202 3122 1551 3211 aliquando
1586 3122 1850 3192 concedi
1890 3123 2235 3215 pretiosam
2284 3124 2463 3192 illam
2502 3127 2675 3190 status

445 3235 726 3324 religiosi
773 3237 1169 3323 coronidem,
1222 3246 1518 3307 votorum
1572 3238 2065 3309 solemnitatem.
2126 3238 2250 3308 Cui
2312 3235 2674 3308 concessioni

441 3347 656 3416 forsan
677 3351 1012 3442 hucusque
1030 3354 1295 3441 obstitit,
1321 3375 1451 3423 non
1482 3361 1611 3422 tam
1642 3354 1957 3423 clausurae
1978 3355 2287 3443 defectuS,
2320 3377 2507 3446 quam
2532 3373 2667 3443 pru-

2784 3223 2786 3301 ι

445 3463 750 3533 dentiales
773 3466 913 3535 aliae
937 3469 1238 3552 rationes,
1269 3489 1343 3537 ex
1371 3475 1549 3559 parte
1576 3468 2049 3557 guberniorum
2076 3476 2137 3538 et
2160 3471 2385 3560 legum
2410 3469 2667 3539 civilium
2782 3463 2784 3583 l

443 3577 819 3670 desumptae.
