2834 4959
383 260 507 317 468
910 264 1248 313 moruus
1293 262 1372 309 nn
1416 262 1565 309 acan
1595 263 2016 311 anonumum

390 390 595 453 «tum
632 382 825 451 etiam
875 378 1133 469 singula
1174 376 1560 447 monasteria
1610 398 1722 468 per
1761 399 1854 466 se,
1897 378 2001 447 vel
2045 400 2160 469 per
2207 378 2420 449 alium
2457 379 2624 448 abba-

388 522 423 563 «
454 502 583 567 tem
630 495 911 564 visitabit
960 519 975 561 :
1048 492 1514 563 monasterium
1572 512 1720 561 vero
1781 490 1860 561 B.
1913 490 2132 563 Μαι-ἰῶ
2183 491 2264 562 de
2309 489 2552 585 Trappa
2593 516 2624 563 a

388 640 421 677 «
449 618 729 703 quatuor
769 608 1107 681 abbatibus
1152 608 1692 677 monasteriorum
1734 605 2192 677 Melleariensis
2223 607 2334 697 (de
2371 608 2434 677 la
2471 606 2622 677 Meil-

388 755 422 795 «
448 726 666 817 leraie)
688 778 708 810 ‚
765 725 991 794 Portus
1028 723 1264 793 Salutis
1305 722 1417 815 (du
1475 720 1626 791 Port
1647 722 1756 791 ·du
1799 721 2038 811 Salut),
2075 721 2617 793 Bellotontanensis

388 872 421 911 α
452 843 552 935 (de
574 840 1085 930 Bellefontaine),
1111 845 1175 909 et
1198 837 1572 909 Gai-diensis
1601 836 1713 929 (du
1741 835 1942 927 Gard)
1971 838 2363 908 visitabitur.

474 986 509 1028 «
537 960 603 1028 δ’
634 956 793 1027 Tota
834 955 1244 1045 congregatio
1280 953 1578 1044 regulam
1617 952 1687 1021 S.
1739 952 2096 1036 Benedicti,
2135 961 2200 1022 et
2243 954 2618 1023 constitutio-

386 1102 419 1141 «
454 1096 561 1143 nes
608 1070 855 1141 abbatis
908 1070 987 1139 de
1046 1069 1262 1139 Rance
1318 1066 1708 1154 observabit,
1777 1068 1967 1137 salvis
2031 1066 2618 1160 praescriptionibus,

387 1216 419 1255 «
447 1210 591 1280 quoe
616 1188 739 1256 hoc
765 1186 1019 1255 decreto
1049 1182 1487 1254 continentur.

424 1322 432 1332 ·
472 1330 507 1367 «
536 1306 599 1371 7⁰
659 1301 928 1369 Pareant
972 1299 1222 1368 decreto
1290 1297 1820 1391 congregationis
1883 1296 1952 1368 S.
2035 1296 2305 1369 Rituum
2371 1300 2500 1370 diei
2551 1302 2619 1371 20

383 1444 416 1482 «
447 1414 667 1507 aprilis
712 1413 911 1503 1822,
943 1433 1137 1502 super
1174 1412 1438 1501 Rituali,
1479 1412 1742 1496 Missali,
1775 1412 2130 1499 Breviario,
2171 1422 2237 1483 et
2271 1412 2621 1505 Martyrolo-

388 1558 421 1593 «
453 1532 584 1621 gio,
612 1528 850 1617 quibus
874 1528 970 1596 uti
998 1526 1344 1596 debebunt.

472 1672 504 1712 «
536 1646 603 1714 8⁰
649 1642 860 1713 Labor
914 1663 1233 1712 manuum
1282 1642 1654 1713 ordinarius
1705 1644 1924 1715 aestivo
1978 1649 2258 1734 tempore
2311 1644 2479 1713 ultra
2525 1668 2627 1715 sex

388 1790 421 1827 α
448 1763 680 1849 horas;
736 1765 798 1829 et
861 1758 1029 1827 ultra
1085 1764 1362 1849 quatuor
1410 1765 1474 1827 et
1535 1758 1882 1828 dimidiam
1948 1758 2200 1850 reliquo
2269 1761 2426 1829 anni
2479 1766 2624 1829 tem-

379 1908 413 1945 «
446 1901 617 1970 pore·
653 1898 784 1946 non
852 1874 1267 1966 producatur.
1332 1873 1523 1956 Quod
1601 1897 1754 1944 vero
1828 1876 1908 1945 ad
1976 1875 2258 1966 jejunia,
2335 1880 2621 1967 precatio-

386 2024 420 2059 «
454 2014 590 2074 neat„
637 2000 699 2061 et
750 1999 1015 2059 cantum
1058 1989 1239 2059 chori
1290 1988 1586 2079 pertinet,
1643 1994 1754 2057 aut
1807 1986 1876 2059 S.
1937 1986 2271 2059 Benedicti
2328 1988 2618 2077 regulam,

386 2138 417 2172 (ι
446 2116 555 2177 aut
584 2106 1067 2175 constitutiones
1098 2102 1345 2172 abbatis
1370 2102 1452 2173 de
1478 2102 1691 2173 Ranae
1727 2126 1802 2173 ex
1831 2110 2084 2195 recepto
2113 2125 2298 2174 more
2323 2105 2622 2194 cujusque

377 2250 409 2288 «
444 2222 812 2289 monasterii
840 2222 1215 2309 sequantur.
1725 2237 1744 2247 “

468 2363 499 2403 α
528 2334 595 2404 9⁰
634 2334 791 2417 Quae
837 2333 1109 2402 articulo
1152 2338 1375 2401 octavo
1417 2332 1761 2403 constituta
1809 2338 1989 2421 sunt,
2033 2352 2110 2403 ea
2157 2335 2456 2424 praesides
2497 2355 2622 2404 mo-

380 2479 413 2516 «
444 2450 871 2519 nasteriorum
910 2446 1230 2518 moderari
1266 2448 1540 2539 possint,
1569 2454 1634 2517 et
1666 2450 1963 2541 mitigare
2003 2470 2123 2539 pro
2162 2450 2242 2521 iis
2281 2452 2619 2535 monachis,

380 2592 417 2632 «
445 2586 605 2655 quos
638 2562 722 2633 ob
754 2568 1032 2650 aetatem,
1065 2571 1177 2633 aut
1210 2560 1674 2650 valetudinem,
1714 2569 1826 2633 aut
1862 2563 2058 2634 aliam
2097 2566 2345 2657 justam
2383 2586 2624 2637 causam

388 2705 422 2743 «
452 2680 663 2767 aliqua
690 2677 1093 2766 indulgentia
1116 2677 1348 2767 dignos
1372 2679 1900 2749 existimaverint.

474 2820 509 2860 «
546 2792 651 2861 100
678 2792 989 2875 Quamvis
1030 2772 1413 2863 monasteria
1432 2793 1905 2886 Trappcnsium
1935 2818 1971 2865 a
1991 2796 2446 2888 jurisdictione
2481 2794 2623 2885 Epi-

387 2936 420 2976 «
452 2930 795 3001 scoporum
821 2916 1110 3001 exempta
1143 2910 1299 2988 sint,
1326 2930 1400 2978 ea
1447 2916 1660 2978 tamen
1699 2911 1784 2981 ob
1836 2914 2188 3002 peculiares
2241 2912 2537 2998 rationeS,
2571 2920 2624 2979 et

388 3052 419 3092 «
448 3026 651 3093 donec
692 3024 876 3093 aliter
910 3029 1247 3108 statuatur,
1288 3024 1726 3115 iurisdictioni
1759 3030 2138 3099 eorumdem
2179 3026 2624 3121 Episcoporum

392 3168 423 3209 «
454 3120 733 3223 subsint,
763 3140 878 3229 qui
906 3138 1255 3229 procedant
1278 3144 1584 3231 tanquam
1612 3142 1992 3235 Apostolicae
2015 3143 2182 3215 sedis
2209 3144 2494 3233 delegati.

467 3280 501 3319 «
536 3256 641 3322 11⁰
678 3253 985 3323 Moniales
1030 3252 1432 3346 Trappenses
1479 3258 1549 3326 in
1595 3256 1802 3349 Gallia
1847 3258 1928 3329 ad
1973 3259 2145 3331 hanc
2190 3258 2624 3349 congregatio-

383 3392 413 3433 «
448 3388 595 3435 nem
647 3370 1029 3459 pertineant,
1076 3375 1140 3438 et
1182 3392 1408 3440 earum
1465 3375 1852 3445 monasteria
1899 3396 1938 3445 a
1985 3374 2432 3467 jurisdictione
2473 3373 2622 3466 Epi-

376 3509 409 3548 «
440 3506 783 3574 scoporum
854 3506 983 3553 non
1056 3492 1252 3555 erunt
1321 3497 1614 3579 exempta
1663 3514 1680 3558 ε
1763 3510 1918 3559 cura
1995 3494 2218 3561 tamen
2287 3488 2620 3583 spiritualis

378 3626 411 3665 «
438 3602 953 3690 uniuscujusque
990 3603 1362 3672 monasterii
1400 3604 1792 3674 monialium
1827 3607 1973 3693 uni,
2011 3612 2126 3679 aut
2167 3608 2374 3700 alteri·
2403 3626 2618 3676 mona·

378 3737 410 3776 α
437 3712 557 3782 cho
594 3712 1004 3804 proximioris
1048 3718 1424 3787 monasterii
1475 3720 1940 3791 committatur.
1995 3720 2342 3793 Monachos
2387 3728 2616 3803 autem,

372 3852 407 3893 «
435 3848 598 3917 quos
638 3827 897 3897 idoneos
946 3830 1025 3896 ad
1084 3829 1248 3899 illud
1302 3852 1542 3903 munus
1587 3834 2046 3925 judicaverint,
2101 3834 2400 3928 Episcopi
2451 3833 2619 3904 dele-

370 3964 407 4005 «
437 3948 615 4029 gent,
646 3948 837 4031 atque
871 3943 1249 4034 approbent,
1282 3953 1347 4015 et
1374 3948 1792 4020 confessarios
1823 3950 2354 4021 extraordinarios
2387 3970 2419 4018 e
2452 3948 2624 4017 clero

372 4079 405 4121 (ι
433 4056 624 4123 etiam
661 4058 947 4127 saeculari
975 4060 1279 4153 deputare
1307 4071 1629 4155 poterunt.

460 4172 635 4241 «12⁰
688 4171 1207 4262 constitutiones,
1264 4202 1426 4271 quas
1487 4182 1800 4253 moniales
1865 4204 2118 4256 servare
2175 4186 2244 4255 in
2305 4188 2624 4279 posterum

370 4309 405 4349 α
432 4286 787 4370 debebunt,
812 4290 1059 4380 judicio
1086 4293 1156 4363 S.
1186 4292 1369 4365 Sedis
1392 4295 1842 4387 subjiciantur.
