2834 4959
1138 354 1291 404 rans
1338 334 1635 406 suenum.
2403 345 2524 404 231

326 479 429 550 lbi
478 481 701 567 aperte
746 476 903 546 dicit
942 474 1330 546 Benedictus
1370 477 1548 566 XIV,
1604 477 1684 549 ad
1735 477 2076 548 essentiam
2131 483 2329 546 status
2376 479 2532 548 reli-

230 599 397 690 giosi
452 592 739 685 requiri.
791 597 865 660 nt
916 592 1073 661 ordo
1130 613 1245 667 seu
1298 596 1562 664 societas
1603 616 1641 663 a
1681 594 1828 664 sede
1880 594 2252 685 Apostolica
2295 595 2532 664 confir-

230 719 455 782 metur
484 715 812 800 quatenus
839 717 1057 775 status
1090 707 1440 798 reliqiosus
1452 732 1480 792 ;
1519 729 1642 777 nec
1677 707 1976 778 sufficere
2017 709 2298 798 alicujus
2335 709 2536 779 socie-

232 830 387 898 tatis
420 827 727 895 virorum
768 829 881 892 aut
928 823 1285 894 mulierum
1332 825 1590 915 regulas
1645 847 1684 894 a
1725 825 1872 894 sede
1921 824 2286 916 Apostolica
2335 823 2535 894 fuisse

236 945 651 1035 approbatas,
712 946 789 1010 ut
830 941 1099 1010 societas
1146 940 1287 1010 haec
1332 946 1532 1010 status
1575 942 1860 1032 religiosi
1907 941 2250 1010 essentiam
2295 941 2533 1010 habere

242 1057 571 1130 censenda
614 1058 721 1124 sit.
772 1055 945 1146 Ergo
984 1055 1063 1124 ad
1108 1055 1233 1124 hoc
1277 1061 1353 1124 ut
1395 1077 1564 1126 nova
1599 1057 1864 1126 societas
1909 1057 1980 1124 in
2025 1063 2193 1125 statu
2231 1057 2530 1145 religioso

242 1175 700 1257 constituatur,
728 1172 1116 1241 existimavit
1148 1171 1532 1242 Benedictus
1559 1171 1716 1243 XIV
1753 1195 1886 1242 non
1921 1173 2220 1242 sufficere
2253 1173 2526 1264 simpli-

241 1313 383 1360 cem
414 1287 977 1380 apmobationem
1006 1287 1247 1378 regulae
1272 1307 1385 1356 seu
1416 1287 1716 1358 formulas
1741 1289 2024 1358 instituti
2052 1289 2228 1358 illius
2257 1291 2530 1358 societa-

240 1409 351 1492 tis,
380 1403 833 1496 quamtumvis
872 1403 1099 1494 regula
1142 1403 1258 1472 illa
1300 1405 1624 1474 contineat
1669 1413 1898 1474 caetera
1931 1405 2180 1494 omnia,
2211 1405 2298 1474 ad
2327 1411 2530 1474 status

230 1521 527 1613 religiosi
562 1521 886 1590 rationem
914 1520 1269 1588 necessaria
1297 1540 1316 1609 3
1350 1520 1460 1588 sed
1489 1521 1736 1611 requiri
1759 1523 2026 1612 insuper
2054 1529 2125 1590 ut
2151 1523 2328 1592 sedes
2355 1522 2530 1614 Apo-

216 1639 449 1708 stolica
480 1637 862 1704 societatem
890 1635 1063 1704 hanc
1090 1657 1385 1726 expresse
1412 1637 1488 1704 in
1511 1643 1770 1705 statam
1795 1637 2181 1730 reliqe’osum
2221 1639 2426 1727 erigat
2467 1642 2536 1706 et

224 1751 613 1854 confirmet.
662 1748 787 1818 llic
822 1749 1081 1818 videtur
1114 1769 1249 1818 esse
1292 1753 1830 1842 transcriptorum
1869 1752 2212 1821 clarissimi
2257 1751 2523 1821 Pontifi-

218 1871 319 1938 cis
352 1867 727 1937 verborum
762 1885 991 1934 sensus
1028 1865 1293 1952 obvius3
1335 1871 1400 1934 et
1430 1866 1625 1936 fateor
1673 1867 1911 1936 frustra
1951 1888 2057 1936 me
2102 1865 2422 1938 laborasse
2454 1871 2531 1936 ut

232 1983 313 2051 ad
340 1983 551 2051 alium
573 2004 649 2050 ea
680 1981 1157 2069 detorquerem.

310 2097 467 2168 Iam
498 2119 655 2166 vero
696 2095 823 2166 hoc
862 2115 1051 2166 sensu
1087 2093 1407 2165 intellecta
1444 2095 1688 2165 laudati
1725 2096 2054 2168 Pontificius
2089 2093 2304 2180 verba,
2355 2116 2526 2187 prae-

222 2213 487 2286 cedenti
538 2211 965 2304 propositioni
1014 2217 1231 2301 aperte
1272 2211 1722 2298 adversantur-3
1775 2217 1838 2282 et
1881 2217 2240 2282 consonant
2287 2233 2324 2280 e
2375 2231 2530 2280 con-

218 2339 315 2401 tra
361 2329 731 2400 Pelizzario
773 2325 1017 2416 etqaliis
1052 2327 1428 2413 canonistis,
1463 2350 1746 2420 quorum
1790 2328 2170 2420 opinionem
2218 2326 2344 2396 sub
2381 2346 2530 2417 pro-

216 2445 555 2537 positione
584 2441 799 2533 prima
828 2441 1313 2534 descripsimus,

316 2560 609 2648 Insuper
658 2577 734 2626 ex
776 2558 859 2626 iis
902 2557 1139 2643 verbiS‚
1183 2558 1277 2626 sic
1314 2557 1682 2643 intellectiS,
1733 2565 2108 2648 sequeretur
2159 2558 2525 2629 societatem

226 2675 420 2760 Jesu,
468 2679 807 2765 postquam
854 2693 891 2742 a
922 2672 1123 2742 Paulo
1163 2671 1249 2742 111
1286 2677 1349 2740 et
1392 2671 1426 2738 J
1434 2672 1566 2740 ulio
1611 2670 1702 2739 111
1743 2673 2089 2761 approbata
2121 2674 2268 2755 fuit,
2314 2695 2529 2742 essen-

230 2793 413 2861 tiam
460 2795 661 2860 status
705 2791 999 2882 religiosi
1046 2814 1180 2862 non
1229 2791 1569 2872 habuisse3
1631 2790 1954 2879 siquidem
1999 2798 2228 2860 neuter
2277 2813 2353 2858 ex
2399 2793 2530 2864 illis

232 2907 665 2980 Pontificibus
688 2929 832 2978 eam
866 2929 1153 2999 expresse
1190 2907 1389 2976 erexit
1427 2905 1504 2974 in
1543 2915 1798 2974 statum
1841 2904 2261 2996 reliqiosum,
2301 2911 2414 2975 aut
2454 2908 2529 2977 in

230 3023 639 3116 reliqionem
652 3046 683 3110 ,·
723 3025 831 3094 sed
868 3029 1140 3114 uterque
1176 3022 1546 3091 institutum
1594 3021 1756 3089 illud
1795 3019 2176 3112 simpliciter
2208 3020 2529 3112 approba-

222 3141 349 3226 vit,
380 3140 577 3209 nulla
606 3141 771 3208 facta
794 3141 1119 3209 mentione
1147 3149 1363 3206 status
1398 3137 1713 3227 reliqiosi,
1755 3137 1857 3205 vel
1883 3135 2254 3226 reliqionis‚
2281 3141 2394 3202 aut
2416 3157 2524 3205 re—

224 3258 463 3348 liqiosi
495 3255 751 3326 ordinis
790 3257 923 3325 sive
952 3255 1500 3347 conqreqationis.
1548 3253 1736 3335 Quod
1772 3259 1939 3321 certe
1984 3251 2240 3320 admitti
2276 3249 2528 3342 nequit,

226 3395 395 3446 cum
450 3379 715 3460 sanctus
762 3371 919 3441 Pius
974 3371 1040 3443 V
1104 3393 1391 3462 expresse
1450 3369 1892 3452 declaraverit,
1951 3368 2016 3436 vi
2074 3369 2530 3460 praedictarum

220 3489 818 3582 approbationum,
846 3488 1155 3580 sinqulas
1182 3485 1568 3578 hujusmodi
1591 3484 1936 3555 Societatis
1957 3507 2270 3574 personas
2295 3507 2444 3554 vere
2467 3495 2532 3552 et

213 3629 373 3675 non
402 3605 569 3696 ficte
596 3603 1043 3673 mendicantes
1063 3605 1305 3692 ποώδη
1322 3625 1452 3671 esse
1475 3613 1538 3670 et
1554 3603 1742 3692 sore;
1765 3613 1830 3669 et
1857 3601 2030 3668 inter
2059 3601 2344 3668 aliorum
2366 3598 2529 3667 reli-

212 3725 587 3814 qiosorum
616 3721 1147 3790 mendicantium
1174 3717 1436 3788 ordines
1464 3717 1934 3786 connumerari
1959 3713 2202 3783 debere.

324 3838 511 3918 Quid
564 3857 718 3929 ergo
770 3837 1296 3908 concludendum
1346 3836 1425 3904 de
1473 3834 1752 3925 praefatis
1800 3831 2136 3903 Benedicti
2183 3827 2340 3900 XIV
2395 3847 2537 3898 ver-

212 3951 398 4024 bis?
446 3951 821 4024 Notandum
868 3959 962 4024 est
1008 3955 1079 4022 in
1124 3973 1199 4022 eo
1250 3949 1722 4022 constitutionis
1771 3971 1904 4019 suae
1962 3949 2104 4017 loco
2151 3943 2534 4014 Pontificem

210 4091 379 4142 non
454 4068 754 4154 definire,
826 4069 939 4140 sed
1002 4065 1283 4138 rationes
1342 4063 1683 4151 deducere,
1761 4087 1908 4154 quae
1960 4081 2182 4130 veram
2259 4059 2536 4151 probent

207 4189 379 4278 Jam
407 4185 727 4276 prolatam
756 4185 1225 4255 definitionem.
1258 4183 1605 4252 Definierat
1625 4201 1864 4269 nempe
1888 4177 2180 4268 virqines
2216 4174 2535 4266 Anqliea-

212 4325 359 4372 nas
388 4324 533 4370 non
560 4325 693 4372 esse
732 4325 923 4372 veras
948 4301 1321 4394 reliqiosas.
1363 4298 1452 4368 Ut
1478 4303 1695 4367 autem
1733 4300 2138 4385 perspectum
2181 4291 2366 4361 faciat
2393 4310 2538 4360 rem

226 4419 335 4489 ita
408 4439 573 4506 esse,
639 4417 997 4510 theologice
1062 4418 1482 4490 ratiocinatur
1533 4420 1596 4484 et
1653 4412 1843 4482 citata
1897 4409 2092 4483 verba
2159 4407 2530 4501 subjungit.
