2834 4959
334 371 451 426 164
897 373 1235 421 TRAGTATUS
1275 372 1356 418 m:
1395 369 1547 417 mm:
1592 365 2009 415 assummum.

321 519 652 568 sacrarum
680 496 1020 586 virginum
1056 493 1178 563 sub
1219 490 1559 562 communi
1596 488 1821 578 regula
1872 489 2233 556 viventium
2270 485 2609 570 coenobia‚

322 633 474 682 cum
510 631 631 701 pax
671 615 734 677 et
769 606 1073 678 serenitas
1115 606 1414 676 Ecclesiae
1447 603 1569 674 sub
1606 602 2031 674 Constantino
2062 599 2300 691 Magno
2350 600 2601 670 illuxit.

320 729 438 798 Ast
493 747 646 795 eum
703 725 1117 796 confutarunt
1161 724 1303 792 viri
1373 717 1733 791 eruditione
1802 719 2313 810 praestantissimi
2336 743 2361 795 ,-
2427 718 2611 786 inter

315 863 474 933 quos
498 841 575 910 F.
615 841 698 908 A.
746 837 1108 910 Mondellus
1146 843 1209 906 et
1242 837 1325 906 A.
1381 835 1443 905 J.
1502 835 1847 904 Binterim.
1896 833 2134 903 Contra
2180 829 2609 902 Thomassini

309 957 622 1048 placitum
648 953 908 1024 adducit
941 953 1267 1022 Binterim
1292 951 1519 1020 locum
1546 951 1728 1018 hunc
1753 971 1831 1018 ex
1864 947 2027 1016 actis
2058 947 2327 1016 sinceris
2360 946 2435 1018 S.
2460 948 2607 1017 Bo-

307 1075 529 1143 niiacii
564 1070 890 1162 martyris,
915 1092 1089 1140 anno
1113 1069 1246 1138 290
1273 1069 1445 1160 passi
1478 1095 1495 1137 :
1544 1093 1583 1133 a
1616 1067 1809 1136 Beata
1842 1067 2083 1157 Aglaes
2116 1065 2611 1135 abrenuntiavit

313 1213 351 1254 a
397 1189 644 1256 mundo
694 1192 757 1255 et
801 1186 1058 1277 pompis
1101 1185 1269 1274 ejus,
1328 1181 1629 1250 universa
1682 1203 1832 1274 quae
1870 1181 2155 1252 habebat
2196 1178 2609 1248 distribuens

311 1324 350 1368 «
396 1303 640 1392 egenis.
703 1299 1015 1370 Relaxans
1069 1303 1288 1368 autem
1337 1304 1402 1366 et
1448 1297 1821 1365 universam
1876 1295 2191 1366 familiam
2244 1316 2434 1364 suam
2488 1296 2609 1364 di·-

309 1440 346 1481 α
389 1417 557 1486 versi
587 1437 777 1485 sexus
803 1422 867 1484 et
887 1415 1094 1486 aetatis
1120 1435 1160 1483 a
1180 1415 1345 1504 jugo
1374 1412 1725 1495 servitutis,
1758 1412 1855 1481 sic
1886 1433 2041 1481 cum
2075 1409 2301 1502 paucis
2329 1409 2599 1501 puelliS‚

308 1555 344 1598 <c
382 1553 540 1599 cum
572 1552 646 1600 ea
674 1528 1313 1613 abrenuntiantibuS,
1354 1525 1667 1595 famulata
1706 1534 1803 1596 est
1842 1525 2181 1596 Christo...
2224 1523 2609 1616 Super-vixit

309 1670 344 1709 «
383 1651 603 1714 autem
635 1643 709 1712 B.
742 1643 980 1734 Aglaes
1008 1645 1078 1711 in
1103 1641 1331 1712 babitu
1377 1640 1887 1710 sanctimonialis
1918 1658 2122 1708 annos
2164 1640 2493 1708 tredecim.
2551 1668 2592 1706 υ

302 1759 522 1850 (Apud
559 1758 903 1828 modernos
953 1755 1441 1836 BollandianOS‚
1491 1756 1562 1823 in
1606 1755 1797 1823 citato
1846 1775 2038 1846 opere
2082 1755 2389 1852 Examen
2429 1754 2607 1824 libri

297 1874 602 1944 Mariani
631 1873 1030 1955 Verhoeven,
1063 1893 1213 1965 pag.
1249 1872 1389 1963 47.)
1424 1870 1550 1940 Sed
1582 1868 1992 1940 Thomassini
2020 1871 2395 1960 opinionem
2420 1893 2605 1961 prae-

299 1990 486 2080 cipue
529 1989 883 2080 explodunt
931 1986 1298 2060 Mondellus
1353 1993 1416 2054 et
1469 1984 1822 2072 Binterim,
1878 2005 1957 2054 ex
2006 1984 2158 2053 actis
2200 1992 2439 2055 sanctae
2477 1983 2611 2055 Fe-

297 2103 544 2172 broniae
592 2104 890 2193 virginis,
924 2101 1212 2192 Sibapoli
1263 2122 1379 2170 seu
1432 2100 1647 2170 Nisibi
1683 2103 1751 2170 in
1788 2100 2251 2192 Mesopotamia
2287 2102 2609 2190 martyrio

300 2224 641 2304 coronatae,
687 2237 860 2286 anno
925 2217 1182 2288 circiter
1243 2215 1414 2300 3043
1479 2237 1628 2305 quae
1686 2217 2247 2308 acta·-conscripta
2312 2217 2503 2287 fuere
2574 2239 2611 2288 a

298 2329 655 2400 Thomaide
700 2330 1207 2418 sanctimoniali,
1255 2331 1509 2400 oculata
1563 2330 1861 2420 martyrii
1904 2335 2087 2413 teste,
2136 2333 2232 2400 uti
2278 2331 2611 2422 Papebro-

172 2506 180 2516 t
303 2445 450 2517 chio
476 2448 690 2515 visum
711 2451 831 2540 est,
859 2447 976 2538 qui
1003 2467 1078 2516 ea
1102 2467 1310 2537 graeee
1333 2451 1399 2514 et
1425 2445 1623 2516 latine
1649 2445 1940 2538 vulgavit
1964 2446 2160 2539 (Acta
2186 2459 2611 2530 sanctorum,

298 2562 474 2654 junii
502 2568 676 2630 tomo
712 2562 780 2648 5,
807 2583 954 2653 pag.
1012 2559 1144 2653 17).
1197 2561 1298 2632 En
1348 2559 1729 2630 Thomaidis
1772 2561 1967 2632 verba
2025 2588 2042 2631 :
2098 2587 2135 2628 ι(
2175 2561 2329 2635 Erat
2382 2571 2615 2632 autem

316 2703 350 2743 α
391 2678 462 2746 in
496 2678 740 2769 oppido
785 2677 899 2746 illo
967 2679 1439 2747 monasterium
1500 2677 1921 2766 feminarum,
1980 2676 2225 2748 habens
2270 2677 2619 2770 quinqua·

317 2819 353 2860 α
387 2795 566 2884 ginta
592 2792 915 2862 ascetrias.
947 2789 1066 2860 His
1093 2798 1366 2884 praeerat
1407 2792 1710 2882 quaedam
1760 2791 2028 2862 nomine
2082 2791 2359 2882 Bryene,
2412 2793 2625 2866 disci-

317 2937 352 2976 «
397 2911 549 3000 pula
574 2909 734 2978 olim
761 2907 1136 2993 Platonidi5‚
1167 2914 1314 2978 ante
1340 2929 1481 2976 eam
1537 2909 1887 2979 diaconatu
1932 2909 2197 2996 functae,
2253 2909 2458 2998 cujus
2492 2918 2619 2980 tra·

317 3047 352 3088 a
397 3024 706 3092 ditionem
751 3029 813 3092 et
859 3043 1176 3093 canonem
1225 3025 1309 3092 ad
1365 3022 1569 3093 finem
1638 3046 1843 3116 usque
1910 3025 2217 3116 praeclare
2298 3027 2610 3094 servavit.

323 3165 356 3206 κ
397 3137 570 3208 Talis
621 3158 812 3229 porro
860 3142 995 3206 erat
1037 3137 1263 3227 regula
1313 3137 1695 3208 Platonidis.
1743 3138 1937 3208 Feria
1980 3147 2155 3208 sexta
2204 3141 2373 3209 nulli
2426 3164 2619 3212 soro-

327 3279 363 3320 «
399 3273 549 3320 rum
579 3258 718 3320 erat
756 3249 1212 3340 laborandum,
1255 3251 1366 3322 sed
1424 3255 1496 3320 in
1550 3255 1829 3325 oratorio
1880 3255 2487 3346 congregabantur,
2550 3281 2619 3328 ac

329 3394 364 3433 «
407 3373 744 3459 postquam
767 3365 1140 3458 psalmodiae
1168 3388 1486 3437 canonem
1513 3369 1940 3457 absolverant,
1972 3369 2255 3442 Platonis
2280 3371 2621 3461 accipiens

333 3507 367 3550 α
411 3481 682 3566 librum,
751 3480 1078 3550 sororibus
1145 3481 1394 3573 legebat
1452 3483 1767 3554 divinitus
1833 3485 2177 3576 inspiratas
2244 3482 2621 3575 Scripturas

338 3623 374 3666 ε(
417 3599 496 3668 ad
543 3597 774 3666 horam
808 3617 1012 3688 usque
1055 3598 1334 3668 tertiam.
1377 3597 1529 3668 Post
1562 3602 1815 3670 tertiam
1851 3622 2002 3671 vero
2042 3602 2273 3670 horam
2320 3601 2627 3671 tradebat

339 3712 656 3782 «librum
732 3711 802 3782 in
879 3733 1114 3783 manus
1187 3711 1481 3803 Bryenae,
1551 3713 1789 3804 jubens
1833 3737 1987 3788 eam
2032 3715 2243 3806 legere
2284 3717 2625 3786 sororibus

344 3856 379 3898 α
415 3853 616 3920 usque
669 3828 751 3900 ad
792 3851 1148 3922 vesperam.
1217 3828 1533 3900 Similiter
1580 3832 1783 3922 igitur
1824 3830 2081 3923 Bryene
2124 3829 2421 3916 faciebat,
2484 3855 2623 3904 sus-

344 3971 382 4014 «
418 3951 599 4036 cepto
625 3947 992 4016 diaconatu.
1023 3943 1344 4016 Suberant
1367 3951 1588 4016 autem
1629 3947 1899 4038 Bryenae
1953 3947 2099 4018 duae
2149 3945 2409 4038 puellae,
2476 3969 2619 4038 quae

349 4085 384 4129 α
429 4061 512 4129 ab
540 4081 613 4129 ea
645 4069 814 4132 recte
847 4061 1294 4133 educabantur
1333 4068 1396 4130 et
1436 4062 1507 4130 in
1544 4064 1811 4134 ascetica
1840 4064 2259 4136 versabantur
2291 4061 2613 4154 palaestra.

349 4203 386 4246 et
430 4176 683 4247 Nomen
725 4178 846 4246 uni
896 4177 1118 4248 Procla
1165 4181 1229 4245 et
1279 4196 1522 4245 nomen
1572 4176 1759 4248 alteri
1813 4177 2155 4248 Febronia.
2205 4199 2241 4244 ι)
2296 4173 2616 4246 Narratur

343 4299 557 4384 postea
607 4293 958 4362 monachas
1008 4313 1237 4363 omnes
1289 4289 1561 4382 Bryenae
1618 4293 1933 4364 voluntati
1978 4299 2073 4366 et-
2102 4291 2408 4382 regimini
2456 4290 2615 4362 sub-

337 4411 539 4502 Jectas
574 4406 839 4476 omnino
873 4408 1090 4491 fuisse,
1121 4415 1185 4479 et
1209 4410 1447 4480 strictae
1474 4407 1790 4482 clausurae
1815 4413 1905 4482 ita
1936 4409 2245 4491 addictas,
2278 4413 2353 4477 ut
2381 4415 2615 4498 praeter
