2834 4959
1084 340 1237 389 PARS
1278 340 1540 399 QUAR‘M.
2318 338 2433 394 641

174 480 347 571 justa
404 492 537 542 non
600 470 686 539 sit
740 475 1061 559 quatenus
1102 466 1221 559 pro
1269 470 1407 538 foro
1457 474 1720 539 externo
1747 475 1998 539 tantum
2043 471 2190 541 lata.
2234 471 2332 543 Sit
2371 478 2444 545 in

178 590 550 681 exemplum
610 586 713 654 lex
755 604 901 673 quae
940 582 1067 652 sub
1118 585 1802 654 excommunicationis
1845 585 2036 676 poena
2077 587 2449 679 praeciperet

175 706 465 791 mulieri,
496 707 569 772 ut
595 702 734 769 viro
776 719 896 766 suo
926 698 1305 784 adhaereret,
1330 700 1631 789 quamvis
1661 699 1796 790 ipsa
1819 707 1988 768 certo
2016 702 2204 769 sciret
2234 703 2450 773 adesse

175 820 719 913 impedimentum
748 814 1087 899 dirimens,
1115 816 1289 904 quod
1338 814 1598 906 probari
1627 814 1852 905 nequit
1885 841 1901 884 ε
1949 817 2265 905 ejusmodi
2294 840 2456 909 proe-

179 944 469 1029 ceptum‚
497 938 815 1025 quatenus
857 931 1074 998 forum
1102 936 1434 1000 externum
1486 929 1860 1019 respiciam,
1891 950 2151 1021 aequum
2181 932 2453 1003 omnino

182 1058 315 1137 est;
357 1053 537 1143 quia,
570 1068 727 1117 cum
757 1048 835 1113 de
874 1045 1147 1113 occultis
1174 1045 1461 1115 Ecclesia
1489 1045 1783 1136 judicare
1809 1066 1939 1115 non
1977 1050 2199 1137 possit,
2225 1050 2456 1119 merito
2579 1092 2586 1103 ·

186 1172 255 1239 in
316 1168 443 1236 hoc
470 1186 623 1235 casu
665 1161 977 1254 praecipit,
1008 1167 1081 1229 ut
1111 1168 1367 1229 externe
1406 1162 1760 1252 judicetur,
1797 1163 2064 1252 perinde
2087 1186 2163 1233 ac
2207 1165 2263 1233 si
2307 1165 2460 1234 nul-

188 1285 327 1351 lum
364 1278 911 1370 impedimentum
955 1274 1269 1344 existeret.
1317 1277 1403 1344 At
1448 1297 1594 1344 vero
1627 1276 1799 1345 idem
1850 1284 2268 1369 praeceptum,
2305 1302 2462 1370 qua-

186 1407 375 1467 tenus
421 1393 714 1482 obligans
764 1392 832 1459 in
884 1389 1297 1471 conscientia,
1351 1392 1672 1479 injustum
1725 1392 1908 1461 foret.
1976 1392 2244 1482 Cogeret
2287 1397 2460 1463 enim

186 1512 529 1582 mulierem
577 1507 754 1576 illam
810 1506 891 1575 ad
946 1504 1325 1595 patrandam
1376 1506 1890 1596 fornicationem,
1923 1529 2078 1579 cum
2138 1531 2211 1580 ex
2256 1511 2462 1602 hypo-

190 1630 354 1698 thesi
403 1625 661 1696 nullum
702 1623 787 1691 sit
812 1622 1331 1690 matrimonium.
1366 1620 1544 1710 Ergo
1571 1622 1641 1690 in
1669 1622 1795 1691 hoc
1829 1646 1979 1692 casu
2013 1625 2196 1694 facile
2222 1633 2466 1695 constat

188 1748 584 1833 praeceptum
620 1737 785 1805 illud
825 1736 1198 1805 adhaerendi
1226 1736 1363 1804 viro
1394 1758 1513 1804 suo
1543 1738 1884 1805 mulierem
1913 1738 2084 1807 hanc
2113 1761 2244 1808 non
2271 1744 2462 1810 attin-

194 1879 371 1947 gere,
398 1855 523 1923 nisi
546 1852 759 1942 quoad
786 1852 1001 1919 forum
1029 1858 1388 1919 externum.
1423 1851 1506 1921 Et
1533 1854 1778 1941 quoties
1805 1854 2104 1922 similiter
2143 1860 2456 1925 constabit
2567 1894 2572 1899 -

196 1980 488 2067 aliquam
540 1976 751 2066 legem
792 1975 1097 2064 injustam
1146 1976 1305 2061 fore,
1336 1976 1392 2043 si
1445 1976 1526 2044 ad
1572 1978 2030 2045 conscientiam
2059 1981 2458 2069 extendatur,

216 2094 457 2159 merito
521 2090 940 2160 concludetur
988 2113 1131 2161 eam
1203 2112 1322 2181 pro
1398 2097 1660 2159 externo
1737 2092 2039 2161 duntaxat
2098 2094 2242 2161 soro
2269 2095 2464 2163 fuisse

187 2209 407 2277 latam.

278 2323 373 2391 At
412 2342 561 2389 vero
594 2321 650 2389 si
718 2322 843 2403 lex,
894 2323 1088 2390 etiam
1148 2322 1359 2412 quoad
1412 2322 1874 2391 conscientiam
1912 2322 2256 2411 intellecta,
2300 2323 2469 2394 nihil

190 2438 372 2518 mali,
402 2436 571 2505 nihil
612 2437 844 2527 injusti
881 2436 1192 2517 involvat,
1220 2437 1458 2506 absone
1502 2438 1680 2507 valor
1705 2440 1846 2529 ejus
1883 2438 1962 2504 ad
2015 2438 2228 2507 forum
2271 2444 2467 2507 exter-

186 2575 357 2623 num
409 2554 921 2641 restringeretur.
976 2548 1143 2628 Quia
1177 2556 1333 2616 tunc
1370 2554 1792 2620 restrictionis
1839 2554 2036 2643 hujus
2077 2554 2255 2623 nulla
2306 2555 2467 2623 ratio

186 2677 321 2755 est;
363 2676 425 2737 et
482 2672 669 2756 urget
722 2662 1125 2753 principium
1190 2661 1515 2750 generale,
1559 2666 1732 2751 quod
1790 2662 1960 2750 leges
2037 2667 2341 2735 humanoe
2397 2670 2464 2735 in

190 2784 587 2855 conscientia
633 2778 947 2866 obligent,
977 2773 1102 2842 nisi
1140 2774 1217 2841 de
1272 2775 1562 2863 ipsarum
1617 2774 1957 2864 injustitia,
1989 2788 2102 2844 aut
2145 2784 2464 2848 contraria

184 2896 567 2985 legislatoris
621 2899 835 2960 mente
878 2895 1141 2958 constet.

278 3010 655 3079 Paorosmo
684 3006 795 3077 V⁸.
826 3045 917 3058 -
952 3008 1066 3074 Ea:
1102 3002 1504 3096 praecedenti
1534 3003 1950 3073 conclusione
1989 3006 2286 3096 sequitur
2325 3027 2462 3074 cor-

182 3145 379 3191 ruere
408 3108 1041 3212 aliudpraecipuum
1064 3119 1407 3188 sententiae
1448 3118 1802 3187 contrariae
1843 3132 2335 3211 arqumentum.
2371 3156 2460 3171 -—

184 3238 407 3328 Hujus
438 3237 767 3304 sententiae
810 3236 1067 3325 patroni
1108 3241 1416 3325 tanquam
1449 3234 1766 3303 invictum
1809 3242 2270 3323 argumentum
2299 3236 2456 3304 alle-

180 3376 341 3447 gare
388 3354 591 3422 solent
640 3373 831 3442 supra
884 3353 1153 3419 citatum
1201 3350 1568 3441 exemplum
1613 3350 1931 3439 mulieris,
1973 3374 2117 3441 quae
2160 3354 2453 3444 jubetur,

180 3471 385 3539 etiam
424 3468 549 3537 sub
582 3466 1265 3535 excommunicationis
1298 3487 1512 3556 poena,
1541 3465 1864 3535 adhaerere
1903 3468 2043 3535 viro
2072 3490 2211 3555 suc,
2253 3475 2458 3537 stante

180 3581 505 3651 nullitate.
534 3579 958 3667 matrimonii,
995 3602 1195 3669 quam
1248 3579 1520 3670 probare
1565 3582 1810 3671 nequit.
1870 3582 2132 3651 Certum
2191 3591 2285 3650 est
2327 3603 2454 3651 non

178 3699 394 3767 teneri
424 3696 768 3765 mulierem
797 3694 968 3765 hanc
996 3671 1438 3786 illi'praecepto
1483 3695 1740 3766 obedire
1767 3720 1784 3781 3
1818 3698 1953 3767 imo
1980 3699 2187 3767 teneri
2214 3696 2292 3765 ad
2322 3720 2453 3766 non

180 3811 655 3897 obediendum,
684 3809 752 3892 id
780 3817 874 3878 est
905 3810 986 3878 ad
1014 3809 1474 3899 denegandum
1503 3808 1823 3896 debitum,
1855 3818 1918 3879 et
1951 3812 2028 3879 ad
2057 3812 2454 3881 tolerandam

186 3922 537 3995 humiliter
565 3924 1330 3994 excommunicationem.
1380 3922 1552 4014 Ergo
1579 3946 1616 3993 a
1669 3928 1834 4015 pari,
1869 3929 2200 4016 inquiunt,
2239 3926 2460 3996 decre-

186 4049 337 4111 tum
414 4036 898 4125 Tridentinum,
948 4039 1330 4130 praecipiens
1392 4038 1654 4108 nulliter
1710 4040 2034 4132 professis,
2091 4042 2457 4112 nullitatem

182 4154 465 4247 probare
515 4174 646 4223 non
684 4154 1075 4237 valentibus,
1104 4160 1178 4221 ut
1220 4160 1522 4223 maneant
1572 4154 1643 4221 in
1687 4155 2022 4245 religione,
2059 4158 2456 4226 censendum

190 4275 294 4341 est
320 4292 435 4361 pro
470 4270 609 4340 toro
636 4275 887 4339 tantum
916 4276 1176 4337 externo
1204 4268 1433 4338 latum.

276 4386 567 4475 Negatur
590 4388 861 4456 omnino
917 4386 1201 4477 paritast
1246 4384 1501 4454 namin
1541 4386 1738 4477 priori
1783 4408 1933 4457 casu
1981 4394 2222 4460 constat
2247 4391 2458 4484 legem

432 4510 479 4555 1.
2195 4514 2257 4563 ιι
