2834 4959
474 251 559 308 36
1045 261 1384 310 ΤΒΑΟΤΑΤΌδ
1430 262 1509 310 ΒΕ
1554 263 1703 312 sum-2
1749 263 2168 313 REGULAMUM.

481 409 516 451 «
549 381 992 452 obtinendam.
1022 408 1056 449 »
1101 384 1224 473 (De
1249 380 1615 472 Reliqt’one,
1646 387 1917 451 tractatu
1958 384 2026 469 7,
2055 383 2175 452 lib.
2210 384 2272 472 1,
2305 405 2364 454 c.
2403 385 2507 470 10,
2532 411 2593 458 n.
2624 390 2703 482 3.)
2772 393 2774 468 j

571 523 607 564 α
629 495 856 566 Dices:
893 518 1046 586 ergo
1073 517 1208 565 non
1237 501 1439 587 potest
1483 495 1633 587 quis
1671 517 1807 566 esse
1850 497 2171 588 perfectus
2216 498 2354 567 sine
2398 501 2705 592 virginita-
2773 525 2774 580 l

480 639 514 680 α
541 613 624 682 tis
663 620 776 682 aut
831 612 1220 704 paupertatis
1251 612 1677 698 observantia,
1733 613 1837 680 vel
1862 610 1988 681 alia
2016 612 2238 682 simili.
2301 611 2708 705 Respondetur

481 753 514 794 α
543 729 840 816 negando
895 727 1419 818 consequentiam
1456 753 1475 814 ;
1531 730 1683 818 quia
1737 749 1892 796 cum
1956 728 2235 798 dicimus
2286 729 2703 819 perfectionem
2773 709 2774 722 ἵ

475 870 512 910 α
540 844 868 914 charitatis
903 865 1036 916 non
1067 844 1318 933 acquiri
1344 843 1491 913 sine
1527 843 1953 930 observantia
1997 843 2443 925 consiliorum,
2470 867 2597 942 non
2627 870 2709 914 re-

475 985 510 1024 «
539 959 922 1048 stringimus
945 981 1308 1028 sermonem
1339 961 1415 1026 ad
1468 957 1579 1027 illa
1617 961 1744 1028 tria
1772 960 2155 1051 principalia
2192 961 2499 1050 consilia3
2526 963 2625 1032 sed
2650 964 2704 1030 in

474 1100 512 1141 α
541 1075 920 1143 universum
946 1073 1279 1164 loquimur
1321 1074 1400 1141 de
1450 1073 1756 1159 consiliis,
1780 1065 2190 1143 'includendo
2230 1075 2423 1143 etiam
2477 1088 2704 1145 omnem
2773 1055 2774 1102 ³

475 1216 510 1258 α
539 1189 812 1260 modum
869 1188 1208 1258 meliorem
1255 1189 1550 1258 servandi
1579 1197 1917 1279 praecepta,
1974 1211 2173 1278 quam
2231 1198 2611 1282 praeceptum
2650 1194 2705 1260 in
2773 1213 2774 1220 ¹

475 1334 511 1376 α
537 1311 751 1398 rigore
807 1299 1115 1398 requirat.
1171 1306 1250 1375 Et
1305 1309 1399 1376 sic
1445 1308 1802 1376 evidentior
1854 1315 1950 1378 est
2007 1311 2270 1379 assertio
2326 1334 2343 1394 ;
2412 1313 2559 1401 quia
2604 1313 2702 1380 nisi

473 1451 508 1491 α
539 1425 684 1514 quis
737 1424 980 1514 aliquid
1013 1423 1168 1492 boni
1201 1444 1332 1491 non
1391 1424 1694 1514 praecepti
1727 1423 1940 1510 faciat,
1996 1445 2127 1492 non
2184 1426 2413 1514 poterit
2454 1427 2705 1516 aliquam
2773 1489 2774 1524 ἶ

471 1564 506 1604 c<
538 1539 994 1630 perfectionem
1023 1538 1379 1625 charitatis,
1411 1546 1645 1630 praeter
1670 1539 2104 1624 essentialem,
2126 1539 2506 1609 obtinere.»
2548 1539 2704 1630 (Sua-

464 1673 590 1738 rez,
623 1651 894 1734 ibidem,
927 1673 994 1718 n.
1025 1652 1126 1742 4.)
1736 1667 1741 1672 ’
2773 1639 2774 1644 ¹

553 1763 762 1834 Potest
800 1771 1016 1834 autem
1057 1767 1407 1858 propositio
1426 1765 1518 1835 sic
1570 1766 1851 1836 breviter
1888 1766 2201 1858 probari:
2254 1767 2338 1836 ad
2388 1765 2708 1858 quemlibet

461 1887 702 1950 statum
758 1881 1168 1972 perfectionis
1227 1881 1611 1970 requiritur,
1666 1886 1738 1948 ut
1790 1879 2036 1971 aliquid
2091 1881 2253 1950 boni
2304 1879 2708 1974 peragendum

459 1993 752 2064 intendat
781 2002 1008 2084 praeter
1038 2002 1507 2086 praeceptorum
1532 1993 2007 2064 observantiam
2042 2017 2060 2077 ;
2094 1995 2207 2064 sed
2242 1998 2361 2085 qui
2390 1995 2561 2064 nulla
2580 2016 2710 2062 con-

461 2111 607 2178 silia
635 2110 1028 2190 observaret,
1058 2110 1153 2178 nil
1199 2110 1374 2178 aliud
1412 2117 1740 2199 perageret
1765 2111 1946 2196 boni,
1997 2115 2236 2202 praeter
2276 2121 2707 2205 praeceptorum

463 2223 984 2315 adimpletionem
1015 2247 1033 2307 ς
1087 2244 1240 2313 ergo
1268 2223 1339 2290 in
1369 2227 1534 2291 statu
1563 2224 1971 2314 perfectionis
2020 2246 2155 2294 non
2194 2233 2362 2296 esset
2398 2251 2415 2296 z
2460 2248 2604 2316 ergo
2648 2225 2707 2294 ad

461 2345 704 2407 statum
733 2335 1090 2425 quemlibet
1119 2335 1527 2428 perfectionis
1554 2336 1831 2427 alicujus
1858 2336 2084 2408 saltem
2113 2341 2379 2410 consilii
2408 2343 2711 2412 observan-

465 2455 552 2522 tia
588 2453 960 2542 requiritur.

555 2567 930 2638 Pnorosmo
962 2568 1064 2638 11⁸.
1095 2603 1186 2620 -·-
1211 2567 1324 2637 Ad
1341 2580 1595 2638 statum
1610 2567 2039 2660 perfectionis
2058 2573 2445 2642 exercendae
2482 2595 2607 2642 non
2640 2593 2713 2639 re-

465 2686 758 2779 quiritur
803 2686 1146 2756 consilium
1161 2688 1613 2778 paupertatis,
1672 2709 1789 2754 nec
1828 2686 2183 2756 consilium
2218 2689 2619 2760 obedzent-ioe.
2646 2725 2711 2741 --

465 2799 630 2871 Nam
655 2809 853 2870 status
880 2801 1286 2893 perfectionis
1309 2803 1677 2871 exercendae
1704 2804 2013 2894 supponit
2029 2805 2169 2892 jam
2190 2807 2577 2896 acquisitam
2603 2824 2713 2894 per-

465 2917 832 3002 fectionem,
875 2923 938 2986 et
980 2918 1058 2985 ad
1113 2918 1254 3008 ejus
1309 2917 1686 2986 exercitium
1740 2916 2100 2986 ordinatur.
2160 2918 2341 3013 Ergo
2392 2929 2587 2991 status
2632 2915 2715 2986 ille

463 3053 598 3100 non
645 3030 893 3122 indiget
920 3031 1148 3100 mediis
1177 3033 1253 3099 ad
1299 3033 1761 3122 acquirendam
1811 3033 2304 3124 perfectionem.
2342 3035 2543 3107 Porro
2594 3051 2714 3102 con-

463 3147 606 3216 silia
638 3149 1022 3240 paupertatis
1049 3155 1112 3215 et
1145 3147 1520 3216 obedientiae
1559 3169 1687 3216 non
1716 3155 1872 3216 sunt
1910 3150 2201 3237 consilia,
2252 3154 2387 3223 nisi
2435 3157 2716 3244 quatenus
2773 3231 2774 3238 ἵ

465 3267 620 3330 sunt
675 3264 887 3330 media
931 3263 1009 3330 ad
1053 3260 1511 3352 acquirendam
1542 3262 2026 3353 perfectionem.
2081 3262 2253 3334 Nam
2306 3269 2363 3336 si
2416 3267 2563 3359 quis
2606 3267 2715 3356 jam

465 3375 549 3444 sit
628 3375 965 3466 perfectuS,
1040 3378 1221 3468 parvi
1267 3377 1463 3445 refert
1530 3399 1683 3446 eum
1740 3377 1992 3448 divitias
2048 3382 2388 3471 possidere
2444 3383 2547 3452 vel
2589 3399 2713 3448 non.
2773 3453 2774 3480 ἶ

465 3487 635 3560 Cum
681 3491 886 3579 enim,
921 3513 1018 3588 ex·
1041 3492 1403 3582 hypothesi,
1459 3493 1787 3563 charitatis
1831 3494 2298 3584 perfectionem
2339 3497 2597 3582 habeat,
2646 3492 2721 3562 di·
2773 3549 2774 3586 ἒ

467 3605 649 3676 vitias
675 3605 916 3696 absque
958 3608 1094 3676 ullo
1117 3608 1348 3677 affectu
1378 3609 1657 3698 retinet3
1707 3612 1792 3678 ita
1838 3616 1912 3678 ut
1940 3632 2071 3680 non
2126 3615 2360 3684 minor
2402 3617 2486 3684 sit
2512 3615 2643 3703 ejus
2668 3608 2719 3674 in
2772 3611 2774 3648 3

463 3720 673 3791 Deum
722 3721 998 3791 charitas
1047 3743 1120 3790 ex
1155 3743 1230 3791 eo
1272 3723 1445 3813 quod
1486 3745 1591 3792 eas
1643 3731 1872 3814 servet,
1920 3747 2041 3794 nec
2072 3727 2293 3814 major
2338 3750 2419 3796 ex
2456 3749 2532 3798 eo
2582 3717 2725 3815 quod
2773 3779 2774 3784 1

466 3836 544 3905 iis
571 3859 704 3906 sese
734 3842 942 3905 exuat.
999 3835 1222 3918 Quoad
1266 3838 1482 3928 ipsum
1533 3838 1803 3929 proinde
1850 3838 2039 3908 realis
2082 3850 2443 3932 paupertas
2486 3863 2615 3912 non
2652 3843 2725 3906 est
2773 3901 2774 3908 t

462 3950 616 4040 quid
645 3951 1080 4022 necessarium
1108 3953 1186 4021 ad
1210 3953 1694 4044 perfectionem,
1713 3955 1823 4024 sed
1848 3956 2059 4046 potius
2088 3956 2509 4028 indifferens.
2540 3959 2724 4044 Atque
2773 3967 2774 4018 ἶ

463 4064 634 4132 idem
673 4067 1022 4136 dicendum
1073 4067 1152 4136 de
1199 4067 1474 4160 propriae
1504 4069 1819 4140 libertatis
1852 4073 2180 4151 exercitiO,
2216 4093 2341 4142 seu
2374 4074 2461 4144 de
2490 4067 2729 4144 consilio

459 4180 861 4263 obedientiae,
883 4188 958 4251 ut
987 4187 1176 4273 patet.

546 4291 628 4362 Et
677 4292 770 4362 sic
821 4294 1203 4385 intelligitur
1262 4295 1586 4384 quomodo
1632 4295 1928 4388 Episcopi
1976 4299 2209 4368 merito
2255 4299 2570 4371 dicantur
2618 4313 2731 4366 esse
