2834 4959
1082 327 1233 374 PARS
1274 329 1542 378 SECUNDA
1552 362 1566 378 .
2326 329 2448 384 949

200 477 233 517 α
260 449 617 530 Ordinarii,
690 467 829 516 non
888 453 983 517 est
1066 453 1424 518 necessaria
1477 451 1738 520 licentia
1809 450 2025 544 Papae,
2105 455 2212 524 sed
2300 463 2450 526 tan-

194 597 227 634 «
256 565 603 636 tummodo
634 565 881 632 servari
918 563 1107 632 debet
1132 564 1504 634 solemnitas
1556 568 2030 638 constitutionis
2067 568 2451 661 Clementis;

188 713 219 750 ι
250 691 315 753 et
358 683 453 751 ita
499 679 833 748 multoties
884 678 1015 746 vidi
1058 679 1492 750 observatum.
1555 680 1722 750 Nam
1777 683 2002 752 eadem
2049 705 2226 754 sacra
2283 685 2458 756 Con-

184 825 217 864 «
246 797 565 889 gregatio,
622 804 757 862 tam
808 815 915 863 me
982 793 1345 883 secretario,
1402 819 1604 886 quam
1655 801 1959 868 anteactis
2029 801 2451 890 temporibus,

188 943 225 980 «ι
252 913 493 982 multas
548 911 1089 980 monasteriorum
1163 912 1512 992 erectiones
1577 913 1874 1002 probavit
1948 915 2030 983 ab
2097 914 2456 986 ordinariis

196 1053 235 1093 «ι
260 1027 503 1116 absque
544 1023 803 1093 licentia
848 1025 1018 1093 sedis
1072 1024 1535 1116 Apostolicae...
1582 1025 1759 1107 Quin
1799 1028 1992 1096 etiam
2039 1029 2209 1098 hanc
2251 1031 2455 1099 facul·

196 1168 233 1209 α
270 1149 467 1210 tatem
506 1161 752 1210 novum
799 1140 1267 1208 monasterium
1316 1141 1609 1228 erigendi
1651 1163 1832 1210 sacra
1859 1141 2282 1234 Congregatio
2337 1167 2456 1216 nec

200 1283 237 1322 ιι
274 1257 607 1346 denegavit
630 1257 871 1324 vicario
900 1255 1187 1345 generali
1212 1253 1539 1347 Episcopi,
1576 1257 1654 1325 ad
1683 1259 1750 1325 id
1774 1258 2044 1348 speciale
2074 1260 2456 1329 mandatum

198 1399 235 1440 α
258 1372 543 1440 habenti.

282 1513 317 1554 «t
340 1491 676 1572 Quartum
726 1500 985 1578 tempus
1016 1495 1111 1556 est
1138 1487 1332 1556 bullae
1358 1489 1750 1558 sanctissimi
1786 1487 2051 1558 Domini
2089 1491 2292 1560 nostri
2346 1490 2456 1560 ln-

192 1627 225 1666 er
252 1603 539 1671 nocentii
574 1601 661 1690 X,
706 1624 850 1692 quae
896 1601 1131 1694 incipit
1158 1603 1644 1688 Instaurandae,
1683 1625 1786 1672 me
1823 1605 2161 1674 secretario
2209 1605 2456 1696 compi-

186 1745 217 1786 α
248 1719 523 1797 latae...,
568 1739 649 1786 ac
677 1716 1017 1808 publicatas
1070 1715 1159 1784 22
1214 1718 1488 1787 octobris
1539 1719 1735 1787 1652.
1795 1743 1831 1784 »
1893 1721 1990 1788 lbi
2031 1720 2294 1788 adducit
2339 1721 2458 1792 Fa—

184 1855 442 1923 gnanus
486 1834 688 1923 hujus
734 1832 929 1902 bullae
975 1837 1243 1915 textum,
1280 1853 1409 1924 quo
1460 1832 1840 1923 prohibetur
1885 1833 2186 1922 quaelibet
2227 1836 2460 1904 erectio

68 2039 79 2050 .
184 1943 901 2034 monasterii'virorum‚
952 1944 1103 2017 sive'
1134 1948 1680 2032 mendicantium,
1721 1949 1854 2016 sive
1894 1969 2026 2015 non
2067 1947 2456 2016 mendican-

186 2067 375 2147 tium,
427 2065 665 2154 absque
706 2064 965 2132 iicentia
1016 2065 1185 2132 sedis
1239 2063 1649 2154 Apostolicae.
1705 2061 1830 2131 Sed
1895 2062 2077 2131 bulla
2134 2062 2274 2130 haec
2325 2084 2457 2131 non
2515 2059 2526 2070 '

180 2181 469 2272 loquitur
522 2181 605 2250 de
654 2176 1076 2263 monialibus,
1132 2199 1253 2246 nec
1302 2179 1432 2246 lata
1485 2183 1577 2264 est
1647 2179 1773 2246 nisi
1828 2179 2038 2267 quoad
2093 2177 2340 2246 ltaliam
2398 2184 2460 2247 et

182 2298 545 2386 adjacentes
604 2295 873 2364 insulas.
956 2291 1053 2361 Ex
1120 2293 1361 2384 quibus
1421 2295 1926 2362 circumstantiis
1980 2296 2071 2362 sic
2129 2293 2458 2363 concludit

182 2409 577 2502 Fagnanus:
620 2433 655 2475 t(
680 2408 850 2489 Quia
876 2407 1017 2476 haec
1042 2407 1223 2476 bulla
1264 2408 1556 2498 loquitur
1585 2408 1667 2476 de
1705 2409 2104 2478 monasteriis
2135 2408 2453 2497 virorum,

186 2551 221 2591 ι
247 2533 311 2592 et
346 2525 653 2594 nondum
682 2543 931 2614 egressa
952 2529 1047 2592 est
1070 2524 1231 2592 fines
1264 2523 1466 2591 Italiae
1491 2529 1554 2590 et
1587 2524 1956 2593 insularum
1985 2523 2446 2614 adjacentium,

190 2666 225 2706 <a
262 2647 599 2732 propterea
656 2642 728 2710 in
781 2641 1177 2708 monasteriis
1220 2640 1628 2714 monialium,
1675 2643 1738 2705 et
1778 2640 1946 2705 ultra
1989 2649 2264 2726 monteS,
2311 2661 2450 2709 ser-

199 2787 235 2825 a
269 2759 459 2828 vabis
500 2765 635 2826 ante
660 2759 905 2828 dictam
930 2766 1299 2850 temporum
1341 2754 1820 2823 distinctionem
1855 2777 1873 2819 ε
1934 2776 2086 2822 nam
2117 2759 2289 2846 quod
2319 2779 2451 2826 non

200 2899 235 2938 α
268 2879 579 2959 mutatur,
607 2879 768 2942 stare
818 2895 953 2943 non
984 2872 1387 2964 prohibetur.
1433 2895 1468 2936 »
1513 2868 1607 2960 (In
1647 2891 1788 2959 cap.
1822 2869 1974 2938 Non
2019 2870 2341 2957 amplia&
2375 2869 2454 2939 de

200 2988 839 3079 Constitutzbnibus.)
2131 2967 2143 2979 '

274 3103 496 3172 Postea
522 3103 917 3194 fuse'probat
959 3101 1311 3190 Fagnanus
1352 3099 1496 3168 fieri
1542 3120 1671 3167 non
1701 3117 1882 3188 posse
1911 3096 2450 3163 monasteriorum

185 3221 532 3290 erectiones
552 3239 709 3288 cum
734 3219 870 3287 sola
893 3217 1155 3287 licentia
1182 3215 1409 3285 vicarii
1433 3215 1753 3305 generalis
1771 3211 2094 3303 Episcopi,
2115 3209 2240 3276 nisi
2270 3217 2454 3277 m'an-

192 3337 413 3406 datum
436 3335 713 3428 speciale
742 3336 821 3404 ad
867 3335 937 3403 id
958 3335 1209 3404 habeat.

278 3451 722 3525 Nihilominus
760 3451 1149 3519 contrariam
1188 3470 1323 3517 esse
1350 3450 1604 3538 praxim
1634 3443 1845 3537 quoad
1881 3465 2079 3513 novos
2113 3443 2456 3535 erigendos

133 3599 143 3608 ·
182 3568 593 3636 monialium
622 3572 973 3634 conventus
1016 3566 1248 3633 fatetur
1276 3563 1628 3651 Fagnanus
1656 3561 1748 3653 (in
1775 3560 1980 3648 capite
2009 3564 2251 3642 Grave,
2286 3555 2456 3624 tituli

184 3682 263 3752 de
287 3684 531 3774 Officio
568 3681 943 3768 ordinarii,
972 3678 1129 3748 libri
1164 3680 1194 3746 1
1222 3677 1680 3759 Decretalium,
1730 3697 1800 3745 n.
1834 3673 1970 3763 53),
2002 3675 2072 3740 in
2108 3673 2285 3738 hunc
2313 3689 2456 3737 mo-

184 3799 395 3866 dum:
439 3825 473 3868 α
500 3797 850 3868 consuevit
874 3795 1261 3888 quandoque
1300 3791 1612 3878 dubitari,
1644 3813 1726 3859 an
1757 3789 2092 3882 Episcopis
2114 3787 2302 3854 liceat
2343 3805 2458 3852 or·-

192 3939 231 3980 «
260 3913 513 3982 dinaria
560 3914 943 3982 auctoritate
996 3911 1464 3980 monasterium
1501 3905 1888 3976 monialium
1929 3906 2172 3992 erigere
2209 3900 2280 3968 in
2323 3899 2458 3966 vim

192 4053 227 4093 α
249 4026 416 4096 dicti
468 4029 689 4119 capitis
735 4027 803 4109 3,
842 4025 1143 4096 sessionis
1184 4024 1277 4092 25
1310 4023 1389 4092 de
1417 4019 1876 4111 Reyulan'bus.
1905 4017 2191 4087 Praetica
2221 4017 2340 4098 est,
2385 4017 2460 4079 ut

191 4167 228 4207 a
250 4140 603 4212 erectiones
672 4139 831 4210 fiant
880 4163 918 4209 a
999 4141 1145 4208 sede
1209 4137 1602 4230 Apostolica,
1655 4141 1800 4201 tum
1867 4135 2128 4222 propter
2193 4126 2472 4214 gratias,

194 4257 730 4349 «indulgentias,
779 4255 1121 4347 privilegia
1162 4259 1225 4324 et
1250 4253 1704 4343 exemptiones,
1755 4267 1899 4337 quae
1953 4243 2034 4314 ab
2098 4241 2211 4310 illa
2237 4242 2450 4330 impe-
