2834 4959
363 303 486 360 300
931 307 1269 356 immarus
1313 309 1393 356 ΒΕ
1434 309 1585 356 mu
1628 309 2043 357 menmium.

372 455 408 498 α
441 428 726 520 recipere
773 433 838 495 et
887 427 1052 512 loca,
1107 428 1483 520 ubicunque
1523 430 1761 498 dantur
1806 429 1890 498 ab
1934 430 2025 498 eis
2074 430 2189 519 qui
2238 429 2491 498 habent
2540 432 2649 521 jus

374 543 718 614 «liberum
755 542 951 612 dandi
987 544 1117 628 eis;
1163 544 1443 612 maxime
1480 565 1636 614 cum
1670 564 1789 634 per
1826 543 2045 612 sedem
2086 543 2536 634 Apostolicam
2570 544 2651 614 sit

373 687 408 730 ι(
439 660 613 730 Ordo
654 665 866 728 noster
905 657 1322 750 approbatus,
1355 664 1420 738 et
1464 657 1535 726 in
1580 657 1947 727 subsidium
1986 658 2367 728 animarum
2417 659 2491 727 in
2528 657 2649 727 Ec-

373 803 410 844 «
449 775 641 848 clesia
679 773 1058 856 destinatus,
1107 779 1169 841 et
1208 774 1334 842 hoc
1370 773 1625 842 bonum
1662 793 1780 862 per
1816 772 2099 841 aliorum
2150 773 2482 842 malitiam
2518 796 2645 842 non

379 918 414 958 α
439 891 667 962 debeat
702 889 1030 982 impediri.
1080 886 1151 958 Si
1193 883 1374 958 enim
1424 908 1767 979 nunquam
1806 887 2190 958 deberemus
2228 889 2487 958 morari
2530 890 2649 958 nisi

376 1008 520 1077 «de
563 1006 888 1076 voluntate
931 1005 1337 1090 clericorum,
1376 1004 1487 1072 vix
1522 1025 1821 1094 unquam
1869 1003 1941 1071 in
1990 1001 2274 1072 Ecclesia
2310 1024 2650 1093 possemus

377 1152 414 1196 α
445 1125 560 1196 diu
587 1124 834 1194 morari
853 1153 872 1213 3
903 1124 1064 1193 dum
1094 1146 1210 1217 per
1245 1146 1336 1209 se,
1383 1129 1495 1194 aut
1532 1123 1785 1192 incitati
1810 1141 1927 1213 per
1952 1123 2139 1205 alios,
2174 1123 2497 1216 ejicerent
2536 1145 2649 1192 nos

379 1268 412 1308 α
447 1241 527 1310 de
571 1239 894 1332 parochiis
939 1240 1074 1310 suis
1115 1241 1328 1330 potius
1379 1260 1581 1330 quam
1628 1236 1961 1308 beneficos
2005 1237 2107 1306 vel
2155 1236 2441 1308 Judaeos.
2500 1236 2650 1329 Epi·

381 1382 416 1424 «
453 1359 663 1446 scopis
697 1357 892 1424 etiam
932 1355 1186 1424 nullam
1232 1355 1506 1423 facimus
1546 1353 1886 1443 injuriam,
1930 1373 2083 1421 cum
2121 1372 2257 1420 non
2299 1373 2651 1442 gravemus

379 1497 416 1538 α
449 1491 558 1540 eos
629 1471 704 1538 in
771 1469 1015 1560 aliquo,
1095 1469 1206 1539 sed
1261 1471 1565 1558 Juvemus
1626 1466 2036 1560 praedicando
2113 1473 2175 1534 et
2248 1467 2650 1537 consulendo

381 1610 417 1651 α
445 1605 670 1654 eorum
737 1583 1008 1653 subditis
1079 1590 1153 1653 ut
1226 1584 1517 1653 devotius
1570 1581 1899 1661 obediant,
1968 1589 2032 1650 et
2093 1601 2252 1651 onus
2300 1583 2649 1671 regiminis

382 1725 417 1766 α
445 1720 671 1770 eorum
712 1705 888 1770 tanto
933 1699 1312 1790 portabilius
1353 1699 1466 1768 fiat
1510 1697 1628 1786 eis,
1660 1698 1739 1767 de
1784 1718 1915 1788 quo
1960 1698 2031 1766 in
2068 1697 2313 1788 judicio
2360 1703 2642 1768 extremo

383 1840 418 1880 α
449 1822 696 1907 oportet
749 1837 858 1884 eos
905 1815 1178 1886 reddere
1229 1815 1573 1884 rationem.
1626 1813 1697 1883 Si
1756 1819 1977 1882 autem
2042 1818 2257 1884 movet
2314 1833 2417 1882 eos
2466 1815 2642 1903 quod

379 1955 416 1998 α
449 1951 680 2001 sumus
733 1932 1010 2022 exempti
1068 1952 1104 2000 a
1157 1929 1611 2020 jurisdictione
1661 1930 1953 2020 ipsorum
2006 1929 2221 2018 quoad
2276 1949 2390 1996 nos
2448 1929 2645 2020 ipsos,

380 2073 415 2113 α
451 2054 609 2117 tunc
647 2069 681 2114 e
725 2067 1032 2117 converso
1071 2047 1486 2116 consolentur
1520 2047 1695 2137 quod
1737 2044 2068 2114 liberiores
2102 2049 2281 2125 sunt,
2313 2044 2495 2134 quod
2538 2065 2645 2134 pro

379 2184 413 2226 α
449 2159 640 2227 nobis
690 2181 823 2229 non
889 2167 1190 2230 tenentur
1243 2161 1507 2230 reddere
1571 2162 1933 2246 rationem3
1994 2167 2069 2230 ut
2118 2161 2199 2230 de
2248 2165 2475 2229 nostra
2528 2181 2645 2250 gu-

381 2298 418 2338 «
451 2273 825 2343 bernatione
879 2281 1100 2344 carent
1144 2276 1416 2361 honore,
1458 2275 1547 2344 ita
1600 2275 1731 2345 sint
1772 2276 1966 2346 liberi
2008 2297 2047 2346 a
2091 2274 2536 2346 sollicitudine
2586 2265 2645 2344 'et

387 2413 420 2455 ι(
451 2389 696 2474 labore,
737 2396 991 2483 excepta
1031 2390 1431 2483 providentia
1459 2391 1709 2481 pietatis
1748 2398 1811 2460 et
1854 2393 2023 2462 inter
2061 2413 2179 2460 nos
2210 2392 2280 2460 in
2312 2413 2459 2462 suae
2488 2393 2642 2484 pacis

387 2529 422 2568 ε(
450 2505 696 2574 unitate
745 2506 1070 2576 servanda.
1129 2506 1413 2578 Domino
1468 2509 1663 2575 etiam
1730 2513 1917 2577 terrae
1980 2506 2081 2576 vel
2136 2506 2307 2576 villae
2358 2527 2503 2578 non
2556 2507 2641 2576 fa-

383 2644 420 2684 «
455 2619 668 2688 cimus
697 2620 1036 2708 injuriam,
1067 2621 1123 2690 si
1149 2643 1226 2692 eo
1252 2620 1618 2691 inconsulto
1647 2623 2037 2713 quandoque
2062 2623 2267 2692 vocati
2294 2643 2333 2691 a
2360 2623 2633 2706 civibus,

379 2758 416 2799 α
445 2733 850 2806 mansionem
891 2736 1241 2828 recipimus
1269 2738 1340 2804 in
1375 2737 1554 2822 villa,
1594 2737 1708 2806 ubi
1746 2737 2031 2806 liberum
2072 2744 2232 2807 esset
2260 2738 2353 2807 eis
2390 2739 2479 2830 (si
2522 2738 2637 2806 vel·

387 2877 422 2916 α
449 2849 609 2940 lent)
673 2851 1000 2920 theatrum
1047 2852 1255 2922 facere
1312 2850 1419 2920 vel
1465 2853 1677 2922 locare
1728 2851 1765 2920 J
1770 2852 1985 2922 udaeos
2030 2851 2133 2920 vel
2181 2851 2399 2922 locum
2450 2853 2641 2922 relin-

387 2995 420 3034 ι(
444 2991 642 3060 quere
676 2992 993 3058 vacuum3
1045 2975 1198 3062 quia
1227 2972 1304 3041 de
1351 2975 1555 3065 ipsius
1590 2973 1779 3042 fundi
1820 2973 2211 3065 possessione
2246 2973 2344 3042 nil
2376 2973 2440 3041 ei
2492 2972 2641 3042 sub·

388 3112 422 3154 «
459 3087 805 3178 trahimus,
846 3110 968 3158 nec
1007 3089 1255 3179 aliquid
1287 3089 1691 3180 proprietatis
1722 3087 1910 3159 nobis
1944 3091 2025 3160 de
2048 3089 2161 3158 illo
2187 3089 2634 3167 vindicamus;

386 3227 422 3269 α
451 3204 730 3274 maxime
800 3226 956 3274 cum
1015 3204 1184 3274 cives
1241 3226 1461 3274 amore
1530 3211 1765 3274 nostrae
1820 3205 2346 3274 commorationis
2398 3202 2636 3272 ibidem

389 3341 424 3380 α
452 3316 717 3387 domino
763 3320 1111 3390 refundant
1155 3321 1447 3409 aliunde,
1495 3321 1549 3389 si
1584 3321 1744 3411 quid
1788 3321 1947 3390 forte
1982 3320 2063 3388 de
2106 3343 2253 3390 area
2282 3325 2500 3390 nostra
2538 3319 2639 3387 de-

389 3456 426 3497 «
455 3431 634 3502 beret
679 3454 932 3506 annuos
999 3457 1228 3507 census
1286 3437 1645 3528 percipere,
1706 3437 1762 3505 si
1815 3438 1982 3506 nolit
2032 3459 2152 3528 pro
2212 3436 2346 3506 Deo
2400 3457 2631 3505 carere.

391 3572 428 3612 α
452 3545 644 3631 Nam,
693 3549 748 3618 si
783 3551 976 3622 etiam
1005 3552 1406 3644 contingeret
1443 3573 1560 3622 nos
1588 3558 1735 3644 post
1773 3553 1913 3622 haec
1948 3573 1987 3622 a
2026 3552 2167 3622 loco
2204 3552 2465 3642 penitus
2514 3551 2634 3620 dis-

389 3665 702 3749 «cedere,
751 3687 872 3736 nec
907 3666 1330 3738 venderemus
1368 3689 1613 3748 aream,
1661 3689 1781 3738 nec
1832 3668 2027 3738 alicui
2068 3674 2315 3760 partem
2372 3665 2631 3736 tradere-

389 3801 424 3843 «
453 3801 642 3865 mus3
697 3782 832 3869 sed,
877 3783 1044 3852 sicut
1086 3804 1467 3852 concessum
1508 3789 1602 3851 est
1641 3783 1855 3868 nobis,
1902 3783 1995 3852 eis
2040 3784 2123 3852 ad
2160 3802 2325 3872 quos
2376 3779 2635 3872 pertinet

390 3919 425 3958 κ
467 3894 838 3966 dominium
901 3897 1441 3987 relinqueremus⁸
1508 3897 1733 3990 Ipsum
1780 3918 2041 3988 quoque
2100 3897 2455 3966 oratorium
2528 3911 2634 3962 no-

391 4034 426 4076 «
457 4017 662 4080 strum
704 4034 838 4083 non
883 4013 954 4082 fit
995 4015 1343 4106 parochiali
1393 4014 1678 4084 ecclesiae
1707 4015 2192 4104 praejudicium,
2242 4015 2313 4080 in
2356 4034 2489 4104 quo
2528 4027 2633 4077 nec

391 4150 427 4191 α
458 4124 806 4199 oblationes
844 4131 988 4220 ejus
1015 4130 1094 4200 ad
1125 4129 1383 4203 Missam
1415 4131 1839 4224 percipimus,
1884 4148 2007 4199 nec
2033 4127 2281 4218 aliquos
2322 4127 2630 4200 homines,

391 4265 427 4306 ι(
455 4240 537 4308 ab
581 4240 719 4334 ipsa
763 4246 951 4316 nobis
992 4248 1403 4326 attrahimus,
1446 4247 1611 4336 quin
1648 4245 1868 4315 omnia
1902 4247 2056 4334 jura
2102 4265 2221 4312 sua
2265 4243 2537 4312 vivente·
2576 4239 2635 4302 et

395 4379 430 4418 α
459 4359 699 4427 mortui
763 4361 1044 4432 ecelesiae
1101 4361 1456 4453 parochiali
1514 4359 1897 4452 persolvant.
1955 4358 2051 4430 De
2113 4358 2441 4452 sepultura
2498 4369 2631 4420 vero
