2834 4959
420 352 562 411 240.
746 329 751 338 ’
990 357 1329 405 ‘fuaemus
1376 357 1455 403 m:
1499 357 1649 403 sum:
1691 355 2110 402 assummum.

512 507 545 544 «
588 475 811 548 Unum
865 479 965 568 (ex
1020 478 1149 546 illis
1200 478 1493 568 judiciis)
1549 455 1696 560 ests
1745 476 1938 544 talem
2005 475 2276 544 modum
2337 478 2602 547 vivendi
2625 503 2698 550 ex

424 623 457 663 «
505 595 687 664 omni
745 601 923 685 parte
968 580 1313 663 honestum
1372 615 1532 678 esse,
1587 592 1886 680 nihilque
1949 598 2170 660 contra
2219 593 2420 662 bonos
2488 617 2698 666 mores

426 737 459 776 «
512 709 867 779 includere.
902 708 982 777 Et
1018 711 1087 777 in
1115 709 1237 777 hoc
1261 707 1700 776 certissimum
1737 719 1856 795 est,
1887 707 2024 776 imo
2073 705 2152 774 de
2173 706 2309 797 fide
2341 729 2480 777 esse
2519 711 2700 781 vide-

428 854 461 892 «
509 835 641 914 tur,
688 847 819 895 non
876 847 1057 916 posse
1104 823 1485 892 Pontificem
1526 843 1764 903 errare,
1810 819 2223 913 approbando
2271 822 2696 912 religionem

430 969 463 1008 «
516 940 809 1032 alioquin
862 940 1034 1008 mala
1085 961 1203 1030 pro
1258 939 1448 1007 bonis
1489 937 1900 1028 approbaret,
1966 938 2434 1028 induceretque
2491 941 2699 1011 fideles

436 1079 467 1118 «
528 1051 597 1118 in
622 1069 917 1118 errorem
947 1047 1139 1116 bonis
1182 1045 1478 1113 moribus
1523 1045 1918 1112 contrarium
1959 1069 1976 1111 ε
2025 1045 2177 1134 quia
2221 1045 2464 1134 quoda
2493 1046 2703 1117 Ponti·

437 1192 471 1234 «
521 1166 638 1236 fice
684 1163 754 1233 in
806 1185 937 1232 una
984 1161 1297 1252 religione
1350 1167 1422 1228 ut
1465 1160 1812 1230 honestum
1851 1159 2268 1251 approbatur,
2307 1160 2454 1230 fieri
2509 1170 2701 1253 potest

440 1309 471 1348 «
526 1304 562 1350 a
612 1280 904 1370 quolibet
959 1278 1244 1347 studioso
1284 1275 1494 1360 fideli,
1544 1275 1796 1344 etiamsi
1869 1275 2064 1344 talem
2119 1276 2508 1364 religionem
2578 1301 2694 1348 non

438 1425 470 1461 «
530 1396 930 1488 profiteatur,
974 1396 1029 1462 si
1084 1393 1345 1461 aliunde
1400 1392 1596 1460 statui
1660 1412 1780 1459 suo
1839 1411 1972 1460 non
2019 1398 2360 1482 repugnet.
2427 1393 2508 1462 Et
2569 1396 2698 1463 ideo

442 1537 473 1577 «
526 1511 705 1600 quod
756 1531 876 1598 pro
918 1529 1053 1576 una
1094 1509 1405 1597 religione
1459 1504 1874 1596 approbatur,
1925 1505 2004 1574 de
2041 1528 2108 1574 se
2132 1505 2442 1576 universae
2483 1509 2699 1578 Eccle-

442 1653 471 1688 «
531 1628 638 1692 siae
688 1626 1073 1716 proponitur
1118 1630 1191 1692 ut
1224 1623 1596 1706 honestum,
1649 1623 1783 1690 sive
1811 1621 2232 1710 credendum,
2263 1623 2389 1692 sive
2423 1645 2704 1715 operan-

443 1769 473 1804 «
530 1743 778 1811 dum...
810 1741 990 1810 Sicut
1014 1739 1415 1828 Augustinus
1447 1739 1629 1821 dixit,
1663 1736 1742 1805 de
1769 1760 1841 1805 eo
1863 1736 2045 1828 quod
2081 1739 2380 1806 universa
2409 1739 2702 1806 Ecclesia

441 1885 473 1922 «
519 1858 718 1946 facit,
752 1857 912 1948 quin
931 1857 1029 1923 ita
1060 1854 1446 1945 faciendum
1489 1855 1578 1922 sit
1614 1852 1984 1944 disputare,
2037 1853 2570 1922 insolentissimae
2613 1855 2706 1922 in-

442 2001 477 2040 «
522 1974 731 2042 sanioe
771 1995 930 2057 esse,
969 1974 1056 2040 ita
1084 1992 1204 2040 nos
1228 1972 1536 2054 dicimus,
1565 1970 1643 2038 de
1673 1969 1775 2037 his
1803 1991 1948 2058 quae
1975 1966 2266 2038 Pontifex
2305 1972 2380 2038 in
2409 1992 2542 2038 una
2568 1971 2702 2038 reli-

442 2117 473 2152 «
528 2092 719 2178 gione
748 2087 1061 2178 approbat
1088 2087 1401 2172 facienda,
1433 2065 1842 2154 dubitare-an
1873 2085 2140 2154 honesta
2166 2087 2320 2175 sint,
2353 2085 2696 2156 insolentis-

448 2229 481 2268 «
532 2204 712 2270 simae
738 2203 1011 2270 insaniae
1040 2223 1286 2270 essem.
2783 2287 2785 2294 Ι

542 2343 575 2382 «
620 2315 823 2385 Aliud
870 2315 1199 2406 judicium
1248 2321 1365 2398 est,
1419 2336 1548 2403 quo
1605 2313 1986 2400 declaratur,
2047 2315 2238 2385 talem
2305 2317 2580 2384 modum
2617 2316 2700 2380 vi·
2783 2323 2785 2465 i

446 2458 479 2494 «
536 2431 725 2499 vendi
782 2433 915 2499 suis
972 2431 1133 2498 votis
1160 2430 1521 2512 firmatum,
1576 2435 1638 2498 et
1684 2428 2014 2500 pontificia
2055 2431 2430 2500 auctoritate
2479 2431 2699 2500 admis-

448 2575 479 2610 «
530 2567 679 2614 sum
708 2551 770 2614 et
794 2543 1281 2634 confirmatum,
1330 2567 1466 2614 esse
1493 2566 1723 2614 verum
1753 2546 2134 2636 religiosum
2161 2553 2424 2648 statum.
2459 2547 2552 2615 Et
2573 2548 2696 2616 huic
2781 2587 2783 2600 ι

450 2691 481 2728 «
538 2667 735 2732 etiam
770 2663 1023 2753 judicio
1082 2685 1215 2731 nou
1270 2670 1474 2753 potest
1531 2663 1790 2734 subesse
1845 2663 2137 2734 salsitas:
2185 2671 2327 2733 tum
2357 2666 2548 2756 quia,
2573 2685 2696 2733 cum
2781 2605 2784 2747 Ι

446 2807 479 2842 «
530 2779 839 2868 requisita
880 2780 961 2848 de
998 2781 1148 2868 Jure
1172 2779 1397 2846 divino
1443 2779 1524 2847 ad
1561 2783 1804 2848 statum
1851 2778 2230 2868 religiosum
2279 2781 2410 2848 sint
2459 2789 2610 2850 nota
2645 2781 2700 2846 in

446 2921 479 2958 «
532 2893 843 2982 Ecclesia,
892 2916 1025 2964 uon
1082 2895 1296 2964 solum
1351 2901 1548 2980 certo,
1617 2895 1727 2962 sed
1799 2895 1994 2962 etiam
2039 2895 2366 2965 evidenter
2433 2903 2699 2964 constare

452 3035 484 3072 «
542 3015 763 3100 potest,
796 3031 881 3076 an
928 3011 994 3076 in
1039 3008 1153 3077 illo
1176 3015 1341 3076 statu
1380 3011 1790 3098 reperiantur
1823 3032 1840 3077 z
1869 3015 2014 3078 tum
2039 3011 2234 3080 etiam
2267 3012 2424 3101 quia
2445 3033 2552 3101 ea,
2577 3029 2699 3100 quae

454 3151 486 3190 α
534 3145 607 3192 ex
655 3130 833 3214 parte
874 3123 1177 3194 Ecclesiae
1226 3112 1584 3194 necessdria
1641 3145 1776 3194 esse
1821 3132 2092 3216 possunt
2135 3126 2217 3194 ad
2265 3126 2453 3194 talem
2481 3134 2702 3194 statum
2777 3187 2779 3198 ,

455 3265 487 3301 «
538 3239 1089 3320 constituendum,
1136 3239 1218 3306 ab
1246 3239 1520 3329 ipsomet
1549 3239 1974 3311 Pontifioe....
2022 3242 2436 3321 adhibentur,
2479 3248 2550 3309 et
2581 3241 2702 3308 ideo
2777 3201 2779 3311 i

458 3379 489 3414 α
538 3375 612 3420 ex
640 3375 715 3421 ea
764 3361 939 3444 parte
986 3375 1120 3422 non
1158 3360 1361 3444 potest
1404 3375 1588 3423 error
1629 3357 2000 3428 committi:
2045 3365 2188 3427 tum
2233 3358 2542 3448 denique,
2575 3355 2700 3445 quia
2775 3427 2777 3446 ἰ

456 3495 489 3534 «
540 3475 703 3536 esset
738 3467 879 3538 talis
907 3491 1083 3539 error
1128 3471 1530 3560 perniciosus
1561 3469 1882 3558 Ecclesiae,
1919 3479 1984 3542 et
2027 3473 2218 3543 bonis
2257 3473 2552 3542 moribus
2577 3491 2702 3540 oon·
2775 3451 2777 3593 Ι

456 3611 489 3650 «
538 3583 889 3656 trarius....

546 3727 581 3764 «
610 3697 781 3768 Hinc
808 3701 1126 3788 sequitur,
1158 3702 1229 3769 in
1258 3701 1371 3769 tali
1394 3703 1858 3794 approbatione
1895 3703 2076 3773 aliud
2118 3705 2450 3794 judicium
2483 3709 2699 3771 certum
2774 3769 2775 3772 ,

460 3841 491 3880 «
545 3815 813 3896 includi,
841 3815 1161 3884 nimirum
1186 3816 1379 3886 talem
1423 3817 1694 3888 modum
1723 3820 2011 3909 vivendi,
2046 3841 2162 3911 per
2185 3842 2252 3890 se
2283 3827 2630 3911 spectatum
2651 3819 2699 3879 et

460 3959 494 3997 «
544 3953 619 3999 ex
670 3932 733 4000 vi
786 3928 1088 4020 instituti,
1138 3953 1271 4000 esse
1318 3933 1542 4002 utilem
1595 3935 1675 4005 ad
1729 3934 2189 4027 perfectionem
2235 3934 2696 4025 acquirendam-

467 4071 497 4112 «
546 4047 711 4116 Nam
741 4047 865 4116 hoc
892 4045 1253 4116 includitur
1300 4050 1670 4118 in·essentia
1697 4052 1834 4120 veri
1863 4057 2062 4122 status
2082 4051 2366 4142 religiosi
2379 4103 2398 4130 ,
2431 4057 2502 4119 ut
2527 4063 2698 4136 supra

466 4193 501 4231 «
558 4171 887 4233 ostensum
915 4171 1030 4234 est.
1064 4189 1099 4232 >›
1132 4164 1518 4254 (SuaresiuS,
1555 4166 1700 4235 loco
1726 4170 1944 4253 citato,
1973 4190 2040 4236 n.
2084 4169 2190 4256 19,
2223 4168 2310 4236 20
2341 4175 2404 4238 et
2435 4165 2566 4255 21.)

552 4277 924 4348 Pnorosrno
952 4280 1055 4348 11⁸.
1112 4319 1199 4333 —
1253 4281 1652 4369 Infallibilis
1687 4284 1898 4352 etiam
1923 4283 2237 4354 dicendus
2283 4283 2538 4354 videtur
2583 4281 2702 4344 Ro-
2769 4317 2771 4376 {

464 4421 704 4467 met-nus
733 4400 1082 4489 Pontifex,
1132 4413 1459 4490 quatenus
1483 4401 1750 4520 judicat
1790 4418 2245 4498 opportunam
2289 4427 2420 4474 esse
2445 4396 2704 4486 alicujus
2770 4421 2771 4438 ¹
