2834 4959
366 276 492 337 610
928 282 1267 329 micui-us
1310 283 1391 329 nt
1433 282 1585 331 suns
1629 282 2046 329 anonumum.
2123 326 2138 339 ,

360 411 512 491 cita,
554 408 689 476 sive
717 426 833 496 pro
866 424 1155 495 expressa
1196 402 1369 493 (vide
1408 401 2006 493 Schmalzgrueber,
2055 401 2126 469 in
2166 402 2265 470 tit.
2311 404 2392 473 de
2415 410 2639 501 Requ-

364 522 651 607 lan‘bus,
680 543 749 592 n.
784 518 960 609 179).

358 676 388 723 ,ι
446 638 569 707 Illa
612 643 829 706 tamen
878 634 1193 725 generalis
1226 634 1460 703 solutio
1495 632 1846 705 nonnullas
1883 633 2322 723 difficultates,
2363 660 2504 729 quae
2535 642 2636 711 fa-

356 752 481 824 cile
508 754 715 823 menti
756 770 1096 821 occurrere
1122 756 1414 841 possunt,
1467 748 1641 819 haud
1667 748 1894 833 diluis,
1941 747 2038 819 De
2061 750 2146 819 iis
2191 750 2468 823 breviter
2503 756 2630 825 sub

356 868 775 959 sequentibus
800 866 1117 937 numeris,

446 975 495 1046 1.
526 980 633 1047 An
654 1000 879 1047 revera
900 974 1121 1045 valide
1146 976 1279 1068 fiat
1304 975 1624 1067 professio
1639 998 1766 1067 per
1805 979 2058 1045 nutus?
2082 1014 2176 1031 -
2213 1002 2252 1043 α
2277 977 2450 1048 Fieri
2485 1004 2635 1072 pro-

366 1118 401 1159 «
430 1094 617 1164 fessio
656 1098 858 1183 potest
894 1112 1029 1161 non
1065 1096 1320 1160 tantum
1360 1088 1602 1177 verbis,
1645 1089 1760 1158 sed
1799 1090 1992 1157 etiam
2027 1092 2322 1175 nutibus,
2371 1098 2449 1161 ut
2485 1118 2630 1186 pas-

364 1236 399 1276 «
426 1211 551 1279 sim
604 1211 889 1279 doctores
918 1208 1234 1297 colligunt
1256 1228 1331 1275 ex
1360 1206 1569 1297 capite
1597 1208 1988 1273 Por-rectum
2029 1206 2142 1295 (13
2171 1206 2254 1276 de
2284 1211 2633 1300 Requlori·

366 1352 401 1393 α
430 1325 597 1417 bus).
628 1350 663 1391 w
696 1324 1321 1417 (Schmalzgrueber,
1342 1324 1411 1391 in
1437 1323 1536 1390 tit.
1559 1320 1640 1389 de
1665 1319 2126 1411 hyalon-ibus,
2159 1345 2234 1391 n.
2273 1324 2452 1417 179.)

444 1440 528 1511 11.
562 1444 671 1509 An
706 1440 1042 1531 scriptura
1078 1438 1189 1507 vel
1210 1448 1403 1506 testes
1423 1434 1774 1506 necessarii
1793 1436 1980 1504 sint?
1999 1474 2090 1489 —-
2119 1462 2156 1503 «
2183 1436 2319 1507 Etsi
2343 1462 2632 1509 eonsue-

362 1580 396 1619 α
426 1552 579 1621 tudo
622 1552 995 1620 communis
1018 1550 1320 1621 Ecclesia
1354 1552 1462 1636 sit,
1495 1559 1569 1619 ut
1615 1553 1728 1621 fiat
1768 1553 1836 1621 in
1875 1552 2206 1643 scriptura,
2260 1574 2466 1642 eaque
2491 1577 2631 1645 pu-

362 1692 397 1733 «
424 1666 591 1735 blice
638 1688 717 1735 ex
774 1668 1015 1758 scripto
1078 1666 1336 1757 legatur
1386 1688 1610 1739 eoram
1665 1666 1938 1737 testibus
1984 1665 2462 1750 sufficientibuS‚
2535 1670 2630 1737 de

358 1807 395 1847 «ι
415 1784 564 1873 jure
614 1790 830 1853 tamen
876 1783 1220 1852 communi
1254 1802 1377 1853 nee
1416 1782 1767 1873 scriptura,
1817 1802 1934 1849 nec
1969 1786 2158 1851 testes
2205 1779 2632 1850 essentialiter

360 1922 394 1963 u
422 1897 766 1967 necessarii
826 1902 1005 1985 sunt,
1061 1918 1217 1966 cum
1282 1896 1586 1989 nuspiam
1644 1896 2064 1983 requirantur
2129 1895 2200 1963 in
2243 1896 2394 1985 jure
2455 1915 2634 1964 com-

358 2038 395 2079 «
422 2012 637 2083 muni.
678 2038 714 2081 ι»
768 2012 1396 2106 (Schmalzgrueber,
1451 2012 1594 2082 loeo
1644 2012 1859 2081 citato.
1914 2009 2086 2081 Vide
2139 2012 2344 2079 etiam
2401 2013 2638 2081 Suare-

348 2126 544 2211 sium,
576 2127 1049 2220 deReliqione‚
1082 2135 1239 2198 tom.
1268 2127 1416 2209 3,1.
1454 2127 1524 2215 6,
1553 2148 1616 2197 c.
1667 2126 1780 2209 12,
1813 2148 1880 2197 n.
1911 2126 2011 2219 2.)
2051 2124 2344 2196 Diximus
2367 2125 2634 2215 dejure

345 2230 725 2325 hommem&
752 2245 908 2333 quia
936 2244 1015 2312 de
1040 2247 1192 2332 jure
1230 2243 1610 2331 particulari
1640 2249 1910 2333 possunt
1951 2242 2094 2311 haec
2129 2242 2201 2311 in
2226 2243 2444 2333 aliqua
2475 2242 2638 2311 reli·

344 2358 535 2447 gione
568 2380 705 2429 esse
726 2358 808 2427 ad
827 2358 1109 2426 valorem
1136 2357 1546 2447 professionis
1571 2360 1949 2429 necessaria.

426 2472 536 2539 111.
564 2473 673 2540 An
694 2472 1031 2563 professio
1064 2471 1219 2561 fieri
1236 2471 1449 2563 possit
1469 2494 1596 2564 per
1631 2476 2192 2564 procuratorem?
2219 2506 2313 2525 —-
2333 2470 2632 2563 Respon-

340 2584 621 2655 dendum
661 2586 1035 2671 affimativa,
1073 2592 1312 2656 attento
1350 2590 1498 2675 jure
1539 2588 1878 2658 communi
1921 2613 1938 2658 ε
1991 2587 2058 2657 id
2105 2594 2324 2656 tamen
2351 2608 2482 2657 non
2517 2608 2633 2657 ex—

342 2700 517 2791 pedit
544 2700 717 2793 (vide
738 2702 1071 2771 laudatum
1094 2700 1694 2790 Schmalzgrueher,
1722 2702 1864 2771 loeo
1887 2702 2028 2786 cit„
2061 2724 2128 2769 n.
2171 2699 2352 2793 180).

430 2813 540 2886 lv.
603 2820 705 2887 An
728 2818 881 2908 fieri
902 2817 1119 2909 possit
1154 2816 1275 2885 sub
1300 2815 1675 2885 conditione
1692 2821 1730 2884 Ρ
1755 2855 1846 2869 -
1877 2816 2424 2909 Respondendum
2447 2816 2626 2886 affir-

342 2935 602 3015 mative,
642 2934 697 3001 si
742 2933 1025 3003 conditio
1051 2934 1134 3003 sit
1158 2932 1239 3001 de
1281 2930 1531 3018 tuturo,
1575 2939 1638 3002 et
1687 2932 2057 3005 substantiae
2105 2933 2391 3025 religiosi
2417 2939 2625 3003 status

346 3068 478 3117 non
520 3053 861 3139 repugnet.
908 3046 988 3115 Et
1029 3052 1213 3133 tunc,
1248 3047 1516 3137 impleta
1569 3048 1968 3134 conditione,
2023 3049 2332 3141 professio
2378 3048 2626 3139 absque

286 3246 293 3255 ι
342 3182 508 3231 novo
540 3184 855 3231 consensu
879 3163 1105 3231 transit
1123 3162 1194 3230 in
1214 3160 1574 3231 absolutam
1599 3163 1771 3253 (vide
1798 3164 1940 3233 loeo
1969 3164 2210 3257 citato).

429 3275 513 3341 V.
559 3279 669 3342 An
695 3276 1054 3343 necessario
1084 3274 1399 3366 facienda
1428 3276 1518 3343 sit
1545 3276 1616 3344 in
1635 3278 1906 3346 ecclesia
1924 3278 2030 3346 vel
2053 3277 2493 3347 monasterio?
2519 3312 2624 3329 —

344 3384 439 3456 De
476 3387 624 3479 jure
672 3390 1013 3458 communi
1058 3390 1197 3458 fieri
1227 3396 1432 3481 potest
1471 3389 1680 3459 valide
1729 3392 1799 3459 in
1841 3413 2238 3483 quocunque
2275 3392 2415 3461 loco
2439 3390 2626 3481 (vide

342 3502 743 3583 Suaresium,
773 3503 854 3573 de
885 3504 1248 3595 Reliqione,
1283 3513 1442 3574 tom.
1476 3504 1618 3594 3,1.
1654 3505 1720 3592 6,
1749 3528 1809 3577 c.
1860 3506 1967 3595 12,
1999 3530 2064 3575 n.
2112 3507 2252 3599 24).
2285 3508 2448 3579 Item
2473 3508 2622 3575 fieri

344 3622 545 3709 potest
598 3600 885 3707 quolibet
914 3624 1222 3709 tempore.
1270 3619 1348 3688 In
1395 3619 1572 3689 ltalia
1621 3626 1684 3690 et
1727 3620 2175 3709 adjacentibus
2222 3623 2460 3693 insulis
2495 3642 2622 3689 va·-

252 3724 267 3738 “
338 3730 468 3807 lide
514 3731 656 3802 fieri
701 3732 930 3821 nequit
963 3733 1093 3800 nisi
1137 3734 1207 3800 in
1259 3733 1682 3803 conventibus
1734 3734 2110 3825 designati5‚
2163 3736 2248 3805 ob
2317 3736 2621 3807 Clemen-

340 3848 419 3918 tis
446 3847 599 3919 Vlll
629 3849 905 3921 decreta.

428 3963 543 4035 Vl.
578 3968 686 4035 An
704 3964 929 4035 valide
946 3966 1101 4059 fieri
1114 3967 1333 4058 possit
1360 3965 1448 4036 ab
1479 3967 1798 4058 infirmo?
1819 4006 1912 4021 --
1949 3967 2386 4054 Affirmative3
2411 3968 2604 4037 etiam

344 4083 412 4149 in
463 4082 732 4153 articulo
779 4081 1029 4165 mortis,
1090 4082 1279 4151 modo
1344 4083 1650 4171 profitens
1703 4084 2034 4175 integrum
2103 4084 2421 4175 judicium
2477 4078 2618 4149 ha-

341 4196 508 4265 beat.

426 4312 487 4377 -V
494 4312 571 4378 11.
616 4278 851 4382 Valori
882 4316 1325 4405 professionis
1368 4338 1504 4386 non
1533 4316 1750 4387 obstat
1774 4318 1956 4410 quod
1975 4342 2125 4387 eam
2153 4330 2483 4411 acceptans
2503 4316 2616 4385 sit
