2834 4959
1009 311 1164 360 rans
1203 310 1469 372 oman.
2253 304 2377 364 533

61 433 170 502 ob
192 429 496 520 Gregorii
523 424 686 496 XlII
743 422 1304 511 constitutionem,
1352 443 1501 514 quae
1540 421 1623 490 iis
1668 421 1858 504 votis,
1904 422 2117 512 quoad
2154 427 2379 496 matri-

61 549 412 626 monium,
445 541 760 614 eumdem
779 537 1086 610 effectum
1121 539 1376 628 alligari
1399 537 1633 626 voluit,
1664 555 1737 606 ac
1758 535 1919 606 votis
1947 537 2371 614 solemnibus.

177 666 528 748 Quartum
555 655 870 726 dubium:
921 654 1028 722 An
1075 661 1400 724 transacto
1420 653 1739 736 bimestri,
1770 653 1825 720 si
1853 653 2147 722 nondum
2174 655 2369 728 fuerit

60 779 622 848 consummatum
659 769 1186 855 matrimonium,
1229 769 1433 860 possit
1456 767 1669 836 adhuc
1696 765 1838 836 fieri
1866 764 1948 836 ab
1993 767 2377 858 religionem

61 893 412 962 transitus
431 891 468 956 ‘i
491 925 584 940 --
633 881 1178 975 Respondendum
1227 881 1645 966 affirmative3
1700 905 1739 950 (ι
1766 881 1895 952 sive
1924 903 2141 968 causa,
2166 908 2371 976 quare

67 1033 112 1073 α
135 1009 685 1077 consummatum
729 1020 864 1069 non
919 1000 1002 1067 sit
1039 997 1567 1085 matrimonium,
1592 998 1791 1068 fuerit
1838 999 1995 1089 quia
2030 1000 2189 1070 alter
2212 1023 2377 1075 con-

71 1147 116 1188 «
141 1125 274 1212 jux
313 1141 441 1190 non
487 1118 694 1211 petiit,
741 1115 876 1184 sive
905 1114 1060 1205 quia
1089 1114 1274 1198 alter,
1307 1135 1463 1182 cum
1487 1113 1763 1204 petitum
1806 1113 1889 1182 ab
1940 1115 2081 1205 ipso
2120 1115 2369 1210 fuisset,

75 1262 120 1302 «t
157 1235 502 1326 negavit...
553 1231 722 1316 Quia
763 1230 882 1300 etsi
929 1233 1074 1320 post
1117 1228 1373 1320 lapsum
1427 1227 1735 1298 bimestre
1778 1228 2073 1300 debitum
2130 1253 2375 1323 negans

77 1379 122 1420 α
159 1341 432 1441 conjugi
457 1351 696 1440 peccet,
727 1348 842 1435 jus
879 1349 1097 1414 tamen
1133 1343 1545 1434 ingrediendi
1578 1343 1961 1434 religionem
1986 1345 2200 1415 adhuc
2219 1349 2373 1418 reti-

79 1493 120 1532 «
165 1470 303 1553 net,
363 1466 580 1553 utpote
634 1458 802 1550 quod
859 1458 1182 1539 Christus,
1245 1457 1491 1528 intuitu
1544 1459 1899 1552 religionis,
1972 1460 2363 1550 conjugibus

85 1609 126 1648 (ι
159 1579 456 1670 quandiu
481 1575 978 1646 matrimonium
1013 1573 1312 1642 nondum
1341 1580 1436 1642 est
1459 1580 2011 1661 consummatum,
2042 1574 2177 1644 sine
2189 1579 2363 1648 tem-

83 1721 128 1758 «
171 1695 346 1785 poris
407 1690 940 1761 determinatione
993 1688 1328 1758 concessit.
1386 1712 1423 1754 >³
1488 1688 2116 1786 (Schmalzgrueber,
2151 1689 2357 1781 injtit.

75 1809 168 1876 de
197 1806 631 1878 Conversione
661 1804 1196 1894 conjuqatorum,
1241 1826 1314 1872 n.
1351 1803 1448 1896 9.)

183 1924 516 2008 Quintum
545 1919 820 1990 dubium
844 1940 867 1987 .·
897 1917 1072 1988 Num
1098 1921 1597 1989 matrimonium
1620 1926 1837 1990 ratum
1866 1944 1979 2012 per
2004 1925 2371 2014 ingressum

69 2038 366 2107 alterius
421 2023 778 2124 conjugum
822 2034 896 2100 in
943 2032 1354 2124 religionem,
1399 2033 1786 2103 dissolvatur
1834 2036 2051 2106 statim
2083 2045 2223 2130 post
2248 2039 2367 2108 ad-

73 2159 470 2227 missionem
501 2156 640 2244 eJ‘us
688 2153 767 2222 ad
797 2153 1209 2238 novitiatum,
1240 2175 1326 2222 an
1366 2175 1521 2223 vero
1544 2154 1849 2224 duntaxat
1870 2161 2013 2246 post
2040 2159 2177 2247 ejus
2206 2180 2363 2249 pro·
2480 2183 2485 2190 ·

75 2265 479 2337 sessionem?
505 2301 596 2316 —
642 2264 907 2334 Certum
948 2270 1044 2333 est
1084 2287 1216 2335 non
1254 2265 1516 2334 dissolvi
1560 2267 1685 2336 nisi
1736 2289 1849 2359 per
1896 2269 2359 2359 professionem

75 2383 296 2450 valide
338 2382 642 2450 emissam
669 2378 838 2471 (vide
863 2381 1134 2449 citatum
1163 2385 1518 2469 auctorem,
1548 2380 1740 2468 ibid„
1768 2402 1839 2450 n.
1880 2383 1959 2451 17
1982 2389 2043 2452 et
2071 2384 2203 2473 18).

175 2496 476 2590 Dubium
517 2505 780 2564 sextum
805 2517 828 2563 .-
860 2493 966 2562 Au
985 2495 1249 2566 facultas
1275 2498 1651 2568 transeundi
1692 2496 1773 2566 ad
1808 2497 2191 2588 religionem
2220 2505 2361 2592 post

81 2613 583 2681 matrimonium
633 2619 875 2696 ratum,
935 2633 1069 2680 non
1109 2619 1660 2696 consummatum,
1706 2613 2123 2704 intelligenda
2157 2619 2353 2685 etiam

77 2731 168 2798 sit
197 2728 280 2796 de
309 2731 580 2798 transitu
605 2729 686 2796 ad
717 2729 1250 2818 congregationes
1276 2727 1633 2816 religiosaS,
1664 2727 1737 2795 in
1762 2729 2001 2818 quibus
2028 2731 2353 2820 simplicia

76 2845 404 2912 duntaxat
452 2849 592 2913 vota
617 2841 1052 2912 emittuntur?
1095 2881 1188 2896 --
1251 2839 1795 2932 Respondendum
1844 2843 2175 2932 negative3
2198 2849 2353 2916 ,tum

77 2961 240 3049 quia
262 2959 378 3028 ubi
413 2961 560 3049 jura
581 2961 944 3050 loquuntur
963 2960 1042 3029 de
1071 2961 1366 3048 ingressu
1389 2957 1463 3026 in
1491 2954 1895 3048 religionem,
1927 2955 2345 3045 intelligenda

77 3078 238 3143 sunt
271 3075 348 3144 de
367 3074 791 3164 religionibus
813 3073 929 3144 ubi
963 3073 1037 3143 fit
1065 3073 1370 3165 professio
1397 3095 1513 3165 per
1532 3071 1655 3140 tria
1680 3071 1991 3142 solemnia
2008 3075 2184 3154 vota3
2210 3076 2353 3140 tum

80 3188 246 3280 quia
276 3193 346 3258 in
390 3190 582 3260 dictis
605 3191 1240 3280 congregationibus,
1267 3191 1394 3259 hoc
1420 3190 1559 3281 ipso
1593 3187 1769 3278 quod
1794 3209 1926 3257 non
1952 3186 2231 3256 habeant
2252 3184 2347 3276 (ex

79 3303 456 3395 hypothesi)
488 3306 612 3374 nisi
653 3312 798 3375 vota
839 3305 1189 3398 simplicia,
1217 3327 1350 3376 non
1403 3305 1753 3376 solveretur
1796 3301 2200 3372 matrimonii
2230 3301 2353 3372 rati

83 3420 464 3503 vinculum3
499 3427 560 3488 et
587 3419 680 3488 sic
705 3421 899 3490 altera
936 3443 1083 3512 pars
1102 3423 1172 3490 in
1195 3420 1433 3490 saeculo
1454 3439 1821 3501 remanens,
1846 3438 2181 3507 nunquam
2212 3439 2357 3508 pos·

79 3540 180 3604 set
204 3535 384 3604 aliud
413 3538 912 3606 matrimonium
954 3537 1162 3605 valide
1193 3536 1594 3607 contrahere.
1630 3535 1827 3604 Porro
1856 3535 1967 3624 jus
1992 3531 2183 3602 babet
2213 3555 2359 3622 pars

79 3651 152 3719 in
177 3651 414 3722 saeculo
441 3673 808 3739 remanens,
863 3658 965 3741 ut,
999 3653 1100 3722 vel
1145 3651 1425 3722 solvatur
1448 3673 1565 3743 per
1596 3650 2053 3742 professionem
2087 3647 2347 3736 religio-

73 3787 220 3838 sam
251 3769 742 3840 matrimonium
781 3775 1216 3860 contractum,
1244 3767 1348 3840 vel
1373 3769 1610 3859 conjux
1638 3767 1719 3836 ad
1746 3786 1811 3834 se
1848 3764 2089 3834 redeat.

167 3882 346 3952 Hinc
373 3905 500 3954 non
538 3880 750 3978 posset
780 3885 972 3955 hodie
1011 3869 1276 3971 mulier,
1321 3891 1471 3977 post
1497 3881 1987 3952 matrimonium
2014 3897 2213 3948 suum
2252 3897 2358 3946 ra-

73 4003 218 4072 tum
247 4022 386 4099 non
438 4009 1001 4086 consummatum,
1044 4002 1303 4120 ingredi
1345 4004 1735 4072 conventum
1784 3996 2067 4088 aliquem
2098 3992 2351 4062 monia-
2438 4056 2443 4065 .

71 4115 244 4185 lium
271 4093 526 4204 Galliae,
586 4121 784 4188 etiam
831 4137 1056 4188 earum
1083 4134 1228 4208 qum
1264 4140 1340 4189 ex
1391 4117 1685 4186 instituto
1708 4133 1825 4184 suo
1858 4116 2000 4180 vota
2043 4108 2357 4180 solemnia

75 4228 368 4298 emittere
396 4230 732 4314 deberent;
771 4237 967 4321 prout
993 4236 1146 4300 suut
1195 4230 1669 4314 Carmelitanae,
1709 4220 2139 4294 Visitandinae
2168 4227 2227 4288 et
2269 4218 2356 4289 si-

75 4345 290 4434 miles.
326 4341 522 4432 Nam,
549 4352 625 4415 ut
651 4367 849 4438 supra
861 4345 1168 4434 vidimus,
1193 4344 1437 4437 pluries
1464 4365 1501 4414 a
1528 4342 1597 4412 S.
1635 4338 2119 4411 Poenitentiaria
2137 4333 2363 4406 decla-
