2834 4959
1121 385 1272 433 puts
1320 386 1581 443 oman.
2344 392 2465 451 643

185 503 416 596 effredi
452 516 518 573 et
575 502 670 571 ad
719 503 1040 573 soeculum
1084 504 1323 575 redire.
1352 544 1447 561 —-
1470 506 1636 578 Nam
1664 512 1810 581 ficte
1837 516 2167 606 profitens,
2204 524 2465 595 nullum

183 630 415 690 votum
439 620 708 703 emittit3
743 620 1016 710 proinde
1043 643 1116 689 ex
1155 624 1219 690 vi
1257 624 1386 692 voti
1432 625 1513 693 ad
1543 626 1709 696 nihil
1736 635 2013 702 tenetur.
2050 634 2333 707 Aliunde
2377 646 2469 710 ta-

181 758 368 822 men,
409 736 495 806 ob
533 733 829 805 scandala
855 741 918 803 et
953 734 1326 806 animarum
1369 740 1756 813 detrimenta
1800 767 1945 836 quae
1988 750 2465 844 contingerent,

177 853 243 920 si
273 857 486 941 posset
521 850 693 941 quiS,
725 848 1053 919 fictionem
1099 851 1169 918 in
1198 853 1597 944 professione
1639 861 1999 944 asserendo,
2036 866 2117 933 ad
2154 871 2465 943 saeculum

179 965 429 1046 redire,
461 963 776 1033 censenda
799 970 895 1033 est
929 964 1211 1035 Ecclesia
1238 973 1750 1058 permanentiam
1788 976 1859 1045 in
1896 979 2207 1070 religione
2236 989 2467 1076 praeci·

181 1099 368 1169 pere,
402 1075 608 1146 donec
653 1077 827 1145 fictio
855 1076 1204 1168 probetur3
1241 1087 1432 1173 prout
1474 1093 1539 1151 et
1573 1091 2089 1177 permanentiam
2127 1096 2193 1164 in
2242 1101 2466 1169 matri-

183 1188 415 1262 monio
431 1193 730 1283 praecipit
741 1193 800 1261 ei
817 1194 932 1282 qui
951 1192 1273 1263 desectum
1294 1219 1643 1270 consensus
1654 1204 1927 1294 probare
1942 1215 2187 1301 nequit.
2209 1212 2468 1285 Utram-

183 1331 319 1399 que
346 1314 566 1375 autem
595 1309 1046 1399 propositionis
1093 1318 1336 1400 partem
1366 1336 1590 1383 veram
1633 1323 1978 1393 ostendunt
2012 1329 2206 1398 verba
2233 1331 2397 1417 haec,
2433 1354 2471 1403 e

201 1424 530 1492 Thesauro
557 1423 1037 1493 resolutionum
1065 1426 1162 1516 (in
1191 1432 1485 1519 Astomi,
1516 1434 1603 1501 28
1622 1434 1929 1509 februarii
1970 1443 2049 1511 17
2056 1444 2167 1527 43,
2201 1452 2375 1517 tomo
2394 1448 2467 1533 9,

193 1562 342 1630 pag.
387 1539 500 1626 24,
534 1538 684 1609 edit.
724 1540 942 1611 Romae
977 1541 1179 1634 1743)
1211 1545 1545 1638 desumpta
1580 1576 1595 1618 ε

287 1678 324 1717 α
360 1652 543 1723 Licet
577 1654 912 1745 religiosus
942 1658 1058 1745 qui
1105 1658 1402 1728 simulato
1448 1664 1671 1733 animo
1719 1668 2180 1756 professionem
2228 1676 2471 1757 emisit,

199 1769 448 1838 «illius
501 1771 766 1839 vinculo
819 1772 1098 1842 minime
1145 1774 1611 1867 obstringatur,
1656 1784 1839 1870 juxta
1883 1806 2205 1876 expressos
2259 1798 2465 1860 textus

200 1912 236 1951 <t
275 1886 374 1975 (in
403 1905 643 1954 canone
672 1890 994 1973 Praesens,
1025 1889 1136 1973 20,
1163 1914 1229 1980 q.
1263 1890 1302 1960 3
1334 1918 1351 1975 ;
1388 1893 1459 1963 in
1492 1915 1737 1964 canone
1789 1899 1982 1981 Quod
2009 1902 2469 1995 interroqasti,

203 2024 242 2065 α
281 1998 565 2066 distinct.
601 1996 720 2082 273
762 2001 832 2068 in
857 2004 1060 2094 capite
1111 2004 1338 2092 Vidua,
1370 2006 1450 2077 de
1472 2010 1961 2103 Reqularibus),
1999 2024 2061 2083 et
2091 2018 2351 2088 tradunt
2373 2020 2467 2115 ibi

205 2140 240 2180 α
273 2116 712 2185 communiter
736 2121 1122 2204 canonistae3
1153 2126 1378 2213 nequit
1407 2125 1516 2195 ille
1558 2136 1771 2197 tamen
1798 2152 1835 2199 e
1861 2132 2168 2223 religione
2212 2139 2465 2227 egredi,

201 2256 238 2294 «
273 2252 348 2300 ac
403 2232 744 2323 pristinam
796 2235 1080 2307 obtinere
1144 2239 1533 2329 libertatem,
1596 2246 1723 2315 nisi
1772 2256 2073 2319 assertam
2140 2252 2467 2325 fictionem

199 2372 236 2411 α
273 2354 333 2415 et
425 2350 910 2421 simulationem
998 2355 1487 2446 probationibus
1583 2363 2011 2455 undequaque
2084 2371 2467 2459 urgentibus
2548 2442 2559 2455 ,

198 2488 234 2527 α
262 2466 577 2551 ostendat,
609 2488 882 2558 eamque
931 2470 1128 2539 etiam
1187 2472 1411 2542 doceat
1465 2497 1541 2547 ex
1594 2478 1771 2567 justa
1818 2502 1893 2548 ac
1956 2481 2223 2551 honesta
2276 2504 2469 2557 causa

195 2607 232 2647 α
263 2581 668 2673 processisse,
699 2583 1062 2653 secundum
1103 2606 1178 2654 ea
1218 2609 1362 2676 quae
1409 2590 1481 2656 in
1514 2594 1803 2661 terminis
1852 2604 2076 2666 notant
2116 2599 2477 2672 Turrecre-
2582 2586 2587 2593 ⁶

196 2720 237 2760 <t
275 2701 566 2781 mata...;
597 2695 1036 2788 Fagnanus„;
1072 2697 1546 2789 Passerinus„;
1584 2702 1955 2777 Pitonius...
1989 2732 2008 2798 3
2037 2717 2099 2776 et
2128 2714 2477 2803 magistra-

197 2836 234 2878 «
275 2809 419 2881 liter
467 2810 649 2895 Rota',
690 2836 910 2884 coram
953 2814 1247 2902 Molines,
1302 2816 1627 2887 decisione
1684 2820 1838 2908 798,
1890 2844 1955 2890 n.
2023 2824 2127 2906 16,
2198 2834 2351 2895 tom.
2396 2829 2469 2917 3,

199 2954 235 2995 «
277 2930 473 3018 partis
507 2928 572 2998 2.
605 2956 640 2995 1>

289 3044 590 3136 Objicies.
625 3086 716 3102 —
756 3046 1070 3117 Auctores
1134 3070 1269 3118 non
1320 3048 1511 3139 pauci
1563 3051 1982 3141 posteriorem
2017 3056 2470 3145 propositionis

191 3168 448 3251 partem
477 3162 826 3232 admittunt
852 3164 1161 3233 duntaxat
1189 3187 1344 3234 cum
1389 3165 1513 3234 hac
1542 3165 1947 3252 limitatione,
1985 3170 2118 3237 m‘si
2150 3173 2475 3263 aufuqere

179 3276 404 3366 possit
433 3277 676 3369 absque
701 3278 1035 3349 scarzdalo.
1071 3278 1332 3349 Secluso
1359 3281 1538 3349 enim
1565 3282 1888 3368 scandalo,
1912 3286 1969 3352 ei
1997 3287 2109 3375 qui
2150 3296 2319 3358 certo
2348 3290 2471 3361 scit

191 3390 444 3460 nullam
481 3392 680 3463 fuisse
736 3395 1195 3485 professionem
1233 3418 1416 3465 suam
1454 3396 1711 3468 licitum
1747 3398 2109 3469 existimant
2150 3403 2317 3472 clam
2342 3429 2465 3475 au·-

192 3506 441 3596 fugere,
476 3509 610 3577 imo
659 3515 721 3577 et
749 3509 1018 3579 nubere.
1061 3510 1154 3579 De
1182 3533 1313 3602 quo
1357 3512 1452 3581 sic
1504 3515 1675 3604 apud
1716 3512 2003 3583 Ferraris
2034 3514 2249 3605 (verbo
2287 3522 2464 3588 Pro-

185 3622 410 3712 fessio,
450 3645 518 3691 n.
572 3623 680 3715 81)
713 3648 730 3693 :
769 3651 805 3691 α
832 3624 1116 3696 Nulliter
1167 3627 1488 3718 professus
1513 3635 1687 3698 certo
1734 3630 1940 3699 sciens
1969 3651 2188 3700 coram
2240 3632 2373 3702 Deo
2404 3643 2467 3703 et

199 3764 236 3805 α
269 3738 340 3805 in
397 3741 784 3810 conscientia
837 3764 912 3811 ex
971 3744 1193 3834 aliquo
1255 3744 1576 3813 essentiali
1651 3744 1903 3815 defectu
1974 3770 2160 3817 suam
2229 3749 2472 3840 profes·

205 3854 524 3921 «sionem
593 3872 728 3923 esse
801 3858 1080 3945 nullam,
1136 3860 1190 3927 si
1259 3858 1420 3928 nolit
1486 3880 1627 3928 eam
1681 3860 2025 3950 ratificare,
2075 3870 2278 3953 potest
2332 3878 2467 3935 tuta

199 3993 238 4033 (ι
269 3966 656 4036 conscientia
701 3968 771 4037 in
816 3970 1069 4040 occulto
1122 3972 1469 4059 discedere,
1534 3995 1610 4042 ac
1662 3976 1852 4044 etiam
1928 3976 2211 4061 nubere3
2267 3977 2463 4047 dum-

204 4109 242 4149 α
271 4082 464 4152 modo
487 4088 706 4161 tamen
733 4084 875 4154 sine
901 4088 1081 4175 gravi
1109 4088 1431 4169 scandalo,
1472 4094 1583 4158 aut
1609 4090 1736 4159 alio
1760 4093 1991 4182 maJ'ori
2030 4092 2469 4181 incommode,

199 4226 238 4267 α
281 4210 392 4267 aut
437 4198 820 4292 praejudicio
869 4201 1047 4271 abire
1101 4206 1297 4294 possit
1363 4203 1732 4295 (NavarruS,
1787 4204 2101 4296 Layman,
2152 4208 2463 4296 Donatus,

201 4341 240 4382 α
273 4312 566 4404 Pirhing,
627 4312 1093 4406 Reiffenstuel).
1153 4314 1223 4387 Si
1271 4325 1486 4387 autem
1536 4318 1801 4388 nulliter
1854 4320 2179 4413 professus
2225 4321 2467 4413 absque

193 4456 237 4497 α
267 4430 564 4499 scandalo
615 4438 726 4501 aut
767 4432 896 4501 alio
951 4434 1185 4523 majori
1239 4432 1677 4521 incommodo,
1708 4433 1818 4503 vel
1860 4436 2038 4526 gravi
2085 4439 2235 4527 praej
2248 4438 2474 4507 udicio
