2834 4959
1090 373 1095 381 ·
1138 350 1289 399 PARS
1334 350 1573 399 mum.
2369 352 2492 409 439

196 500 287 549 ne
314 476 649 567 alioquin,
690 476 749 543 si
782 472 989 560 multa
1028 467 1231 543 millia
1270 473 1645 556 hominum,
1683 474 2146 566 cupiditatibus
2191 479 2288 569 (ut
2315 502 2498 553 nunc

187 592 395 685 sunt)
450 590 911 671 obnoxiorum,
946 588 1171 657 omnia
1212 586 1285 657 in
1334 589 1672 659 communi
1721 591 2043 682 possidere
2087 593 2388 681 debeant,
2425 597 2495 665 in

189 714 561 800 perpetuas
607 703 1065 789 dissensiones,
1108 702 1462 793 turbasque
1511 721 1585 773 ac
1629 706 1834 775 caedes
1881 707 2114 775 misere
2165 708 2495 800 abripian-

199 833 355 911 tur,
404 842 529 893 nec
582 821 829 913 possint
877 816 1015 889 ullo
1057 815 1267 890 civilis
1300 816 1692 889 auctoritatis
1738 820 2058 912 regimine
2097 824 2246 893 satis
2289 826 2505 897 effica-

206 942 388 1011 citer
441 942 510 1008 in
560 957 713 1029 pace
740 933 1083 1005 contineri.
1134 931 1334 1022 Hinc,
1388 933 1652 1004 relative
1707 935 1934 1007 saltem
1985 939 2066 1007 ad
2123 948 2501 1030 praesentem

201 1054 473 1147 generis
497 1050 779 1126 humani
808 1054 1073 1137 statmn,
1098 1048 1242 1141 juri
1272 1047 1553 1117 naturali
1582 1054 1907 1122 accenseri
1935 1060 2138 1146 potest
2180 1058 2500 1129 bonorum

202 1171 477 1257 divisio,
504 1178 569 1239 et
613 1169 767 1239 inde
810 1187 1087 1259 sequens
1138 1165 1662 1257 uniuscujusque
1718 1168 1878 1239 civis
1919 1170 2001 1239 ad
2037 1172 2501 1262 possidendum

208 1284 569 1374 capacitas.
1124 1302 1129 1304 ·

308 1396 397 1467 Et
434 1397 719 1485 tandem,
752 1394 1007 1464 etiamsi
1052 1393 1177 1464 hoc
1224 1412 1357 1462 non
1409 1392 1572 1463 toret
1617 1396 1891 1466 omnino
1944 1403 2220 1485 certum,
2275 1401 2502 1471 saltem

210 1516 403 1581 certo
460 1516 619 1581 esset
671 1511 753 1580 de
796 1512 949 1601 jure
996 1506 1304 1597 naturali,
1362 1518 1461 1594 ut,
1519 1512 1728 1601 posita
1777 1510 2102 1583 bonorum
2163 1513 2503 1599 divisione,

213 1632 507 1717 nequeat
526 1626 849 1696 saecularis
878 1628 1154 1717 potestas
1183 1622 1428 1715 absque
1451 1626 1742 1713 legitima
1773 1646 1964 1697 causa
1991 1628 2198 1697 civem
2225 1630 2504 1720 aliquem

210 1744 602 1834 incapacem
646 1740 928 1811 dominii
967 1740 1335 1823 decernere,
1376 1740 1536 1831 quia
1567 1740 1692 1810 hoc
1741 1740 2010 1830 justitiae
2079 1743 2505 1815 distributivae

212 1863 651 1947 repugnaret,
674 1862 751 1927 ut
776 1854 927 1925 satis
952 1876 1069 1947 per
1094 1876 1161 1924 se
1188 1861 1382 1947 patet.

318 1971 475 2041 Jam
525 1992 670 2040 vero
722 1970 1110 2063 paupertatis
1169 1972 1397 2039 votum
1453 1990 1492 2037 a
1541 1967 1842 2060 religioso
1890 1970 2204 2039 emissum
2245 1992 2374 2039 non
2411 1981 2505 2041 est

216 2106 424 2157 causa
450 2087 761 2177 legitima,
790 2086 875 2157 ob
922 2106 1124 2176 quam
1172 2085 1379 2155 valeat
1428 2083 1756 2155 saecularis
1803 2091 2076 2177 potestas
2123 2086 2502 2175 religiosum

216 2200 417 2272 illum
442 2204 817 2294 incapacem
840 2201 1118 2271 dominii
1160 2200 1529 2271 decernere.
1557 2198 1726 2270 Nam
1770 2220 1956 2269 causa
1979 2200 2268 2291 legitima
2293 2206 2504 2293 quoad

218 2322 603 2409 potestatem
634 2316 1010 2388 saecularem
1056 2316 1441 2408 imponendi
1495 2317 1947 2407 gravissimam
1977 2316 2146 2385 hanc
2169 2320 2505 2411 'incapaci-

216 2433 373 2501 tatis
438 2452 729 2524 poenam,
760 2454 887 2502 non
924 2439 1133 2524 posset
1192 2454 1351 2519 esse,
1384 2432 1516 2501 nisi
1559 2433 1789 2523 ingens
1835 2432 2098 2523 aliquod
2165 2433 2498 2524 delictum,

220 2548 327 2619 vel
350 2548 513 2619 sorte
564 2546 1075 2639 pertimescenda
1119 2548 1602 2637 tranquillitatis
1647 2548 1930 2639 publicae
1964 2551 2378 2640 perturbatio,
2421 2552 2503 2621 ob

218 2663 621 2757 peculiarem
665 2662 946 2756 alicujus
988 2664 1147 2733 civis
1182 2662 1626 2733 conditionem
1661 2663 1785 2729 nisi
1825 2664 2204 2752 acquirendi
2232 2666 2504 2735 dominii

226 2778 531 2849 facultate
555 2780 941 2871 privaretur.
974 2778 1173 2849 Porro
1197 2774 1596 2869 paupertatis
1619 2776 1844 2841 votum
1868 2794 2002 2842 non
2025 2780 2120 2843 est
2143 2776 2454 2847 delictum
2479 2806 2496 2863 ;

224 2898 294 2962 et
342 2891 601 2965 aliunde
630 2916 705 2963 ex
729 2914 807 2964 eo
856 2894 1033 2986 quod
1084 2894 1241 2964 civis
1272 2898 1494 2961 votum
1545 2888 1709 2957 illud
1757 2888 2004 2956 emittat
2031 2896 2092 2955 et
2126 2890 2502 2979 religiosum

220 3014 463 3078 statum
495 3008 923 3100 ingrediatur,
956 3006 1139 3079 nulla
1162 3007 1468 3078 imminet
1489 3002 1866 3097 reipublicae
1891 3002 2306 3093 perturbatio.
2331 3004 2502 3098 Ergo

222 3125 555 3196 saecularis
587 3132 861 3218 potestas
910 3146 1325 3219 nequaquam
1354 3124 1523 3193 valet
1569 3120 1946 3213 religiosum
1980 3119 2356 3211 incapacem
2392 3127 2505 3193 do-

224 3241 425 3311 minii
454 3242 744 3313 reddere.
776 3242 949 3331 Ergo
975 3243 1029 3312 si
1059 3241 1545 3333 incapacitatem
1577 3238 1758 3307 illam
1789 3237 2000 3326 quoad
2037 3235 2369 3327 religiosos
2395 3238 2504 3309 de-

224 3359 451 3425 cernat
484 3357 815 3427 saecularis
856 3362 1157 3449 potestas,
1187 3354 1510 3447 ejusmodi
1549 3354 1884 3423 decretum
1917 3349 2042 3419 erit
2085 3352 2162 3419 de
2202 3374 2267 3423 se
2297 3354 2362 3423 in
2362 3356 2506 3447 Jus-

228 3475 398 3559 tum,
434 3472 628 3542 inane
665 3478 859 3563 atque
885 3473 1193 3557 irritum3
1246 3492 1321 3540 ex
1360 3470 1615 3539 deiectu
1651 3486 1889 3557 nempe
1927 3466 2402 3555 jurisdictionis
2431 3471 2503 3538 in

222 3582 594 3677 legislatore
633 3588 956 3677 saeculari,
1003 3586 1216 3679 quoad
1267 3580 1602 3655 materiam
1656 3583 1736 3652 de
1779 3602 1911 3673 qua
1947 3580 2184 3672 agitur.
2237 3582 2330 3651 Ex
2375 3602 2504 3672 quo
2637 3624 2654 3639 ·

220 3700 435 3791 liquet
480 3722 681 3792 quam
719 3702 954 3774 absone
995 3707 1335 3787 asseratur,
1366 3720 1501 3769 non
1546 3712 1730 3791 posse
1774 3697 2013 3767 dictam
2054 3696 2504 3786 religiosorum

222 3816 722 3907 incapacitatem
756 3817 1015 3904 induci,
1046 3818 1175 3888 nisi
1225 3838 1263 3886 a
1316 3820 1620 3909 potestate
1669 3813 1987 3885 saeculari.
2017 3809 2247 3883 Sinon
2297 3821 2505 3909 posset

224 3928 461 4001 induci
504 3931 630 4001 nisi
671 3952 711 4002 a
750 3932 1047 4004 saeculari
1092 3934 1485 4025 principatu,
1529 3952 1874 4023 nunquam
1924 3929 2224 4001 extitisset
2247 3940 2310 4001 et
2347 3934 2505 4007 soret

220 4046 496 4118 omnino
524 4046 951 4141 impossibilis
974 4071 992 4134 ;
1025 4050 1180 4141 quia
1210 4050 1652 4141 incompetens
1673 4048 1874 4117 estad
1899 4069 2041 4119 eam
2069 4046 2504 4121 inducendam

215 4166 557 4238 saecularis
583 4173 877 4258 potestas.

311 4282 691 4352 Paorosmo
718 4282 827 4353 112.
860 4320 949 4336 --
974 4284 1218 4375 Nequit
1247 4281 1587 4353 saecularis
1619 4290 1914 4371 potestas
1941 4280 2166 4348 valide
2189 4294 2501 4367 statuere,

222 4410 304 4465 ut
334 4397 513 4467 bona
532 4397 844 4490 reliqioso
858 4400 1153 4490 professo
1183 4396 1594 4469 obvenientia
1617 4393 1708 4464 ad
1729 4392 1934 4485 ipsius
1960 4398 2504 4470 communitatem
