2834 4959
1081 295 1234 342 PARS
1275 296 1493 345 PRIMA.
2395 289 2431 343 5

187 420 252 487 iis
285 417 529 487 vivendi
562 416 776 485 modis
821 415 1142 507 reperitur
1185 424 1356 486 certa
1402 418 1699 507 quaedam
1748 416 2019 487 firmitas
2041 440 2154 486 seu
2198 420 2435 488 immo-

183 534 367 603 bilitas
397 561 414 603 :
457 555 586 602 non
632 538 848 601 autem
873 538 1046 601 recte
1086 532 1410 602 diceretur
1446 539 1647 601 status
1692 533 1994 613 ridentis,
2039 538 2251 603 status
2272 535 2435 605 scri-

179 652 386 735 bentis,
416 656 615 719 sinim
649 646 1026 728 clamantis;
1074 649 1232 739 quia
1269 648 1412 717 haec
1461 648 1856 717 transitorios
1886 656 2067 718 actus
2102 650 2433 735 denotant,

177 788 292 834 non
327 768 768 857 permanentes
813 763 1076 833 vivendi
1117 766 1365 835 modos.
1420 762 1607 833 Unde
1654 764 1828 855 quod
1890 786 2011 833 vox
2059 765 2169 833 illa
2217 777 2435 837 status

178 903 373 950 secum
410 884 716 971 importet
767 879 1118 969 quamdam
1171 880 1398 950 saltem
1440 882 1512 949 in
1559 880 1753 949 modo
1808 878 2070 947 vivendi
2135 903 2249 949 seu
2300 884 2435 949 exi-

177 997 374 1067 stendi
407 976 916 1087 permanentiam
981 1016 1090 1063 seu
1149 995 1521 1065 firmitatem
1541 1048 1561 1081 ,
1616 1015 1691 1064 ex
1748 995 1887 1086 ipso
1940 1016 2067 1064 usu
2126 994 2435 1087 loquendi

181 1114 432 1182 omnino
470 1114 714 1180 eeitum
739 1116 860 1211 *est
887 1162 906 1193 ,
955 1118 1015 1178 et
1065 1111 1147 1179 ab
1197 1110 1506 1180 omnibus
1564 1110 1951 1181 admissum.
2018 1108 2093 1178 Id
2140 1132 2295 1201 ergo
2331 1112 2439 1181 hic

187 1250 308 1296 non
329 1228 696 1318 probamus,
739 1223 852 1293 sed
894 1230 1208 1316 tanquam
1247 1226 1715 1297 inconcussum
1758 1234 1823 1295 et
1848 1226 2029 1295 nulla
2064 1226 2439 1319 probatione
2558 1261 2565 1268 ·

185 1344 456 1433 indigens
511 1342 1099 1434 praesupponimus.
1161 1341 1306 1423 Quo
1343 1344 1413 1410 in
1463 1350 1865 1411 antecessum
1920 1348 2162 1429 notam,
2224 1344 2439 1411 deter-

179 1460 552 1528 minandum
619 1456 798 1525 venit
849 1479 1156 1547 quaenam
1211 1458 1662 1549 permanentia
1710 1456 2060 1527 essentialis
2120 1458 2440 1529 censenda

177 1576 250 1643 sit
271 1574 346 1642 ad
369 1572 893 1642 constituendum
917 1594 1146 1641 verum
1179 1580 1242 1640 et
1263 1573 1521 1665 proprie
1540 1572 1787 1641 dictum
1815 1580 2075 1642 statum.

255 1694 616 1759 Pnorosmo
635 1687 710 1755 1⁸.
733 1726 826 1739 -
864 1686 976 1756 Ad
1004 1690 1350 1757 essentiam
1377 1700 1595 1757 status
1624 1690 1897 1781 proprie
1933 1688 2097 1759 dicti
2134 1714 2271 1759 non
2303 1692 2441 1783 suf-

182 1804 312 1891 ficit
335 1804 675 1873 stabilitas
695 1804 1084 1895 proveniens
1116 1826 1199 1871 εει·
1236 1804 1386 1871 sola
1411 1806 1707 1871 carentia
1734 1806 2158 1890 mutationis,
2192 1806 2307 1875 sed
2344 1828 2443 1875 re—

189 1919 443 2006 quiritur
465 1918 810 1987 stabilitas
837 1940 917 1985 ex
937 1940 1136 1986 causa
1161 1918 1419 2007 aliqua,
1436 1940 1583 2008 quae
1603 1918 2051 1985 mutationem
2070 1919 2177 1984 vel
2202 1920 2442 2009 impos-

112 2084 124 2094 .
187 2031 432 2117 sibilent,
461 2034 576 2101 vel
612 2032 860 2100 saltem
899 2032 1248 2123 difficilem
1287 2030 1546 2101 reddat.
1598 2070 1687 2084 -——
1732 2029 1981 2123 Duplex
2026 2054 2261 2124 nempe
2303 2032 2443 2103 dari

175 2156 357 2237 potest
383 2152 452 2217 in
477 2148 701 2238 aliquo
725 2148 984 2217 vivendi
1001 2150 1194 2218 modo
1211 2149 1651 2241 permanentia
1676 2172 1694 2217 ε
1728 2148 2046 2217 nimirum
2068 2150 2171 2217 vel
2190 2150 2343 2240 quia
2362 2150 2440 2219 de

169 2266 320 2334 facto
351 2266 556 2333 homo
593 2264 790 2333 illum
819 2264 1077 2333 vivendi
1127 2266 1398 2333 modum
1427 2286 1559 2333 non
1596 2270 1829 2353 mutat,
1857 2266 2007 2335 licet
2032 2268 2317 2354 quotidie
2348 2267 2441 2336 fa-

167 2380 279 2448 cile
319 2387 574 2449 mutare
607 2388 821 2472 posset
839 2406 860 2466 ;
916 2380 1017 2449 vel
1053 2383 1208 2471 quia
1241 2382 1308 2450 in
1337 2405 1412 2451 eo
1454 2382 1775 2451 detinetur
1804 2382 1871 2450 vi
1900 2402 2109 2451 causae
2136 2382 2433 2472 alicujuS,

171 2516 302 2583 quae
325 2496 524 2565 illum
571 2494 734 2585 ligat
781 2496 863 2565 ad
904 2498 998 2591 sic
1035 2495 1412 2582 vivendum,
1442 2498 1542 2566 vel
1570 2498 1796 2565 saltem
1826 2496 2159 2567 difficilem
2202 2499 2262 2566 ei
2286 2498 2440 2567 red-

174 2612 257 2677 dit
279 2615 738 2681 mutationem.
787 2610 1084 2680 Dicimus
1126 2618 1338 2680 autem
1389 2612 1622 2701 prioris
1670 2612 1897 2702 speciei
1922 2613 2437 2703 permanentiam

179 2745 302 2791 non
321 2728 617 2795 sufficere
648 2726 729 2795 ad
755 2732 990 2795 statum
1011 2728 1296 2819 proprie
1323 2724 1582 2796 dictum
1606 2728 2152 2794 constituendum.
2184 2724 2439 2795 Etenim

179 2842 460 2928 quamvis
501 2841 796 2911 absolute
839 2847 902 2910 et
954 2844 1136 2933 largo
1190 2863 1381 2910 sensu
1441 2840 1509 2910 in
1554 2850 1746 2909 statu
1786 2839 2201 2931 virqinitatis
2238 2840 2444 2931 (verbi

177 2942 396 3045 gratia)
435 2978 564 3025 esse
610 2954 739 3025 dici
771 2956 964 3047 possit
1011 2956 1148 3043 ille,
1190 2956 1305 3047 qui
1351 2956 1431 3024 <le
1488 2956 1653 3026 facto
1690 2956 1875 3043 virgo
1918 2961 2272 3046 permanet,
2328 2954 2447 3024 etsi

171 3070 680 3141 contrahendum
725 3074 1225 3140 matrimonium
1279 3070 1350 3138 in
1404 3072 1728 3163 proposito
1775 3070 2041 3154 habeat,
2100 3076 2312 3139 tamen
2367 3092 2443 3139 ex

173 3186 506 3255 communi
550 3208 674 3255 usu
731 3188 1066 3277 loquendi,
1129 3187 1519 3277 virginitatis
1560 3194 1761 3255 status
1815 3174 2109 3256 strictiori
2162 3187 2439 3277 quodam

175 3320 358 3369 sensu
397 3305 701 3393 proprius
739 3291 970 3371 eorum
1023 3301 1436 3391 intelligitur,
1468 3302 1586 3392 qui
1622 3308 1765 3370 voto
1811 3324 1877 3369 se
1934 3303 2014 3371 ad
2058 3324 2442 3396 permanen·

173 3411 326 3481 dnm
403 3416 475 3483 in
531 3438 607 3485 ea
677 3416 1038 3486 conditione
1113 3416 1621 3485 obstrinxerunt.
1676 3414 1759 3485 Et
1811 3416 2192 3507 generaliter
2242 3425 2443 3487 status

167 3530 473 3599 strictiori
505 3530 631 3601 hoc
657 3554 854 3604 sensu
893 3532 1304 3623 intelligitur,
1339 3554 1471 3600 non
1509 3532 1588 3601 de
1618 3552 1799 3601 mera
1836 3536 1909 3600 in
1936 3533 2155 3625 aliquo
2183 3531 2441 3600 vivendi

167 3638 362 3709 modo
417 3644 885 3732 permanentia,
955 3644 1062 3712 sed
1115 3644 1196 3713 de
1235 3643 1682 3735 permanentia
1721 3664 1892 3733 quae,
1945 3646 2030 3714 ob
2091 3660 2443 3735 perennem

163 3755 450 3847 aliquam
504 3780 795 3845 causam,
851 3760 1115 3829 difficile
1177 3760 1510 3829 mutabilis
1552 3761 1657 3827 sit.
1716 3786 1752 3827 α
1802 3764 1880 3831 In
1938 3784 2061 3829 usu
2110 3759 2447 3827 communi

173 3872 546 3961 «loquendi
580 3872 961 3944 Latinorum
991 3875 1232 3966 (inquit
1259 3874 1523 3956 Suarez,
1554 3873 1633 3943 de
1674 3876 2033 3967 Reliqione,
2073 3878 2341 3942 tractatu
2373 3874 2440 3960 7,

171 3988 406 4057 «libro
451 3990 520 4078 i,
553 4015 609 4061 c.
651 3994 714 4079 1,
759 4014 830 4061 n.
885 3992 978 4084 3),
1034 3994 1121 4061 ita
1147 3994 1350 4083 accipi
1394 3992 1552 4061 solet
1602 3992 1745 4085 (vox
1770 3989 2037 4077 status),
2078 3989 2337 4077 quando
2365 3990 2445 4060 de

173 4128 202 4163 tt
235 4105 612 4175 conditione
667 4130 960 4199 personae
993 4164 1012 4196 ,
1081 4132 1194 4178 seu
1245 4108 1439 4177 modo
1492 4108 1753 4177 vivendi
1816 4108 2196 4194 loquuntur.
2262 4102 2448 4173 Unde

175 4246 207 4279 ιι
229 4226 477 4289 statum
515 4222 746 4291 dicunt
786 4246 918 4295 esse
955 4224 1152 4294 veluti
1199 4224 1524 4308 habitum,
1558 4224 1671 4312 qui
1704 4226 1799 4289 est
1827 4220 2087 4289 difficile
2138 4219 2441 4303 mobilis3

93 4401 114 4442 ¹
178 4360 210 4399 ιι
237 4335 399 4427 quia
424 4342 520 4406 est
558 4338 660 4407 vel
697 4342 1186 4429 consuetudine,
1217 4340 1318 4409 vel
1363 4340 1533 4429 lege,
1564 4338 1667 4407 vel
1709 4337 1834 4407 alio
1872 4338 2065 4408 modo
2098 4335 2299 4405 simili
2338 4336 2449 4403 fir-
