2834 4959
360 304 477 359 448
918 306 1257 357 moruus
1302 306 1383 355 nt
1427 306 1578 353 mm:
1625 303 2046 355 anonumum.

1249 602 1542 690 CAPUT'
1581 614 1730 687 vll.

354 876 437 922 AN
490 874 565 920 ΟΒ
608 870 1106 931 DIFFICULTATES,
1158 870 1240 917 EX
1292 870 1446 917 LEGE
1503 868 1815 919 SAECULARI
1869 866 2104 916 GALLIAE
2149 867 2642 931 PnovssnmsmS,

437 970 641 1018 vo'rtm
700 968 1112 1015 PAUPERTATIS
1168 967 1468 1029 sommus,
1515 968 1579 1013 11>
1633 968 1768 1027 Es‘r,
1840 966 1964 1012 cmi
2019 964 2475 1014 INCAPACITATE
2535 968 2642 1015 DO-

436 1066 601 1117 mnu
634 1064 1053 1124 commeruit,
1092 1066 1357 1113 nsssnur
1395 1064 1546 1113 ESSE
1587 1064 1666 1111 DE
1709 1063 1788 1111 lm
1827 1062 2103 1123 lut-notu,
2140 1064 2225 1109 ET
2257 1064 2644 1121 consuetum!-

432 1168 551 1214 ’.ΓΕΒ
594 1164 690 1213 sn·
729 1164 1095 1213 mvsunun.

442 1370 571 1452 Qui
602 1369 923 1439 sustinent
954 1368 1098 1437 dari
1134 1388 1265 1437 non
1292 1387 1478 1457 posse
1504 1366 1576 1435 in
1603 1365 1923 1454 religiosis
1947 1364 2179 1436 Galliae
2214 1367 2496 1437 dominii
2531 1369 2642 1439 in·

356 1484 801 1575 capacitatem,
855 1481 941 1551 ob
990 1480 1153 1571 legis
1208 1500 1353 1550 eam
1408 1500 1542 1549 non
1595 1481 2003 1569 agnoscentis
2049 1481 2320 1569 obicem,
2383 1482 2644 1571 duplici

356 1591 781 1661 fundamento
828 1590 1133 1659 ninantur
1178 1612 1196 1657 ε
1256 1590 1318 1657 1·’
1377 1608 1614 1679 nempe
1659 1589 2062 1659 contendunt
2103 1591 2512 1681 capacitatem
2569 1598 2644 1660 et

356 1705 845 1799 incapacitatem
888 1702 1165 1774 dominii
1208 1704 1280 1773 in
1320 1702 1575 1773 civibus
1615 1724 1749 1772 non
1787 1724 1972 1794 posse
2000 1702 2198 1773 valide
2225 1702 2414 1773 statui
2441 1724 2478 1773 a
2505 1726 2636 1795 po-

357 1830 575 1897 testate
652 1821 1105 1909 ecclesiastica,
1176 1820 1289 1893 sed
1358 1826 1614 1891 tantum
1673 1842 1712 1891 a
1770 1828 2072 1912 potestate
2153 1822 2439 1893 saeculari
2470 1847 2491 1907 ·,
2553 1844 2640 1893 eo

361 1939 537 2031 quod
582 1937 903 2029 ejusmodi
946 1936 1253 2029 capacitas
1306 1943 1371 2007 et
1421 1938 1814 2027 incapacitas
1867 1936 2264 2007 accensenda
2313 1937 2400 2005 sit
2446 1936 2644 2008 rebus

364 2054 852 2146 temporalibus,
926 2074 1075 2143 quae
1146 2052 1442 2122 saeculari
1519 2054 1811 2144 potestati
1879 2054 2204 2123 exclusive
2275 2052 2636 2142 subjacent.

358 2164 426 2232 2⁰
466 2164 735 2233 Etiamsi
776 2165 1233 2232 concederetur
1268 2182 1452 2253 posse
1487 2164 1726 2233 dictam
1765 2164 2258 2255 incapacitatem
2299 2162 2380 2233 ab
2425 2164 2636 2233 e'ccle-

356 2279 451 2349 sia
500 2278 707 2347 valide
762 2275 1012 2364 induci,
1062 2276 1522 2363 nihilominus,
1578 2277 1914 2369 inquiunt,
1957 2278 2058 2347 lex
2109 2276 2436 2349 saecularis
2475 2277 2638 2347 reli-

358 2388 594 2479 giosos,
650 2388 767 2476 qui
798 2386 1057 2483 'vellent
1111 2393 1336 2457 votum
1398 2387 1790 2480 paupertatis
1841 2410 1995 2459 cum
2049 2389 2164 2459 illa
2217 2390 2642 2481 incapacitate

358 2503 722 2583 observare,
776 2507 871 2571 tot
936 2502 1426 2573 difficultatibus
1475 2504 1547 2575 in
1614 2506 1796 2597 praxi
1847 2504 2222 2591 involveret,
2285 2510 2358 2575 ut
2411 2512 2640 2575 votum

357 2617 528 2687 istud
580 2616 899 2689 desineret
941 2638 1075 2687 esse
1116 2618 1195 2689 de
1236 2639 1309 2688 re
1354 2620 1633 2703 meliori,
1681 2642 1754 2691 ac
1805 2619 2077 2710 proinde
2117 2640 2250 2690 non
2291 2618 2634 2707 obligaret.

355 2731 437 2804 Et
466 2735 582 2813 sic,
616 2731 935 2803 indirecte
968 2731 1239 2822 saltem,
1270 2734 1371 2803 lex
1406 2735 1736 2805 saecularis
1773 2736 2108 2825 praetatam
2145 2736 2634 2825 incapacitatem

352 2869 483 2918 non
536 2848 964 2939 agnoscendo,
1010 2869 1155 2919 eam
1198 2844 1422 2940 reaps'e
1471 2848 1662 2931 tollit,
1715 2870 1830 2919 seu
1889 2850 2104 2942 potius
2154 2849 2638 2940 impossibilem

350 2962 581 3032 reddit.

439 3077 630 3147 Prius
681 3077 1005 3166 objectum
1056 3077 1556 3147 tundamentum
1601 3078 1754 3147 satis
1797 3080 1940 3169 jam
1987 3077 2444 3147 subvertimus.
2505 3077 2640 3147 Re-

352 3200 567 3262 manet
592 3197 665 3261 ut
692 3192 1056 3283 posterioris
1082 3194 1275 3263 etiam
1304 3191 1682 3261 inanitatem
1709 3192 2149 3263 ostendamus.

440 3305 811 3376 Psorosmo
838 3307 914 3376 1¹.
945 3344 1033 3359 —-
1058 3307 1379 3399 Reliqiosi
1406 3308 1484 3376 in
1515 3306 1772 3392 Gallia,
1793 3306 2077 3377 dominii
2095 3309 2436 3399 incapaces
2442 3356 2466 3389 ,
2487 3329 2640 3377 non

351 3432 513 3489 sunt
540 3418 1047 3511 difficultatibus
1068 3422 1343 3491 obnoxii
1364 3422 1591 3514 quoad
1611 3422 1788 3493 bona
1807 3435 1966 3493 ante
1976 3422 2460 3517 professionem
2467 3442 2640 3513 pos-

349 3556 544 3604 sessa.
594 3572 684 3589 -·
730 3536 987 3607 Etenim
1040 3542 1187 3605 ante
1238 3537 1700 3625 professionem
1753 3544 2019 3627 possunt
2069 3536 2356 3626 religiosi
2404 3534 2640 3605 Galliae

350 3652 519 3721 bona
552 3672 693 3736 sua,
728 3651 863 3721 sive
900 3650 1191 3733 mobilia,
1230 3651 1365 3721 sive
1400 3650 1792 3739 immobilia,
1827 3652 2128 3723 alienare.
2165 3648 2356 3719 Tunc
2393 3670 2640 3741 nempe

350 3766 646 3838 nondum
674 3767 1009 3857 incapaces
1033 3774 1189 3838 suut
1214 3768 1496 3837 dominii
1509 3793 1530 3857 ;
1565 3765 1736 3836 unde
1766 3772 2036 3858 possunt
2061 3770 2240 3837 actus
2265 3766 2350 3835 ad
2377 3765 2634 3835 aliena-

349 3885 593 3953 tionem
638 3883 1067 3968 necessarios3
1116 3883 1361 3974 absque
1406 3882 1542 3953 ulla
1588 3882 1965 3953 difficultate
1999 3901 2264 3973 ponere.
2305 3880 2466 3951 Item
2511 3902 2640 3973 po-

347 4004 467 4068 test
512 4000 671 4068 ordo
724 3998 1065 4089 religiosus
1116 3998 1482 4089 quamlibet
1527 3996 1979 4069 difficultatem
2027 3996 2244 4088 quoad
2295 3994 2404 4065 illa
2449 3994 2640 4064 bona

344 4132 724 4203 praecavere,
788 4132 925 4183 non
986 4112 1357 4205 recipiendo
1425 4110 1748 4183 novitium
1807 4112 1890 4183 ad
1948 4110 2434 4205 professionem,
2491 4110 2644 4179 nisi

342 4228 525 4317 prius
580 4226 914 4317 quodlibet
958 4224 1354 4317 dominium,
1396 4228 1508 4295 hic
1545 4232 1610 4295 et
1652 4248 1835 4297 nunc
1878 4227 1960 4296 ad
2007 4228 2226 4317 ipsum
2269 4224 2642 4315 pertinens,

342 4342 669 4430 abjecerit.
737 4341 921 4413 Unde
980 4342 1247 4433 objectae·
1298 4363 1524 4433 graves
1577 4340 2012 4427 difficultates,
2071 4341 2128 4411 si
2183 4362 2332 4431 quae
2393 4340 2640 4420 rorent,
