<?xml version="1.0" encoding="UTF-8"?>
<!DOCTYPE html PUBLIC "-//W3C//DTD XHTML 1.0 Transitional//EN"
    "http://www.w3.org/TR/xhtml1/DTD/xhtml1-transitional.dtd">
<html xmlns="http://www.w3.org/1999/xhtml" xml:lang="en" lang="en">
 <head>
  <title>
</title>
<meta http-equiv="Content-Type" content="text/html;charset=utf-8" />
  <meta name='ocr-system' content='tesseract 3.04.00' />
  <meta name='ocr-capabilities' content='ocr_page ocr_carea ocr_par ocr_line ocrx_word'/>
</head>
<body>
  <div class='ocr_page' id='page_1' title='image "./tractatusdejure01unkngoog_0430.png"; bbox 0 0 2834 4959; ppageno 0'>
   <div class='ocr_carea' id='block_1_1' title="bbox 282 294 1956 361">
    <p class='ocr_par' dir='ltr' id='par_1_1' title="bbox 282 294 1956 361">
     <span class='ocr_line' id='line_1_1' title="bbox 282 294 1956 361; baseline -0.007 0"><span class='ocrx_word' id='word_1_1' title='bbox 282 304 411 361; x_wconf 72' lang='lat'><strong>⁴12</strong></span> <span class='ocrx_word' id='word_1_2' title='bbox 836 294 1181 355; x_wconf 74' lang='lat' dir='ltr'><strong>memus</strong></span> <span class='ocrx_word' id='word_1_3' title='bbox 1216 306 1297 354; x_wconf 77' lang='lat' dir='ltr'><strong>nr.</strong></span> <span class='ocrx_word' id='word_1_4' title='bbox 1340 306 1490 353; x_wconf 75' lang='lat' dir='ltr'><strong>mm:</strong></span> <span class='ocrx_word' id='word_1_5' title='bbox 1525 302 1956 353; x_wconf 55' lang='lat' dir='ltr'><strong>‚nummu</strong></span> 
     </span>
    </p>
   </div>
   <div class='ocr_carea' id='block_1_2' title="bbox 263 423 2680 4450">
    <p class='ocr_par' dir='ltr' id='par_1_2' title="bbox 270 423 2680 1443">
     <span class='ocr_line' id='line_1_2' title="bbox 276 423 2592 523; baseline -0.001 -20"><span class='ocrx_word' id='word_1_6' title='bbox 276 433 490 523; x_wconf 84' lang='lat' dir='ltr'><strong>legem</strong></span> <span class='ocrx_word' id='word_1_7' title='bbox 530 429 909 499; x_wconf 81' lang='lat' dir='ltr'><strong>saecularem</strong></span> <span class='ocrx_word' id='word_1_8' title='bbox 960 447 1229 497; x_wconf 85' lang='lat' dir='ltr'><strong>suarum</strong></span> <span class='ocrx_word' id='word_1_9' title='bbox 1282 426 1632 517; x_wconf 77' lang='lat' dir='ltr'><strong>respective</strong></span> <span class='ocrx_word' id='word_1_10' title='bbox 1677 425 2030 514; x_wconf 85' lang='lat' dir='ltr'><strong>regionum</strong></span> <span class='ocrx_word' id='word_1_11' title='bbox 2069 423 2592 517; x_wconf 69' lang='lat' dir='ltr'><strong>incapacitatem</strong></span> 
     </span>
     <span class='ocr_line' id='line_1_3' title="bbox 278 538 2592 634; baseline -0.001 -16"><span class='ocrx_word' id='word_1_12' title='bbox 278 546 552 617; x_wconf 89' lang='lat' dir='ltr'><strong>dominii</strong></span> <span class='ocrx_word' id='word_1_13' title='bbox 603 546 671 614; x_wconf 90' lang='lat' dir='ltr'><strong>in</strong></span> <span class='ocrx_word' id='word_1_14' title='bbox 708 544 1027 634; x_wconf 77' lang='lat' dir='ltr'><strong>religiosis</strong></span> <span class='ocrx_word' id='word_1_15' title='bbox 1066 564 1200 612; x_wconf 86' lang='lat' dir='ltr'><strong>non</strong></span> <span class='ocrx_word' id='word_1_16' title='bbox 1240 548 1692 633; x_wconf 79' lang='lat' dir='ltr'><strong>agnoscentem</strong></span> <span class='ocrx_word' id='word_1_17' title='bbox 1717 538 2082 609; x_wconf 74' lang='lat' dir='ltr'><strong>‘tPraeterea</strong></span> <span class='ocrx_word' id='word_1_18' title='bbox 2121 563 2243 609; x_wconf 90' lang='lat' dir='ltr'><strong>cur</strong></span> <span class='ocrx_word' id='word_1_19' title='bbox 2289 546 2592 615; x_wconf 83' lang='lat' dir='ltr'><strong>conclu·</strong></span> 
     </span>
     <span class='ocr_line' id='line_1_4' title="bbox 276 655 2580 749; baseline 0 -17"><span class='ocrx_word' id='word_1_20' title='bbox 276 664 525 733; x_wconf 90' lang='lat' dir='ltr'><strong>sionem</strong></span> <span class='ocrx_word' id='word_1_21' title='bbox 574 660 903 730; x_wconf 76' lang='lat' dir='ltr'><strong>restrinxit</strong></span> <span class='ocrx_word' id='word_1_22' title='bbox 950 659 1032 729; x_wconf 87' lang='lat' dir='ltr'><strong>ad</strong></span> <span class='ocrx_word' id='word_1_23' title='bbox 1074 658 1409 749; x_wconf 85' lang='lat' dir='ltr'><strong>religiosos</strong></span> <span class='ocrx_word' id='word_1_24' title='bbox 1455 680 1532 727; x_wconf 81' lang='lat' dir='ltr'><strong>ex</strong></span> <span class='ocrx_word' id='word_1_25' title='bbox 1570 656 1778 726; x_wconf 83' lang='lat' dir='ltr'><strong>Gallia</strong></span> <span class='ocrx_word' id='word_1_26' title='bbox 1821 655 2136 726; x_wconf 86' lang='lat' dir='ltr'><strong>oriundos</strong></span> <span class='ocrx_word' id='word_1_27' title='bbox 2157 658 2192 725; x_wconf 75' lang='lat'><strong>⁴?</strong></span> <span class='ocrx_word' id='word_1_28' title='bbox 2221 656 2580 749; x_wconf 80' lang='lat' dir='ltr'><strong>Siquidem</strong></span> 
     </span>
     <span class='ocr_line' id='line_1_5' title="bbox 272 770 2575 864; baseline -0.001 -19"><span class='ocrx_word' id='word_1_29' title='bbox 272 777 375 845; x_wconf 83' lang='lat' dir='ltr'><strong>lex</strong></span> <span class='ocrx_word' id='word_1_30' title='bbox 406 774 630 845; x_wconf 83' lang='lat' dir='ltr'><strong>Galliae</strong></span> <span class='ocrx_word' id='word_1_31' title='bbox 659 798 791 844; x_wconf 90' lang='lat' dir='ltr'><strong>non</strong></span> <span class='ocrx_word' id='word_1_32' title='bbox 836 774 1057 843; x_wconf 85' lang='lat' dir='ltr'><strong>minus</strong></span> <span class='ocrx_word' id='word_1_33' title='bbox 1098 778 1411 863; x_wconf 83' lang='lat' dir='ltr'><strong>tanquam</strong></span> <span class='ocrx_word' id='word_1_34' title='bbox 1457 792 1720 864; x_wconf 84' lang='lat' dir='ltr'><strong>capaces</strong></span> <span class='ocrx_word' id='word_1_35' title='bbox 1749 770 2034 841; x_wconf 87' lang='lat' dir='ltr'><strong>dominii</strong></span> <span class='ocrx_word' id='word_1_36' title='bbox 2073 772 2273 842; x_wconf 88' lang='lat' dir='ltr'><strong>habet</strong></span> <span class='ocrx_word' id='word_1_37' title='bbox 2307 784 2575 847; x_wconf 54' lang='lat' dir='ltr'><strong>caetera-</strong></span> 
     </span>
     <span class='ocr_line' id='line_1_6' title="bbox 277 882 2578 981; baseline 0 -22"><span class='ocrx_word' id='word_1_38' title='bbox 277 913 428 959; x_wconf 90' lang='lat' dir='ltr'><strong>rum</strong></span> <span class='ocrx_word' id='word_1_39' title='bbox 458 892 794 980; x_wconf 85' lang='lat' dir='ltr'><strong>regionum</strong></span> <span class='ocrx_word' id='word_1_40' title='bbox 822 888 1179 979; x_wconf 87' lang='lat' dir='ltr'><strong>religiosos,</strong></span> <span class='ocrx_word' id='word_1_41' title='bbox 1228 908 1305 956; x_wconf 88' lang='lat' dir='ltr'><strong>ac</strong></span> <span class='ocrx_word' id='word_1_42' title='bbox 1340 884 1558 956; x_wconf 84' lang='lat' dir='ltr'><strong>Gallos</strong></span> <span class='ocrx_word' id='word_1_43' title='bbox 1597 888 1792 977; x_wconf 83' lang='lat' dir='ltr'><strong>ipsos.</strong></span> <span class='ocrx_word' id='word_1_44' title='bbox 1837 882 2128 955; x_wconf 75' lang='lat' dir='ltr'><strong>Profecto</strong></span> <span class='ocrx_word' id='word_1_45' title='bbox 2165 908 2320 957; x_wconf 87' lang='lat' dir='ltr'><strong>cum</strong></span> <span class='ocrx_word' id='word_1_46' title='bbox 2359 891 2578 981; x_wconf 75' lang='lat' dir='ltr'><strong>possit</strong></span> 
     </span>
     <span class='ocr_line' id='line_1_7' title="bbox 275 1000 2574 1098; baseline -0 -24"><span class='ocrx_word' id='word_1_47' title='bbox 275 1008 423 1098; x_wconf 87' lang='lat' dir='ltr'><strong>quis</strong></span> <span class='ocrx_word' id='word_1_48' title='bbox 464 1008 531 1073; x_wconf 90' lang='lat' dir='ltr'><strong>in</strong></span> <span class='ocrx_word' id='word_1_49' title='bbox 569 1005 778 1073; x_wconf 87' lang='lat' dir='ltr'><strong>Gallia</strong></span> <span class='ocrx_word' id='word_1_50' title='bbox 821 1002 1145 1073; x_wconf 81' lang='lat' dir='ltr'><strong>haeredem</strong></span> <span class='ocrx_word' id='word_1_51' title='bbox 1192 1002 1526 1071; x_wconf 77' lang='lat' dir='ltr'><strong>instituere</strong></span> <span class='ocrx_word' id='word_1_52' title='bbox 1573 1000 1858 1093; x_wconf 82' lang='lat' dir='ltr'><strong>aliquem</strong></span> <span class='ocrx_word' id='word_1_53' title='bbox 1887 1001 2270 1091; x_wconf 79' lang='lat' dir='ltr'><strong>religiosum</strong></span> <span class='ocrx_word' id='word_1_54' title='bbox 2294 1002 2574 1090; x_wconf 84' lang='lat' dir='ltr'><strong>italum,</strong></span> 
     </span>
     <span class='ocr_line' id='line_1_8' title="bbox 273 1118 2572 1211; baseline -0 -19"><span class='ocrx_word' id='word_1_55' title='bbox 273 1132 336 1192; x_wconf 84' lang='lat' dir='ltr'><strong>et</strong></span> <span class='ocrx_word' id='word_1_56' title='bbox 358 1124 457 1191; x_wconf 87' lang='lat' dir='ltr'><strong>lex</strong></span> <span class='ocrx_word' id='word_1_57' title='bbox 480 1123 703 1193; x_wconf 87' lang='lat' dir='ltr'><strong>Galliae</strong></span> <span class='ocrx_word' id='word_1_58' title='bbox 732 1124 799 1191; x_wconf 90' lang='lat' dir='ltr'><strong>in</strong></span> <span class='ocrx_word' id='word_1_59' title='bbox 831 1122 951 1192; x_wconf 87' lang='lat' dir='ltr'><strong>hoo</strong></span> <span class='ocrx_word' id='word_1_60' title='bbox 979 1142 1131 1192; x_wconf 85' lang='lat' dir='ltr'><strong>casu</strong></span> <span class='ocrx_word' id='word_1_61' title='bbox 1167 1142 1295 1191; x_wconf 91' lang='lat' dir='ltr'><strong>non</strong></span> <span class='ocrx_word' id='word_1_62' title='bbox 1338 1120 1570 1189; x_wconf 88' lang='lat' dir='ltr'><strong>habeat</strong></span> <span class='ocrx_word' id='word_1_63' title='bbox 1598 1119 1976 1210; x_wconf 90' lang='lat' dir='ltr'><strong>religiosum</strong></span> <span class='ocrx_word' id='word_1_64' title='bbox 2011 1118 2200 1188; x_wconf 90' lang='lat' dir='ltr'><strong>illum</strong></span> <span class='ocrx_word' id='word_1_65' title='bbox 2243 1126 2572 1211; x_wconf 84' lang='lat' dir='ltr'><strong>tanquam</strong></span> 
     </span>
     <span class='ocr_line' id='line_1_9' title="bbox 273 1234 2576 1328; baseline -0.001 -21"><span class='ocrx_word' id='word_1_66' title='bbox 273 1238 661 1308; x_wconf 65' lang='lat' dir='ltr'><strong>haereditatis</strong></span> <span class='ocrx_word' id='word_1_67' title='bbox 719 1239 1119 1328; x_wconf 81' lang='lat' dir='ltr'><strong>incapacem,</strong></span> <span class='ocrx_word' id='word_1_68' title='bbox 1183 1236 1392 1305; x_wconf 83' lang='lat' dir='ltr'><strong>dicere</strong></span> <span class='ocrx_word' id='word_1_69' title='bbox 1471 1235 1660 1304; x_wconf 89' lang='lat' dir='ltr'><strong>debet</strong></span> <span class='ocrx_word' id='word_1_70' title='bbox 1726 1235 2035 1304; x_wconf 89' lang='lat' dir='ltr'><strong>dominus</strong></span> <span class='ocrx_word' id='word_1_71' title='bbox 2091 1234 2412 1321; x_wconf 76' lang='lat' dir='ltr'><strong>Carriere,</strong></span> <span class='ocrx_word' id='word_1_72' title='bbox 2481 1243 2576 1307; x_wconf 82' lang='lat' dir='ltr'><strong>ut</strong></span> 
     </span>
     <span class='ocr_line' id='line_1_10' title="bbox 270 1350 2680 1443; baseline -0.002 -18"><span class='ocrx_word' id='word_1_73' title='bbox 270 1356 397 1425; x_wconf 87' lang='lat' dir='ltr'><strong>sibi</strong></span> <span class='ocrx_word' id='word_1_74' title='bbox 422 1362 689 1437; x_wconf 87' lang='lat' dir='ltr'><strong>constet,</strong></span> <span class='ocrx_word' id='word_1_75' title='bbox 734 1376 945 1443; x_wconf 88' lang='lat' dir='ltr'><strong>neque</strong></span> <span class='ocrx_word' id='word_1_76' title='bbox 980 1352 1289 1422; x_wconf 86' lang='lat' dir='ltr'><strong>Italorum</strong></span> <span class='ocrx_word' id='word_1_77' title='bbox 1342 1350 1800 1441; x_wconf 85' lang='lat' dir='ltr'><strong>religiosorum</strong></span> <span class='ocrx_word' id='word_1_78' title='bbox 1853 1356 2000 1421; x_wconf 73' lang='lat' dir='ltr'><strong>vota</strong></span> <span class='ocrx_word' id='word_1_79' title='bbox 2035 1352 2346 1422; x_wconf 86' lang='lat' dir='ltr'><strong>solemnia</strong></span> <span class='ocrx_word' id='word_1_80' title='bbox 2389 1374 2564 1422; x_wconf 82' lang='lat' dir='ltr'><strong>esse.</strong></span> <span class='ocrx_word' id='word_1_81' title='bbox 2663 1358 2680 1369; x_wconf 84' lang='lat'><strong><em>‘</em></strong></span> 
     </span>
    </p>

    <p class='ocr_par' dir='ltr' id='par_1_3' title="bbox 268 1466 2578 3296">
     <span class='ocr_line' id='line_1_11' title="bbox 359 1466 2578 1559; baseline 0.001 -22"><span class='ocrx_word' id='word_1_82' title='bbox 359 1470 791 1541; x_wconf 62' lang='lat' dir='ltr'><strong>Amoueamus</strong></span> <span class='ocrx_word' id='word_1_83' title='bbox 829 1468 917 1551; x_wconf 86' lang='lat' dir='ltr'><strong>V,</strong></span> <span class='ocrx_word' id='word_1_84' title='bbox 965 1489 1047 1537; x_wconf 79' lang='lat' dir='ltr'><strong>ex</strong></span> <span class='ocrx_word' id='word_1_85' title='bbox 1100 1466 1614 1559; x_wconf 79' lang='lat' dir='ltr'><strong>quamplurimis</strong></span> <span class='ocrx_word' id='word_1_86' title='bbox 1651 1467 2183 1537; x_wconf 80' lang='lat' dir='ltr'><strong>auctoritatibus.</strong></span> <span class='ocrx_word' id='word_1_87' title='bbox 2233 1504 2320 1523; x_wconf 88' lang='lat'><strong>--</strong></span> <span class='ocrx_word' id='word_1_88' title='bbox 2347 1466 2395 1536; x_wconf 88' lang='lat' dir='ltr'><strong>l.</strong></span> <span class='ocrx_word' id='word_1_89' title='bbox 2441 1468 2578 1539; x_wconf 82' lang='lat' dir='ltr'><strong>Sic</strong></span> 
     </span>
     <span class='ocr_line' id='line_1_12' title="bbox 268 1580 2558 1675; baseline 0 -25"><span class='ocrx_word' id='word_1_90' title='bbox 268 1582 483 1672; x_wconf 84' lang='lat' dir='ltr'><strong>legere</strong></span> <span class='ocrx_word' id='word_1_91' title='bbox 508 1584 699 1651; x_wconf 87' lang='lat' dir='ltr'><strong>estin</strong></span> <span class='ocrx_word' id='word_1_92' title='bbox 726 1583 929 1653; x_wconf 90' lang='lat' dir='ltr'><strong>diario</strong></span> <span class='ocrx_word' id='word_1_93' title='bbox 972 1582 1186 1651; x_wconf 82' lang='lat' dir='ltr'><strong>I’Ami</strong></span> <span class='ocrx_word' id='word_1_94' title='bbox 1224 1580 1305 1651; x_wconf 88' lang='lat' dir='ltr'><strong>de</strong></span> <span class='ocrx_word' id='word_1_95' title='bbox 1347 1581 1422 1651; x_wconf 87' lang='lat' dir='ltr'><strong>la</strong></span> <span class='ocrx_word' id='word_1_96' title='bbox 1462 1581 1750 1674; x_wconf 74' lang='lat' dir='ltr'><strong>reliqion</strong></span> <span class='ocrx_word' id='word_1_97' title='bbox 1795 1582 1996 1675; x_wconf 87' lang='lat' dir='ltr'><strong>(tomo</strong></span> <span class='ocrx_word' id='word_1_98' title='bbox 2041 1582 2186 1665; x_wconf 86' lang='lat'><strong>106,</strong></span> <span class='ocrx_word' id='word_1_99' title='bbox 2233 1604 2304 1651; x_wconf 91' lang='lat' dir='ltr'><strong>n.</strong></span> <span class='ocrx_word' id='word_1_100' title='bbox 2357 1581 2558 1651; x_wconf 82' lang='lat'><strong>3329</strong></span> 
     </span>
     <span class='ocr_line' id='line_1_13' title="bbox 270 1676 2555 1789; baseline 0.001 -24"><span class='ocrx_word' id='word_1_101' title='bbox 270 1718 417 1788; x_wconf 86' lang='lat' dir='ltr'><strong>pag.</strong></span> <span class='ocrx_word' id='word_1_102' title='bbox 452 1698 609 1789; x_wconf 76' lang='lat'>463)</span> <span class='ocrx_word' id='word_1_103' title='bbox 650 1722 668 1767; x_wconf 76' lang='lat' dir='ltr'><em>z</em></span> <span class='ocrx_word' id='word_1_104' title='bbox 708 1725 745 1764; x_wconf 75' lang='grc' dir='ltr'>α</span> <span class='ocrx_word' id='word_1_105' title='bbox 776 1698 867 1767; x_wconf 84' lang='lat' dir='ltr'><strong>Le</strong></span> <span class='ocrx_word' id='word_1_106' title='bbox 908 1698 951 1767; x_wconf 87' lang='grc'>9</span> <span class='ocrx_word' id='word_1_107' title='bbox 983 1697 1197 1787; x_wconf 83' lang='lat' dir='ltr'><strong>juillet</strong></span> <span class='ocrx_word' id='word_1_108' title='bbox 1246 1696 1446 1781; x_wconf 83' lang='lat'><strong>1837,</strong></span> <span class='ocrx_word' id='word_1_109' title='bbox 1485 1696 1549 1765; x_wconf 90' lang='lat' dir='ltr'><strong>la</strong></span> <span class='ocrx_word' id='word_1_110' title='bbox 1587 1697 2068 1788; x_wconf 75' lang='lat' dir='ltr'><strong>Congregation</strong></span> <span class='ocrx_word' id='word_1_111' title='bbox 2103 1698 2212 1765; x_wconf 71' lang='lat' dir='ltr'><strong>des</strong></span> <span class='ocrx_word' id='word_1_112' title='bbox 2244 1676 2555 1787; x_wconf 64' lang='lat' dir='ltr'><strong>Eveques</strong></span> 
     </span>
     <span class='ocr_line' id='line_1_14' title="bbox 276 1812 2574 1905; baseline 0.003 -28"><span class='ocrx_word' id='word_1_113' title='bbox 276 1836 313 1877; x_wconf 66' lang='grc' dir='ltr'><strong>ε(</strong></span> <span class='ocrx_word' id='word_1_114' title='bbox 358 1822 419 1881; x_wconf 85' lang='lat' dir='ltr'><strong>et</strong></span> <span class='ocrx_word' id='word_1_115' title='bbox 444 1814 761 1905; x_wconf 77' lang='lat' dir='ltr'><strong>reguliers</strong></span> <span class='ocrx_word' id='word_1_116' title='bbox 784 1815 955 1883; x_wconf 86' lang='lat' dir='ltr'><strong>avait</strong></span> <span class='ocrx_word' id='word_1_117' title='bbox 1004 1814 1044 1882; x_wconf 76' lang='grc' dir='ltr'>ὲ</span> <span class='ocrx_word' id='word_1_118' title='bbox 1084 1814 1393 1882; x_wconf 77' lang='lat' dir='ltr'><strong>resoudre</strong></span> <span class='ocrx_word' id='word_1_119' title='bbox 1437 1813 1670 1903; x_wconf 87' lang='lat' dir='ltr'><strong>quinzc</strong></span> <span class='ocrx_word' id='word_1_120' title='bbox 1720 1813 2052 1903; x_wconf 82' lang='lat' dir='ltr'><strong>questions</strong></span> <span class='ocrx_word' id='word_1_121' title='bbox 2101 1834 2217 1882; x_wconf 87' lang='lat' dir='ltr'><strong>sur</strong></span> <span class='ocrx_word' id='word_1_122' title='bbox 2249 1812 2313 1879; x_wconf 84' lang='grc'><strong>13</strong></span> <span class='ocrx_word' id='word_1_123' title='bbox 2359 1832 2574 1883; x_wconf 72' lang='lat' dir='ltr'><strong>cause</strong></span> 
     </span>
     <span class='ocr_line' id='line_1_15' title="bbox 276 1926 2560 2000; baseline 0.001 -5"><span class='ocrx_word' id='word_1_124' title='bbox 276 1952 312 1994; x_wconf 75' lang='grc' dir='ltr'><strong>α</strong></span> <span class='ocrx_word' id='word_1_125' title='bbox 356 1928 444 1996; x_wconf 87' lang='lat' dir='ltr'><strong>du</strong></span> <span class='ocrx_word' id='word_1_126' title='bbox 498 1930 1011 2000; x_wconf 77' lang='lat' dir='ltr'><strong>relablissement</strong></span> <span class='ocrx_word' id='word_1_127' title='bbox 1057 1928 1137 1997; x_wconf 91' lang='lat' dir='ltr'><strong>de</strong></span> <span class='ocrx_word' id='word_1_128' title='bbox 1190 1929 1432 1998; x_wconf 86' lang='lat' dir='ltr'><strong>l’ordre</strong></span> <span class='ocrx_word' id='word_1_129' title='bbox 1476 1928 1560 1997; x_wconf 85' lang='lat' dir='ltr'><strong>de</strong></span> <span class='ocrx_word' id='word_1_130' title='bbox 1601 1926 2050 1997; x_wconf 80' lang='lat' dir='ltr'><strong>Saint-Benoit</strong></span> <span class='ocrx_word' id='word_1_131' title='bbox 2093 1949 2177 1996; x_wconf 90' lang='lat' dir='ltr'><strong>en</strong></span> <span class='ocrx_word' id='word_1_132' title='bbox 2231 1926 2482 1998; x_wconf 84' lang='lat' dir='ltr'><strong>Franoe</strong></span> <span class='ocrx_word' id='word_1_133' title='bbox 2535 1953 2560 1997; x_wconf 75' lang='lat' dir='ltr'><strong><em>z</em></strong></span> 
     </span>
     <span class='ocr_line' id='line_1_16' title="bbox 275 2042 2560 2137; baseline 0.002 -30"><span class='ocrx_word' id='word_1_134' title='bbox 275 2070 309 2107; x_wconf 75' lang='grc' dir='ltr'>α</span> <span class='ocrx_word' id='word_1_135' title='bbox 356 2067 473 2135; x_wconf 83' lang='lat' dir='ltr'><strong>par</strong></span> <span class='ocrx_word' id='word_1_136' title='bbox 502 2052 764 2135; x_wconf 85' lang='lat' dir='ltr'><strong>rapport</strong></span> <span class='ocrx_word' id='word_1_137' title='bbox 803 2045 840 2112; x_wconf 77' lang='lat' dir='ltr'><strong>a</strong></span> <span class='ocrx_word' id='word_1_138' title='bbox 882 2044 943 2113; x_wconf 92' lang='lat' dir='ltr'><strong>la</strong></span> <span class='ocrx_word' id='word_1_139' title='bbox 968 2043 1333 2135; x_wconf 77' lang='lat' dir='ltr'><strong>quatrieme</strong></span> <span class='ocrx_word' id='word_1_140' title='bbox 1376 2044 1704 2137; x_wconf 78' lang='lat' dir='ltr'><strong>question,</strong></span> <span class='ocrx_word' id='word_1_141' title='bbox 1741 2042 1855 2132; x_wconf 87' lang='lat' dir='ltr'><strong>qni</strong></span> <span class='ocrx_word' id='word_1_142' title='bbox 1892 2044 2268 2113; x_wconf 87' lang='lat' dir='ltr'><strong>concernait</strong></span> <span class='ocrx_word' id='word_1_143' title='bbox 2309 2043 2370 2112; x_wconf 87' lang='lat' dir='ltr'><strong>la</strong></span> <span class='ocrx_word' id='word_1_144' title='bbox 2401 2065 2560 2135; x_wconf 87' lang='lat' dir='ltr'><strong>per-</strong></span> 
     </span>
     <span class='ocr_line' id='line_1_17' title="bbox 278 2157 2558 2251; baseline 0.002 -26"><span class='ocrx_word' id='word_1_145' title='bbox 278 2188 314 2225; x_wconf 78' lang='lat'>«</span> <span class='ocrx_word' id='word_1_146' title='bbox 354 2161 645 2247; x_wconf 87' lang='lat' dir='ltr'><strong>mission,</strong></span> <span class='ocrx_word' id='word_1_147' title='bbox 700 2182 865 2249; x_wconf 90' lang='lat' dir='ltr'><strong>pour</strong></span> <span class='ocrx_word' id='word_1_148' title='bbox 918 2160 977 2228; x_wconf 89' lang='lat' dir='ltr'><strong>le</strong></span> <span class='ocrx_word' id='word_1_149' title='bbox 1024 2158 1374 2251; x_wconf 65' lang='lat' dir='ltr'><strong>supirieur</strong></span> <span class='ocrx_word' id='word_1_150' title='bbox 1422 2158 2050 2239; x_wconf 69' lang='lat' dir='ltr'><strong>actuel„d’emettre</strong></span> <span class='ocrx_word' id='word_1_151' title='bbox 2089 2157 2153 2226; x_wconf 90' lang='lat' dir='ltr'><strong>la</strong></span> <span class='ocrx_word' id='word_1_152' title='bbox 2203 2159 2558 2249; x_wconf 83' lang='lat' dir='ltr'><strong>profession</strong></span> 
     </span>
     <span class='ocr_line' id='line_1_18' title="bbox 278 2273 2562 2365; baseline 0.001 -23"><span class='ocrx_word' id='word_1_153' title='bbox 278 2300 313 2343; x_wconf 87' lang='lat'>«</span> <span class='ocrx_word' id='word_1_154' title='bbox 352 2273 736 2361; x_wconf 77' lang='lat' dir='ltr'><strong>solennelle,</strong></span> <span class='ocrx_word' id='word_1_155' title='bbox 766 2275 830 2343; x_wconf 87' lang='grc'><strong>13</strong></span> <span class='ocrx_word' id='word_1_156' title='bbox 868 2273 1347 2365; x_wconf 75' lang='lat' dir='ltr'><strong>Congregation</strong></span> <span class='ocrx_word' id='word_1_157' title='bbox 1389 2274 1694 2364; x_wconf 74' lang='lat' dir='ltr'><strong>repondit</strong></span> <span class='ocrx_word' id='word_1_158' title='bbox 1733 2274 2318 2347; x_wconf 77' lang='lat' dir='ltr'><strong>affirmativemcnt.</strong></span> <span class='ocrx_word' id='word_1_159' title='bbox 2359 2276 2562 2348; x_wconf 73' lang='lat' dir='ltr'><strong>Voici</strong></span> 
     </span>
     <span class='ocr_line' id='line_1_19' title="bbox 279 2389 2560 2485; baseline 0.003 -29"><span class='ocrx_word' id='word_1_160' title='bbox 279 2416 314 2455; x_wconf 74' lang='grc' dir='ltr'><strong>α</strong></span> <span class='ocrx_word' id='word_1_161' title='bbox 361 2389 423 2457; x_wconf 88' lang='grc'><strong>13</strong></span> <span class='ocrx_word' id='word_1_162' title='bbox 450 2390 826 2479; x_wconf 79' lang='lat' dir='ltr'><strong>cinquieme</strong></span> <span class='ocrx_word' id='word_1_163' title='bbox 852 2392 1315 2481; x_wconf 82' lang='lat' dir='ltr'><strong>questiontout</strong></span> <span class='ocrx_word' id='word_1_164' title='bbox 1341 2411 1424 2457; x_wconf 88' lang='lat' dir='ltr'><strong>au</strong></span> <span class='ocrx_word' id='word_1_165' title='bbox 1453 2390 1660 2479; x_wconf 89' lang='lat' dir='ltr'><strong>long:</strong></span> <span class='ocrx_word' id='word_1_166' title='bbox 1691 2392 1802 2461; x_wconf 79' lang='lat' dir='ltr'><strong>An</strong></span> <span class='ocrx_word' id='word_1_167' title='bbox 1827 2391 2094 2461; x_wconf 81' lang='lat' dir='ltr'><strong>concedi</strong></span> <span class='ocrx_word' id='word_1_168' title='bbox 2111 2392 2302 2461; x_wconf 82' lang='lat' dir='ltr'><strong>debet</strong></span> <span class='ocrx_word' id='word_1_169' title='bbox 2327 2394 2560 2485; x_wconf 82' lang='lat' dir='ltr'><strong>facul-</strong></span> 
     </span>
     <span class='ocr_line' id='line_1_20' title="bbox 277 2502 2562 2596; baseline 0.004 -27"><span class='ocrx_word' id='word_1_170' title='bbox 277 2530 311 2569; x_wconf 77' lang='lat'>«</span> <span class='ocrx_word' id='word_1_171' title='bbox 366 2517 471 2571; x_wconf 82' lang='lat' dir='ltr'><strong>tas</strong></span> <span class='ocrx_word' id='word_1_172' title='bbox 518 2502 728 2573; x_wconf 85' lang='lat' dir='ltr'><strong>eidem</strong></span> <span class='ocrx_word' id='word_1_173' title='bbox 764 2504 1105 2595; x_wconf 80' lang='lat' dir='ltr'><strong>superiori</strong></span> <span class='ocrx_word' id='word_1_174' title='bbox 1150 2526 1303 2573; x_wconf 86' lang='lat' dir='ltr'><strong>cum</strong></span> <span class='ocrx_word' id='word_1_175' title='bbox 1351 2526 1648 2574; x_wconf 82' lang='lat' dir='ltr'><strong>reversus</strong></span> <span class='ocrx_word' id='word_1_176' title='bbox 1690 2508 1901 2596; x_wconf 82' lang='lat' dir='ltr'><strong>fuerit</strong></span> <span class='ocrx_word' id='word_1_177' title='bbox 1947 2508 2020 2577; x_wconf 78' lang='lat' dir='ltr'><strong>in</strong></span> <span class='ocrx_word' id='word_1_178' title='bbox 2069 2509 2562 2579; x_wconf 78' lang='lat' dir='ltr'><strong>monasterium</strong></span> 
     </span>
     <span class='ocr_line' id='line_1_21' title="bbox 278 2616 2554 2713; baseline 0.005 -30"><span class='ocrx_word' id='word_1_179' title='bbox 278 2644 312 2683; x_wconf 73' lang='grc' dir='ltr'>α</span> <span class='ocrx_word' id='word_1_180' title='bbox 360 2616 465 2707; x_wconf 86' lang='lat' dir='ltr'><strong>(de</strong></span> <span class='ocrx_word' id='word_1_181' title='bbox 490 2617 837 2710; x_wconf 84' lang='lat' dir='ltr'><strong>Solesmes)</strong></span> <span class='ocrx_word' id='word_1_182' title='bbox 868 2618 1277 2689; x_wconf 79' lang='lat' dir='ltr'><strong>admittendi</strong></span> <span class='ocrx_word' id='word_1_183' title='bbox 1318 2619 1412 2689; x_wconf 87' lang='lat' dir='ltr'><strong>ad</strong></span> <span class='ocrx_word' id='word_1_184' title='bbox 1443 2620 1779 2695; x_wconf 70' lang='lat' dir='ltr'><strong>Somnum</strong></span> <span class='ocrx_word' id='word_1_185' title='bbox 1817 2623 2294 2713; x_wconf 77' lang='lat' dir='ltr'><strong>professionem</strong></span> <span class='ocrx_word' id='word_1_186' title='bbox 2329 2646 2554 2694; x_wconf 81' lang='lat' dir='ltr'><strong>omnes</strong></span> 
     </span>
     <span class='ocr_line' id='line_1_22' title="bbox 277 2731 2564 2828; baseline 0.005 -31"><span class='ocrx_word' id='word_1_187' title='bbox 277 2755 309 2794; x_wconf 71' lang='grc' dir='ltr'><strong>(ε</strong></span> <span class='ocrx_word' id='word_1_188' title='bbox 360 2731 518 2800; x_wconf 88' lang='lat' dir='ltr'><strong>illos</strong></span> <span class='ocrx_word' id='word_1_189' title='bbox 535 2734 817 2825; x_wconf 84' lang='lat' dir='ltr'><strong>quicum</strong></span> <span class='ocrx_word' id='word_1_190' title='bbox 838 2735 1113 2828; x_wconf 76' lang='lat' dir='ltr'><strong>ipseper</strong></span> <span class='ocrx_word' id='word_1_191' title='bbox 1130 2747 1425 2828; x_wconf 84' lang='lat' dir='ltr'><strong>quatuor</strong></span> <span class='ocrx_word' id='word_1_192' title='bbox 1445 2760 1655 2807; x_wconf 80' lang='lat' dir='ltr'><strong>annos</strong></span> <span class='ocrx_word' id='word_1_193' title='bbox 1682 2738 2360 2809; x_wconf 69' lang='lat' dir='ltr'><strong>viaemntP—-Sacra</strong></span> <span class='ocrx_word' id='word_1_194' title='bbox 2390 2740 2564 2809; x_wconf 77' lang='lat' dir='ltr'><strong>Gon-</strong></span> 
     </span>
     <span class='ocr_line' id='line_1_23' title="bbox 279 2850 2564 2946; baseline 0.006 -35"><span class='ocrx_word' id='word_1_195' title='bbox 279 2871 313 2911; x_wconf 77' lang='lat'>«</span> <span class='ocrx_word' id='word_1_196' title='bbox 358 2850 659 2939; x_wconf 74' lang='lat' dir='ltr'><strong>qreqatio</strong></span> <span class='ocrx_word' id='word_1_197' title='bbox 700 2850 1037 2943; x_wconf 80' lang='lat' dir='ltr'><strong>respondit</strong></span> <span class='ocrx_word' id='word_1_198' title='bbox 1094 2852 1510 2944; x_wconf 81' lang='lat' dir='ltr'><strong>affirmative</strong></span> <span class='ocrx_word' id='word_1_199' title='bbox 1539 2874 1672 2945; x_wconf 82' lang='lat' dir='ltr'><strong>pro</strong></span> <span class='ocrx_word' id='word_1_200' title='bbox 1715 2852 1817 2923; x_wconf 72' lang='lat' dir='ltr'><strong>his</strong></span> <span class='ocrx_word' id='word_1_201' title='bbox 1867 2854 1987 2946; x_wconf 85' lang='lat' dir='ltr'><strong>qui</strong></span> <span class='ocrx_word' id='word_1_202' title='bbox 2025 2866 2186 2923; x_wconf 83' lang='lat' dir='ltr'><strong>vota</strong></span> <span class='ocrx_word' id='word_1_203' title='bbox 2221 2854 2564 2946; x_wconf 81' lang='lat' dir='ltr'><strong>simplicia</strong></span> 
     </span>
     <span class='ocr_line' id='line_1_24' title="bbox 277 2964 2564 3061; baseline 0.006 -34"><span class='ocrx_word' id='word_1_204' title='bbox 277 2988 312 3028; x_wconf 76' lang='lat' dir='ltr'><strong>t(</strong></span> <span class='ocrx_word' id='word_1_205' title='bbox 359 2964 737 3052; x_wconf 78' lang='lat' dir='ltr'><strong>emiserunt,</strong></span> <span class='ocrx_word' id='word_1_206' title='bbox 761 2967 1033 3057; x_wconf 66' lang='lat' dir='ltr'><strong>proeviis</strong></span> <span class='ocrx_word' id='word_1_207' title='bbox 1075 2968 1543 3057; x_wconf 80' lang='lat' dir='ltr'><strong>spiritualibus</strong></span> <span class='ocrx_word' id='word_1_208' title='bbox 1579 2968 1954 3052; x_wconf 74' lang='lat' dir='ltr'><strong>exercitiis,·</strong></span> <span class='ocrx_word' id='word_1_209' title='bbox 1995 2980 2058 3039; x_wconf 87' lang='lat' dir='ltr'><strong>et</strong></span> <span class='ocrx_word' id='word_1_210' title='bbox 2075 2990 2206 3061; x_wconf 85' lang='lat' dir='ltr'><strong>pro</strong></span> <span class='ocrx_word' id='word_1_211' title='bbox 2251 2970 2356 3039; x_wconf 78' lang='lat' dir='ltr'><strong>his</strong></span> <span class='ocrx_word' id='word_1_212' title='bbox 2397 2982 2564 3041; x_wconf 80' lang='lat' dir='ltr'><strong>actu</strong></span> 
     </span>
     <span class='ocr_line' id='line_1_25' title="bbox 280 3080 2560 3175; baseline 0.006 -32"><span class='ocrx_word' id='word_1_213' title='bbox 280 3104 315 3143; x_wconf 68' lang='lat' dir='ltr'><strong>&lt;a</strong></span> <span class='ocrx_word' id='word_1_214' title='bbox 360 3080 435 3148; x_wconf 80' lang='lat' dir='ltr'><strong>in</strong></span> <span class='ocrx_word' id='word_1_215' title='bbox 480 3082 882 3150; x_wconf 76' lang='lat' dir='ltr'><strong>monasterio</strong></span> <span class='ocrx_word' id='word_1_216' title='bbox 932 3082 1395 3167; x_wconf 77' lang='lat' dir='ltr'><strong>existentibus,</strong></span> <span class='ocrx_word' id='word_1_217' title='bbox 1447 3084 1564 3175; x_wconf 82' lang='lat' dir='ltr'><strong>qui</strong></span> <span class='ocrx_word' id='word_1_218' title='bbox 1615 3082 1833 3153; x_wconf 85' lang='lat' dir='ltr'><strong>decem</strong></span> <span class='ocrx_word' id='word_1_219' title='bbox 1879 3097 1945 3153; x_wconf 89' lang='lat' dir='ltr'><strong>et</strong></span> <span class='ocrx_word' id='word_1_220' title='bbox 1985 3096 2130 3154; x_wconf 83' lang='lat' dir='ltr'><strong>octo</strong></span> <span class='ocrx_word' id='word_1_221' title='bbox 2187 3108 2440 3156; x_wconf 81' lang='lat' dir='ltr'><strong>menses</strong></span> <span class='ocrx_word' id='word_1_222' title='bbox 2481 3088 2560 3157; x_wconf 78' lang='lat' dir='ltr'><strong>in</strong></span> 
     </span>
     <span class='ocr_line' id='line_1_26' title="bbox 278 3196 2540 3296; baseline 0.004 -37"><span class='ocrx_word' id='word_1_223' title='bbox 278 3220 315 3259; x_wconf 71' lang='grc' dir='ltr'>α</span> <span class='ocrx_word' id='word_1_224' title='bbox 358 3196 697 3265; x_wconf 82' lang='lat' dir='ltr'><strong>novitiatu</strong></span> <span class='ocrx_word' id='word_1_225' title='bbox 716 3197 1148 3289; x_wconf 77' lang='lat' dir='ltr'><strong>expleverint,</strong></span> <span class='ocrx_word' id='word_1_226' title='bbox 1174 3198 1452 3267; x_wconf 79' lang='lat' dir='ltr'><strong>arbitrio</strong></span> <span class='ocrx_word' id='word_1_227' title='bbox 1469 3200 1822 3292; x_wconf 82' lang='lat' dir='ltr'><strong>superioris</strong></span> <span class='ocrx_word' id='word_1_228' title='bbox 1837 3220 1959 3271; x_wconf 85' lang='lat' dir='ltr'><strong>suo</strong></span> <span class='ocrx_word' id='word_1_229' title='bbox 1985 3224 2136 3271; x_wconf 86' lang='lat' dir='ltr'><strong>cum</strong></span> <span class='ocrx_word' id='word_1_230' title='bbox 2161 3201 2474 3296; x_wconf 84' lang='lat' dir='ltr'><strong>capitulo.</strong></span> <span class='ocrx_word' id='word_1_231' title='bbox 2499 3226 2540 3267; x_wconf 69' lang='lat' dir='ltr'><strong>n</strong></span> 
     </span>
    </p>

    <p class='ocr_par' dir='ltr' id='par_1_4' title="bbox 264 3308 2560 3873">
     <span class='ocr_line' id='line_1_27' title="bbox 362 3308 2560 3403; baseline 0.006 -28"><span class='ocrx_word' id='word_1_232' title='bbox 362 3308 655 3399; x_wconf 83' lang='lat' dir='ltr'><strong>insuper,</strong></span> <span class='ocrx_word' id='word_1_233' title='bbox 710 3313 881 3403; x_wconf 89' lang='lat' dir='ltr'><strong>quod</strong></span> <span class='ocrx_word' id='word_1_234' title='bbox 936 3312 1017 3383; x_wconf 89' lang='lat' dir='ltr'><strong>ad</strong></span> <span class='ocrx_word' id='word_1_235' title='bbox 1077 3313 1302 3382; x_wconf 80' lang='lat' dir='ltr'><strong>fratres</strong></span> <span class='ocrx_word' id='word_1_236' title='bbox 1346 3335 1687 3385; x_wconf 85' lang='lat' dir='ltr'><strong>conversos</strong></span> <span class='ocrx_word' id='word_1_237' title='bbox 1735 3338 1849 3386; x_wconf 89' lang='lat' dir='ltr'><strong>seu</strong></span> <span class='ocrx_word' id='word_1_238' title='bbox 1907 3317 2102 3387; x_wconf 85' lang='lat' dir='ltr'><strong>laicos</strong></span> <span class='ocrx_word' id='word_1_239' title='bbox 2159 3319 2408 3399; x_wconf 85' lang='lat' dir='ltr'><strong>attinet,</strong></span> <span class='ocrx_word' id='word_1_240' title='bbox 2453 3318 2560 3389; x_wconf 86' lang='lat' dir='ltr'><strong>sic</strong></span> 
     </span>
     <span class='ocr_line' id='line_1_28' title="bbox 271 3423 2560 3524; baseline 0.004 -33"><span class='ocrx_word' id='word_1_241' title='bbox 271 3423 545 3493; x_wconf 88' lang='lat' dir='ltr'><strong>habetur</strong></span> <span class='ocrx_word' id='word_1_242' title='bbox 594 3425 667 3492; x_wconf 88' lang='lat' dir='ltr'><strong>in</strong></span> <span class='ocrx_word' id='word_1_243' title='bbox 738 3425 966 3497; x_wconf 87' lang='lat' dir='ltr'><strong>litteris</strong></span> <span class='ocrx_word' id='word_1_244' title='bbox 1016 3428 1432 3519; x_wconf 76' lang='lat' dir='ltr'><strong>ApostoliciS,</strong></span> <span class='ocrx_word' id='word_1_245' title='bbox 1482 3428 1722 3520; x_wconf 89' lang='lat' dir='ltr'><strong>quibus</strong></span> <span class='ocrx_word' id='word_1_246' title='bbox 1759 3432 2206 3524; x_wconf 82' lang='lat' dir='ltr'><strong>approbantur</strong></span> <span class='ocrx_word' id='word_1_247' title='bbox 2254 3432 2560 3524; x_wconf 80' lang='lat' dir='ltr'><strong>praefato-</strong></span> 
     </span>
     <span class='ocr_line' id='line_1_29' title="bbox 264 3538 2557 3641; baseline 0.005 -34"><span class='ocrx_word' id='word_1_248' title='bbox 264 3560 415 3607; x_wconf 87' lang='lat' dir='ltr'><strong>rum</strong></span> <span class='ocrx_word' id='word_1_249' title='bbox 458 3538 1028 3612; x_wconf 86' lang='lat' dir='ltr'><strong>Benedictinorum</strong></span> <span class='ocrx_word' id='word_1_250' title='bbox 1070 3540 1584 3615; x_wconf 85' lang='lat' dir='ltr'><strong>Solesmensium</strong></span> <span class='ocrx_word' id='word_1_251' title='bbox 1635 3548 2167 3618; x_wconf 82' lang='lat' dir='ltr'><strong>constitutiones:</strong></span> <span class='ocrx_word' id='word_1_252' title='bbox 2227 3548 2557 3641; x_wconf 73' lang='lat' dir='ltr'><strong>«Expleto</strong></span> 
     </span>
     <span class='ocr_line' id='line_1_30' title="bbox 280 3656 2554 3757; baseline 0.005 -36"><span class='ocrx_word' id='word_1_253' title='bbox 280 3680 313 3721; x_wconf 79' lang='grc' dir='ltr'>κ</span> <span class='ocrx_word' id='word_1_254' title='bbox 356 3656 622 3728; x_wconf 89' lang='lat' dir='ltr'><strong>biennio</strong></span> <span class='ocrx_word' id='word_1_255' title='bbox 650 3664 717 3727; x_wconf 88' lang='lat' dir='ltr'><strong>et</strong></span> <span class='ocrx_word' id='word_1_256' title='bbox 764 3659 894 3745; x_wconf 89' lang='lat' dir='ltr'><strong>die,</strong></span> <span class='ocrx_word' id='word_1_257' title='bbox 950 3680 991 3729; x_wconf 92' lang='lat' dir='ltr'><strong>a</strong></span> <span class='ocrx_word' id='word_1_258' title='bbox 1032 3660 1292 3751; x_wconf 88' lang='lat' dir='ltr'><strong>publica</strong></span> <span class='ocrx_word' id='word_1_259' title='bbox 1344 3664 1746 3755; x_wconf 84' lang='lat' dir='ltr'><strong>susceptione</strong></span> <span class='ocrx_word' id='word_1_260' title='bbox 1789 3686 2036 3757; x_wconf 80' lang='lat' dir='ltr'><strong>cappae,</strong></span> <span class='ocrx_word' id='word_1_261' title='bbox 2087 3666 2554 3757; x_wconf 81' lang='lat' dir='ltr'><strong>professionem</strong></span> 
     </span>
     <span class='ocr_line' id='line_1_31' title="bbox 278 3774 2190 3873; baseline 0.006 -35"><span class='ocrx_word' id='word_1_262' title='bbox 278 3798 313 3838; x_wconf 78' lang='grc' dir='ltr'><strong>α</strong></span> <span class='ocrx_word' id='word_1_263' title='bbox 358 3774 691 3860; x_wconf 82' lang='lat' dir='ltr'><strong>emittent3</strong></span> <span class='ocrx_word' id='word_1_264' title='bbox 721 3778 831 3845; x_wconf 89' lang='lat' dir='ltr'><strong>sed</strong></span> <span class='ocrx_word' id='word_1_265' title='bbox 854 3796 1082 3845; x_wconf 89' lang='lat' dir='ltr'><strong>eorum</strong></span> <span class='ocrx_word' id='word_1_266' title='bbox 1106 3786 1252 3847; x_wconf 77' lang='lat' dir='ltr'><strong>vota</strong></span> <span class='ocrx_word' id='word_1_267' title='bbox 1276 3785 1468 3848; x_wconf 89' lang='lat' dir='ltr'><strong>erunt</strong></span> <span class='ocrx_word' id='word_1_268' title='bbox 1503 3785 1750 3849; x_wconf 88' lang='lat' dir='ltr'><strong>tantum</strong></span> <span class='ocrx_word' id='word_1_269' title='bbox 1779 3780 2128 3873; x_wconf 88' lang='lat' dir='ltr'><strong>simplicia.</strong></span> <span class='ocrx_word' id='word_1_270' title='bbox 2155 3808 2190 3850; x_wconf 68' lang='lat' dir='ltr'><strong>n</strong></span> 
     </span>
    </p>

    <p class='ocr_par' dir='ltr' id='par_1_5' title="bbox 263 3887 2564 4450">
     <span class='ocr_line' id='line_1_32' title="bbox 359 3887 2562 3984; baseline 0.005 -27"><span class='ocrx_word' id='word_1_271' title='bbox 359 3887 530 3957; x_wconf 88' lang='lat' dir='ltr'><strong>Cum</strong></span> <span class='ocrx_word' id='word_1_272' title='bbox 558 3890 820 3981; x_wconf 76' lang='lat' dir='ltr'><strong>praefata</strong></span> <span class='ocrx_word' id='word_1_273' title='bbox 851 3890 922 3959; x_wconf 87' lang='lat' dir='ltr'><strong>S.</strong></span> <span class='ocrx_word' id='word_1_274' title='bbox 963 3890 1401 3982; x_wconf 85' lang='lat' dir='ltr'><strong>-Congregatio</strong></span> <span class='ocrx_word' id='word_1_275' title='bbox 1450 3896 1819 3965; x_wconf 80' lang='lat' dir='ltr'><strong>facultatem</strong></span> <span class='ocrx_word' id='word_1_276' title='bbox 1863 3896 2073 3984; x_wconf 81' lang='lat' dir='ltr'><strong>faciat,</strong></span> <span class='ocrx_word' id='word_1_277' title='bbox 2126 3902 2202 3966; x_wconf 89' lang='lat' dir='ltr'><strong>ut</strong></span> <span class='ocrx_word' id='word_1_278' title='bbox 2243 3898 2400 3967; x_wconf 85' lang='lat' dir='ltr'><strong>dicti</strong></span> <span class='ocrx_word' id='word_1_279' title='bbox 2441 3896 2562 3967; x_wconf 94' lang='lat' dir='ltr'><strong>So-</strong></span> 
     </span>
     <span class='ocr_line' id='line_1_33' title="bbox 268 4001 2554 4102; baseline 0.003 -31"><span class='ocrx_word' id='word_1_280' title='bbox 268 4001 617 4075; x_wconf 88' lang='lat' dir='ltr'><strong>lesmenses</strong></span> <span class='ocrx_word' id='word_1_281' title='bbox 644 4007 972 4089; x_wconf 89' lang='lat' dir='ltr'><strong>monachi,</strong></span> <span class='ocrx_word' id='word_1_282' title='bbox 1000 4006 1117 4097; x_wconf 89' lang='lat' dir='ltr'><strong>qui</strong></span> <span class='ocrx_word' id='word_1_283' title='bbox 1141 4016 1286 4078; x_wconf 78' lang='lat' dir='ltr'><strong>vota</strong></span> <span class='ocrx_word' id='word_1_284' title='bbox 1307 4007 1806 4102; x_wconf 74' lang='lat' dir='ltr'><strong>simplieiaJam</strong></span> <span class='ocrx_word' id='word_1_285' title='bbox 1828 4013 2205 4095; x_wconf 86' lang='lat' dir='ltr'><strong>emiserunt,</strong></span> <span class='ocrx_word' id='word_1_286' title='bbox 2233 4010 2554 4081; x_wconf 80' lang='lat' dir='ltr'><strong>solemnia</strong></span> 
     </span>
     <span class='ocr_line' id='line_1_34' title="bbox 266 4120 2560 4219; baseline 0.003 -30"><span class='ocrx_word' id='word_1_287' title='bbox 266 4120 581 4205; x_wconf 88' lang='lat' dir='ltr'><strong>emittant,</strong></span> <span class='ocrx_word' id='word_1_288' title='bbox 638 4122 923 4212; x_wconf 81' lang='lat' dir='ltr'><strong>profecto</strong></span> <span class='ocrx_word' id='word_1_289' title='bbox 959 4123 1283 4193; x_wconf 84' lang='lat' dir='ltr'><strong>existimat</strong></span> <span class='ocrx_word' id='word_1_290' title='bbox 1332 4125 1647 4196; x_wconf 87' lang='lat' dir='ltr'><strong>solemnia</strong></span> <span class='ocrx_word' id='word_1_291' title='bbox 1690 4148 1826 4198; x_wconf 88' lang='lat' dir='ltr'><strong>esse</strong></span> <span class='ocrx_word' id='word_1_292' title='bbox 1873 4148 2060 4219; x_wconf 88' lang='lat' dir='ltr'><strong>posse</strong></span> <span class='ocrx_word' id='word_1_293' title='bbox 2101 4127 2560 4219; x_wconf 82' lang='lat' dir='ltr'><strong>religiosorum</strong></span> 
     </span>
     <span class='ocr_line' id='line_1_35' title="bbox 263 4229 2562 4335; baseline 0.006 -38"><span class='ocrx_word' id='word_1_294' title='bbox 263 4229 496 4303; x_wconf 82' lang='lat' dir='ltr'><strong>Galliae</strong></span> <span class='ocrx_word' id='word_1_295' title='bbox 537 4244 705 4321; x_wconf 81' lang='lat' dir='ltr'><strong>vota,</strong></span> <span class='ocrx_word' id='word_1_296' title='bbox 750 4260 882 4306; x_wconf 91' lang='lat' dir='ltr'><strong>non</strong></span> <span class='ocrx_word' id='word_1_297' title='bbox 934 4236 1225 4309; x_wconf 87' lang='lat' dir='ltr'><strong>obstante</strong></span> <span class='ocrx_word' id='word_1_298' title='bbox 1270 4240 1560 4311; x_wconf 63' lang='lat' dir='ltr'><strong>saeculari</strong></span> <span class='ocrx_word' id='word_1_299' title='bbox 1611 4242 1810 4335; x_wconf 87' lang='lat' dir='ltr'><strong>hujus</strong></span> <span class='ocrx_word' id='word_1_300' title='bbox 1857 4244 2145 4334; x_wconf 87' lang='lat' dir='ltr'><strong>regionis</strong></span> <span class='ocrx_word' id='word_1_301' title='bbox 2191 4242 2362 4334; x_wconf 84' lang='lat' dir='ltr'><strong>lege,</strong></span> <span class='ocrx_word' id='word_1_302' title='bbox 2411 4262 2562 4332; x_wconf 79' lang='lat' dir='ltr'><strong>quae</strong></span> 
     </span>
     <span class='ocr_line' id='line_1_36' title="bbox 264 4347 2564 4450; baseline 0.006 -36"><span class='ocrx_word' id='word_1_303' title='bbox 264 4347 759 4439; x_wconf 79' lang='lat' dir='ltr'><strong>incapacitatem</strong></span> <span class='ocrx_word' id='word_1_304' title='bbox 798 4354 1071 4425; x_wconf 88' lang='lat' dir='ltr'><strong>dominii</strong></span> <span class='ocrx_word' id='word_1_305' title='bbox 1098 4357 1165 4425; x_wconf 89' lang='lat' dir='ltr'><strong>in</strong></span> <span class='ocrx_word' id='word_1_306' title='bbox 1216 4357 1534 4449; x_wconf 87' lang='lat' dir='ltr'><strong>religiosis</strong></span> <span class='ocrx_word' id='word_1_307' title='bbox 1579 4380 1712 4428; x_wconf 87' lang='lat' dir='ltr'><strong>non</strong></span> <span class='ocrx_word' id='word_1_308' title='bbox 1737 4360 2050 4449; x_wconf 82' lang='lat' dir='ltr'><strong>agnoscit.</strong></span> <span class='ocrx_word' id='word_1_309' title='bbox 2079 4357 2270 4429; x_wconf 88' lang='lat' dir='ltr'><strong>Unde</strong></span> <span class='ocrx_word' id='word_1_310' title='bbox 2295 4378 2564 4450; x_wconf 82' lang='lat' dir='ltr'><strong>prorsus</strong></span> 
     </span>
    </p>
   </div>
  </div>
 </body>
</html>
