2834 4959
1058 376 1211 425 mas
1240 340 1505 425 marm(
2283 374 2406 433 ⁴03

128 502 337 592 ligiosi
366 500 643 585 valeant,
677 502 1118 591 paupertatem
1155 498 1544 590 profitendo,
1585 519 1722 569 sese
1753 498 2090 593 incapaces
2131 502 2405 577 dominii

130 619 415 701 reddere,
445 634 561 686 seu
590 636 673 683 ne
716 612 1007 683 solemne
1036 612 1119 683 sit
1166 614 1460 705 ipsorum
1511 614 1902 705 paupertatis
1949 622 2200 705 votum,
2223 619 2408 691 inau-

132 733 257 803 dita
289 731 387 822 (ut
422 728 603 821 puto)
633 727 1012 808 fueratante
1038 726 1355 797 hodierna
1388 732 1700 819 tempora.
1735 725 1900 797 Eam
1921 732 2138 799 tamen
2169 731 2250 801 ab
2275 734 2402 803 ali-

130 852 287 937 quot
312 844 501 915 annis
532 842 987 913 sustinuerunt
1021 842 1327 911 nonnulli
1353 842 1694 933 scriptores
1729 840 1998 925 Galliae;
2043 845 2210 913 inter
2247 868 2410 935 quos

126 961 339 1029 fusius
360 966 423 1029 et
444 982 521 1029 ex
542 958 827 1051 professo
870 958 939 1029 id
986 960 1289 1050 praestitit
1330 958 1636 1029 dominus
1686 957 2008 1043 Cari-iere,
2061 960 2412 1031 hodiernus

130 1074 510 1165 Sulpitianae
545 1072 809 1143 tamilioe
839 1073 1165 1163 generalis
1199 1074 1528 1163 superior}
1547 1072 1682 1165 Ipsi
1729 1074 2414 1165 nempe-probabilius

134 1194 247 1277 est,
273 1188 617 1257 hodiernos
644 1185 870 1257 Galliae
888 1186 1229 1277 religiosos
1272 1208 1349 1257 ac
1398 1185 1716 1257 moniales
1745 1208 1876 1257 non
1907 1208 2086 1281 posse
2117 1212 2236 1280 per
2263 1212 2416 1282 pro·

136 1303 471 1375 sessionem
494 1324 683 1373 suam
704 1302 985 1373 dominii
1012 1302 1351 1394 incapaces
1378 1302 1550 1391 fieri,
1567 1301 1636 1373 id
1658 1303 1978 1375 nimirum
2005 1304 2400 1397 impediente

138 1418 418 1487 saeculari
445 1417 610 1507 lege,
641 1438 717 1487 ac
746 1415 1021 1509 proinde
1054 1418 1430 1489 eorumdem
1468 1423 1610 1488 vota
1643 1418 1958 1489 solemnia
1987 1442 2118 1492 non
2147 1445 2306 1509 esse,
2329 1424 2416 1493 ob

142 1534 335 1603 istum
357 1532 515 1623 legis
538 1532 871 1605 saecularis
900 1532 1159 1603 obicem
1205 1532 1379 1624 (vide
1415 1534 1631 1625 ipsius
1665 1538 2010 1605 tractatum
2033 1534 2113 1607 de
2137 1538 2412 1613 lustitia

142 1660 201 1717 et
242 1647 413 1738 jum,
467 1671 535 1718 n.
590 1649 713 1717 221
750 1654 815 1719 et
846 1668 1025 1738 seq.;
1060 1654 1407 1718 tractatum
1451 1648 1532 1717 de
1571 1650 2009 1721 Matffmonio
2031 1704 2050 1740 ,
2084 1675 2151 1722 n.
2185 1654 2320 1725 658
2351 1662 2415 1727 et

142 1783 295 1853 seq-3
328 1770 393 1835 et
416 1763 799 1835 eorumdem
825 1768 1219 1835 tractatuum
1256 1762 1789 1855 Compendium).

224 1878 553 1949 Laudatus
614 1886 833 1948 tamen
891 1882 1115 1949 auctor
1168 1878 1235 1947 id
1278 1877 1558 1949 sustinet
1617 1876 1928 1948 duntaxat
1997 1878 2260 1953 relative
2331 1886 2411 1953 ad

140 1998 525 2083 praesentem
568 1991 862 2068 Ecclesiae
913 1994 1367 2085 disciplinam3
1431 2014 1562 2083 qua
1635 1996 1868 2082 stante,
1923 1994 2150 2083 nequit
2191 2000 2419 2065 votum

146 2129 277 2177 esse
320 2106 631 2194 solemne,
662 2109 785 2179 nisi
829 2130 983 2179 cum
1046 2108 1468 2199 incapacitate
1499 2107 1798 2179 dominii.
1845 2106 2190 2195 Craterum,
2213 2116 2412 2201 puta-

144 2225 231 2291 vit
256 2244 441 2315 posse
486 2244 524 2293 a
575 2222 721 2295 sede
750 2223 1123 2315 Apostolica
1174 2222 1357 2291 reddi
1406 2223 1698 2293 solemne
1729 2228 1952 2295 votum
1997 2228 2414 2317 paupertatis,

146 2338 371 2430 absque
422 2338 597 2411 dicta
657 2338 1098 2432 incapacitate,
1160 2358 1271 2407 seu
1317 2342 1562 2409 retento
1610 2338 1934 2412 bonorum
1964 2340 2420 2431 temporalium

144 2454 441 2541 dominio,
468 2461 533 2527 et
558 2454 855 2527 abdicato
892 2453 1203 2527 duntaxat
1242 2453 1626 2527 eorumdem
1663 2454 1870 2529 libero
1915 2477 2066 2527 usu.
2105 2455 2224 2529 His
2253 2480 2418 2549 prae·

146 2576 387 2661 notatis,
404 2574 491 2643 sit

228 2689 655 2761 Asamum!
690 2684 743 2773 l,
792 2707 875 2755 ex
896 2684 1039 2777 fine
1076 2684 1393 2753 Ecclesiae
1421 2686 1722 2774 proprio.
1765 2720 1854 2737 -
1879 2684 2260 2755 Potestatem
2291 2688 2416 2757 ha-

146 2800 249 2869 bet
272 2800 547 2873 Ecclesia
580 2804 651 2871 in
706 2822 808 2871 res
853 2800 1237 2892 temporales
1288 2807 1352 2867 et
1390 2794 1756 2887 corporales
1783 2804 2096 2887 quantam
2141 2801 2416 2888 requirit

146 2916 285 2987 finis
326 2919 449 3011 ipsi
500 2917 826 3011 proprius.
878 2914 1016 3005 Sic,
1045 2914 1229 2985 verbi
1268 2914 1500 3004 gratia,
1553 2916 1924 3003 potestatem
1959 2912 2158 2983 hahet
2205 2912 2414 2983 delin-

146 3039 395 3123 quentes
442 3033 735 3105 subditos
810 3052 989 3116 suos,
1050 3030 1117 3099 id
1184 3034 1303 3115 est,
1364 3026 1786 3114 Christianos,
1835 3023 2200 3109 coercendi,
2275 3050 2408 3097 non

146 3154 377 3219 tantum
429 3148 877 3243 spiritualibus
928 3147 1162 3238 poenis,
1220 3143 1330 3215 sed
1396 3142 1862 3232 temporalibus
1917 3142 2112 3214 etiam
2158 3149 2221 3213 et
2275 3165 2414 3213 cor-

148 3264 493 3351 poralibus3
541 3272 738 3357 prout
776 3266 847 3335 in
876 3268 1145 3335 tractatu
1172 3260 1253 3330 de
1275 3259 1551 3334 Iudiciis
1583 3258 1732 3361 fuse
1757 3258 2183 3329 ostendimus·
2215 3258 2404 3341 Quod

146 3382 251 3469 qui
286 3390 522 3475 negant
568 3382 891 3453 habentur
929 3403 967 3449 a
1026 3378 1331 3451 Suarezio
1380 3382 1693 3468 tanquam
1743 3376 1977 3445 haeresi
2015 3376 2296 3468 proximi
2343 3389 2416 3451 et

146 3493 583 3571 haereticorum
626 3499 929 3571 fautores.
978 3496 1149 3567 Item
1187 3496 1299 3586 jus
1325 3492 1522 3563 habet
1563 3490 1929 3584 possidendi
1961 3492 2130 3563 bona
2157 3499 2407 3584 tempo·

143 3611 315 3698 ralia,
342 3614 525 3699 verbi
570 3618 799 3705 gratia,
847 3612 1148 3685 ecclosias
1177 3616 1240 3681 et
1279 3607 1570 3681 redditus
1617 3608 1698 3678 ad
1747 3608 2198 3679 ministrorum
2247 3626 2405 3676 suo-

140 3746 277 3797 rum
327 3731 853 3801 sustentationem
912 3726 1329 3799 necessarios.
1388 3722 1556 3793 Item
1616 3728 1988 3815 potestatem
2040 3720 2232 3793 habet
2281 3720 2408 3791 im-

140 3843 493 3929 pedimenta
540 3846 942 3917 matrimonii
994 3841 1371 3913 dirimentia
1433 3839 1816 3925 inducendi,
1897 3846 1962 3910 et
2021 3838 2116 3909 sie
2163 3836 2406 3907 multos

142 3960 510 4049 temporales
544 3961 811 4031 effectus
860 3960 931 4031 in
976 3958 1243 4031 familiis
1280 3961 1343 4026 et
1382 3956 1454 4029 in
1483 3956 1622 4047 ipsa
1646 3954 1842 4025 etiam
1883 3953 2065 4025 civili
2109 3954 2401 4024 societate

144 4074 574 4163 producendi3
628 4084 693 4149 et
768 4077 1039 4169 quidem
1087 4056 1615 4165 ‘independenter
1663 4092 1706 4141 a
1772 4068 2060 4161 qualibet
2109 4066 2402 4139 saeculari

144 4197 459 4277 potestate.
506 4192 693 4265 Ratio
732 4198 953 4264 autem
979 4213 1115 4263 cur·
1145 4188 1438 4261 Ecclesia
1479 4185 1632 4277 jura
1655 4184 1796 4253 haec
1833 4204 1872 4252 a
1907 4182 2042 4255 Deo
2087 4182 2405 4276 accepisse

144 4310 449 4380 censenda
490 4311 599 4399 sit,
631 4316 725 4379 est
751 4309 905 4401 quia
936 4306 1019 4376 iis
1056 4326 1221 4398 opus
1276 4302 1494 4387 habet,
1527 4304 1600 4369 ut
1645 4296 1848 4369 finem
1890 4297 2016 4367 sibi
2068 4297 2406 4389 proprium

144 4430 275 4511 apte
300 4426 555 4517 assequi
608 4426 835 4498 valeat.
870 4422 1073 4497 Porro
1114 4420 1341 4493 eadem
1378 4417 1542 4488 ratio
1592 4415 1664 4485 in
1692 4413 1994 4507 praesenti
2023 4415 2220 4486 etiam
2257 4434 2406 4483 casu

2155 4775 2198 4789 -
