2834 4959
1130 343 1286 391 PARS
1329 343 1591 400 QUARTA.
2383 346 2457 400 58
2468 349 2502 402 5

321 463 670 554 Agendum
717 483 897 530 nunc
945 462 1024 530 de
1067 481 1218 530 casu
1259 485 1390 554 quo
1446 466 1729 535 novitius
1777 467 1945 536 bona
1976 489 2093 538 sua
2116 471 2507 542 notabiliter

229 582 582 653 minueret.
619 577 748 661 Qui
777 599 983 659 casus,
1010 577 1390 650 Tridentina
1430 583 1675 670 synodo
1724 586 2033 671 intentus,
2080 587 2145 654 in
2202 591 2509 661 omnibus

228 695 650 786 sequentibus
719 693 1272 785 propositionibus
1341 698 1753 787 supponitur.
1836 697 1929 768 De
1996 721 2127 790 quo
2203 702 2509 774 lectorem

231 831 738 902 praemonemus,
793 831 876 880 ne
923 811 1008 878 ’in
1069 809 1346 900 singulis
1407 811 1591 880 illam
1673 815 2081 905 hypothesim
2154 817 2509 910 exprimere

234 927 494 996 necesse
521 928 626 994 sit.

274 1025 291 1041 ’
321 1039 697 1110 ΡηοΡοειτιο
750 1041 888 1109 ΠΡ.
931 1079 1018 1092 -
1049 1041 1621 1129 Renuntiationes,
1660 1044 2047 1116 donaciones
2078 1061 2141 1116 et
2159 1051 2507 1140 pactiones

229 1154 562 1246 qua-libet,
581 1156 788 1246 faetae
804 1167 960 1246 post
989 1156 1354 1246 inqressum
1387 1156 1462 1225 in
1490 1159 1928 1241 novitiatum,
1958 1173 2023 1229 et
2042 1175 2202 1231 ante
2216 1164 2505 1255 comple·

237 1282 384 1338 tum
419 1269 744 1339 decimum
777 1272 1152 1340 novitiatus
1179 1293 1495 1356 mensem,
1521 1286 1679 1342 sunt
1708 1275 1947 1344 irritoe.
1980 1315 2071 1328 -—
2098 1276 2406 1370 Sequitur
2430 1303 2507 1348 ex

231 1385 338 1453 his
369 1383 768 1454 Tridentinis
789 1386 1030 1466 verbis,
1081 1412 1117 1452 α
1146 1386 1274 1454 nisi
1305 1387 1417 1454 fiat
1464 1388 1635 1457 intra
1686 1390 1851 1458 duos
1892 1413 2144 1462 menses
2182 1396 2507 1483 proximos

237 1507 386 1568 ante
419 1501 898 1592 professionem.
951 1527 986 1568 ιο
1047 1499 1214 1570 Nam
1263 1504 1679 1582 renuntiatio,
1708 1526 1823 1574 seu
1882 1507 2089 1594 pactio
2136 1529 2288 1597 quae
2332 1510 2509 1578 fieret

233 1623 382 1684 ante
409 1616 802 1707 completum
821 1617 1154 1711 decimum
1177 1637 1496 1704 mensem,
1510 1640 1645 1687 non
1664 1619 1845 1688 fieret
1866 1619 2057 1688 intra
2072 1621 2233 1690 duos
2252 1645 2508 1693 menses

232 1730 558 1821 proximos
603 1737 750 1801 ante
799 1732 1295 1824 professionem3
1349 1734 1671 1823 siquidem
1716 1735 2021 1826 professio
2076 1738 2215 1806 fieri
2286 1741 2509 1828 nequit

235 1845 364 1914 nisi
394 1845 710 1936 completo
740 1849 1088 1916 novitiatus
1115 1869 1348 1917 anno..

328 1959 436 2028 Ab
461 1961 584 2030 hac
621 1969 838 2032 tamen
865 1965 1086 2052 regula
1102 1963 1537 2056 probabilius
1562 1965 1769 2056 excipi
1798 1965 1985 2034 debet
2009 1987 2217 2051 casuS,
2244 1989 2403 2056 qu0,
2432 1991 2509 2038 ex

237 2074 710 2166 dispensatione
749 2076 1106 2168 Pontificia,
1156 2079 1617 2171 anticipat-etur
1656 2080 1982 2172 professio.
2020 2080 2502 2172 Supponamus,

233 2189 417 2260 verbi
473 2194 706 2282 gratia,
757 2214 1130 2264 concessum
1183 2217 1220 2262 a
1265 2193 1575 2264 Pontificc
1628 2195 1823 2264 fuisse
1860 2201 1933 2264 ut
1986 2197 2157 2285 quis,
2209 2204 2347 2286 post
2405 2218 2510 2265 sex

238 2307 634 2398 probationis
675 2333 947 2396 menses,
987 2311 1445 2402 professionem
1498 2312 1749 2380 emittat
1784 2335 1801 2376 ε
1836 2311 2067 2402 poterit
2112 2311 2165 2378 is
2217 2311 2295 2378 de
2324 2311 2511 2381 bonis

233 2423 370 2492 suis
420 2423 756 2517 disponere
797 2434 940 2518 post
969 2428 1368 2518 completum
1407 2440 1721 2519 quartum
1758 2425 2149 2518 probationis
2189 2441 2507 2515 mensem,

229 2539 412 2627 juxta
435 2541 817 2609 sententiam
868 2565 1014 2640 quse
1057 2543 1451 2634 probabilior
1481 2546 1617 2612 visa
1668 2551 1761 2612 est
1807 2542 2150 2613 Francisco
2188 2541 2516 2612 Schmalz-

239 2654 518 2742 grueber
553 2655 643 2746 (in
673 2656 941 2726 titulum
986 2657 1065 2725 de
1089 2657 1562 2749 Reqularibus,
1606 2679 1671 2723 n.
1710 2657 1885 2747 106).
1918 2657 1995 2738 ln
2022 2653 2341 2727 contraria
2368 2681 2513 2728 sen-

237 2770 460 2854 tentia,
489 2793 618 2839 non
671 2781 878 2863 posset
929 2773 1114 2842 bonis
1162 2774 1294 2842 suis
1343 2773 1717 2841 renuntiare
1766 2772 1888 2840 nisi
1942 2772 2313 2838 immediate
2364 2779 2511 2839 ante

237 2883 717 2974 professionem.

163 2985 246 3102 [Ι
313 2992 827 3089 ,ΡιιοΡοειτιοΝῆ
853 3037 938 3050 --
963 2999 1404 3090 Assiqnatum
1434 3024 1477 3067 a
1500 2995 1887 3068 Tridentino
1904 2995 2157 3088 synodo
2181 2995 2505 3084 bimestre,

241 3114 764 3204 computandum
809 3127 904 3184 est
944 3115 1024 3184 de
1071 3128 1406 3185 momento
1437 3117 1519 3184 ‚in
1556 3127 1992 3200 momentum,
2042 3124 2106 3182 et
2152 3109 2510 3180 seeundum

234 3227 416 3318 quod
443 3228 727 3296 occurrit
741 3228 983 3296 mensis
1004 3228 1076 3296 in
1101 3227 1501 3297 calendario.
1535 3267 1624 3280 -
1650 3227 1815 3296 Vide
1841 3227 2011 3316 apud
2032 3225 2501 3309 Ferraris‚voce

235 3342 652 3430 NovitiatuS,
685 3365 750 3412 n.
783 3343 892 3412 81.
923 3343 1118 3412 Nulla
1147 3345 1318 3434 apud
1344 3345 1631 3412 doctores
1649 3343 1769 3412 hac
1794 3342 1873 3411 de
1903 3362 1971 3408 re
1994 3341 2451 3410 controversia.

329 3457 703 3528 Psorosrrio
735 3459 844 3528 Ψ.
894 3497 984 3512 -
1037 3460 1215 3528 Valet
1241 3459 1654 3530 renuntiatio
1688 3459 1877 3549 faeta
1914 3478 2301 3547 quocunque
2342 3469 2509 3522 tem-

203 3607 214 3616 ·
229 3593 402 3663 pore
427 3587 728 3642 currente
750 3557 922 3644 inter
955 3574 1282 3666 decimum
1328 3576 1727 3666 completum
1750 3572 2165 3665 probationis
2194 3592 2506 3657 mensem,

237 3700 302 3756 et
325 3691 821 3779 professionem,
845 3692 1268 3782 quantumvis
1284 3692 1604 3783 professio
1636 3689 1823 3758 ultra
1866 3709 2123 3757 annum
2136 3684 2513 3778 protraha-

243 3814 383 3870 tur.
412 3841 502 3856 —
523 3804 688 3873 Cum
716 3827 952 3897 nempe
969 3809 1142 3896 justa
1176 3805 1254 3874 de
1284 3828 1475 3875 eausa
1505 3807 1703 3897 possit
1734 3803 1981 3872 differri
2014 3799 2319 3892 professio
2347 3799 2517 3867 ultra

241 3933 524 4002 annum,
555 3923 694 3984 orta
735 3923 828 3984 est
878 3917 1217 4002 dubitatio,
1258 3939 1340 3986 an
1398 3924 1557 3984 tunc
1605 3915 1795 3984 etiam
1840 3915 2147 3982 bimestre
2190 3908 2515 3976 Tridenti-

237 4051 412 4098 num
463 4052 724 4101 currere
771 4031 1042 4122 incipiat
1077 4032 1158 4100 ab
1194 4033 1380 4102 initio
1410 4032 1650 4100 mensis
1694 4027 2046 4099 undecimi.
2093 4025 2515 4117 Responden-

237 4143 402 4214 dum
444 4168 578 4216 esse
611 4146 994 4216 affirmative
1018 4147 1362 4238 videgapud
1391 4141 1996 4234 Schmalzgrueber‚
2028 4142 2099 4209 in
2142 4137 2409 4208 titulum
2437 4133 2517 4204 de

243 4261 716 4352 Reyularibus,
742 4286 810 4332 n.
847 4261 999 4350 106,
1022 4269 1084 4332 et
1110 4263 1282 4354 apud
1317 4261 1627 4344 Ferraris,
1658 4279 1810 4328 voce
1832 4255 2240 4340 Νουίτὶαταε,
2282 4276 2351 4322 ιι.
2399 4251 2505 4321 83.

241 4372 458 4458 Unde,
495 4379 673 4448 verbi
699 4378 926 4470 gratia,
957 4377 1012 4448 si
1039 4375 1340 4468 professio
1363 4375 1639 4464 alicujus
1661 4371 1887 4442 novitii
1912 4371 2278 4440 differretur
2308 4389 2513 4458 usque
