2834 4959
1117 369 1270 420 PARS
1317 369 1579 428 omnu-
2362 365 2483 422 505

185 494 486 584 majoris
511 493 598 561 16
627 489 826 562 annis
843 512 890 558 a
911 489 1156 558 soeculo
1179 489 1671 582 adrdiqionem
1700 491 2133 580 tramemrtis,
2156 493 2498 583 appo-oba-

193 611 326 696 τέο,
351 607 676 678 admissio
721 616 785 674 et
815 604 1096 694 receptio
1127 604 1200 672 in
1228 603 1534 695 qenes-ali
1573 603 1680 672 vel
1704 605 2110 695 provinciali
2155 607 2483 700 capitulo,

187 739 280 793 ut
309 745 520 814 supra
545 719 930 790 ordinatum
953 733 1071 807 est,
1093 741 1219 811 pro
1239 729 1532 810 tempore
1556 719 1760 810 fiant.
1781 718 1864 788 Et
1882 720 2077 812 paulo
2098 727 2249 790 ante
2261 723 2491 815 dispo-

185 846 424 910 suerat
473 835 904 908 admittendos
929 855 1060 904 non
1083 855 1220 906 esse
1249 835 1331 904 ad
1356 833 1653 903 habitum
1675 835 1799 903 nisi
1824 835 2205 926 approbatos
2224 837 2291 905 in
2317 840 2491 930 capi-

187 957 352 1025 tulo
381 951 662 1044 generali
689 951 792 1020 vel
819 949 1223 1040 provinciali,
1256 962 1402 1018 tam
1436 949 1790 1040 super-ionis
1830 951 2151 1042 qenes-alis
2176 975 2289 1024 seu
2325 977 2505 1046 pm..

189 1067 518 1140 vincialazs
545 1056 754 1157 q'uam
795 1063 1262 1155 diffinitorum
1289 1084 1629 1134 consensu.
1686 1064 1909 1136 Postea
1934 1087 2089 1136 vero
2134 1067 2209 1136 in
2252 1072 2491 1138 eonsti-

195 1185 458 1256 tutione
498 1177 596 1250 ad
620 1182 1030 1264 Romanum,
1059 1179 1296 1270 prioris
1335 1179 1749 1266 declarativa,
1780 1189 1843 1252 et
1868 1181 2253 1252 duodecimo
2278 1184 2507 1253 calen-

192 1301 322 1368 das
358 1296 730 1368 novembris
771 1295 948 1366 1588
989 1295 1184 1380 edita,
1229 1296 1563 1385 praefatam
1603 1297 2085 1388 dispositionem
2137 1299 2507 1370 moderavit:

193 1415 280 1483 in
309 1414 494 1484 hunc
531 1411 800 1484 modum
858 1437 875 1481 ε
936 1435 970 1478 α
997 1409 1170 1480 Cum
1211 1431 1366 1482 vero
1393 1411 1463 1480 in
1490 1411 1885 1503 quibusdam
1915 1415 2340 1503 religionibus
2376 1437 2495 1486 ce-

207 1557 248 1596 «
287 1529 496 1620 pitula
545 1527 986 1620 provincialia,
1055 1533 1170 1596 aut
1215 1547 1583 1620 uunquam,
1628 1535 1743 1598 aut
1792 1549 1925 1598 non
1976 1533 2321 1620 quotannis
2384 1531 2495 1601 sed

203 1671 242 1708 «
283 1644 492 1712 rarius
534 1642 1058 1729 celebrentur...,
1103 1639 1529 1710 concedimus
1554 1649 1617 1710 et
1657 1642 2079 1734 indulgemus
2112 1651 2191 1714 ut
2229 1645 2299 1712 in
2324 1665 2497 1736 quo-

209 1787 248 1826 «
284 1761 442 1830 libet
507 1759 866 1852 provincia,
897 1759 1125 1830 saltem
1191 1760 1360 1844 duo,
1399 1759 1505 1828 vel
1544 1760 1599 1828 si
1642 1761 1985 1828 commode
2040 1761 2185 1829 fieri
2234 1762 2489 1850 poterit,

211 1907 254 1946 «
291 1882 412 1948 tria
449 1884 564 1948 aut
587 1879 778 1970 plura
829 1879 1217 1950 monasteria
1259 1899 1374 1947 seu
1415 1878 1649 1948 domus
1703 1879 2031 1968 regulares
2074 1879 2491 1970 deputontur,

219 2021 262 2061 «
293 2013 576 2084 quarum
626 2013 742 2062 seu
769 2014 1048 2084 quorum
1077 1992 1438 2084 superiores
1484 1991 1657 2062 infra
1708 2014 1988 2077 annum,
2014 1995 2239 2062 saltem
2266 1996 2345 2062 ed
2384 1997 2501 2062 in-

215 2137 254 2172 «
297 2108 714 2198 quisitionem
766 2130 961 2200 super
1010 2107 1274 2178 novitiis
1321 2106 1713 2191 faciendam,
1744 2113 1807 2177 et
1844 2109 1925 2178 ad
1966 2109 2139 2200 ipsos
2164 2107 2497 2200 religiosos

214 2251 254 2289 «
288 2224 468 2314 juxta
531 2223 810 2294 formam
869 2224 1143 2316 praetatoe
1199 2223 1671 2294 constitutionis
1718 2224 2237 2315 recipiendos...‚
2298 2225 2497 2294 simul

217 2366 258 2406 «
301 2335 799 2430 congregentur.
832 2338 1019 2420 Quod
1071 2339 1128 2406 si
1166 2341 1459 2430 paucitas
1510 2346 1626 2408 aut
1669 2339 1878 2410 nimia
1922 2338 2221 2409 distantia
2260 2359 2513 2407 mona-

211 2481 254 2518 «
293 2454 636 2524 steriorum
681 2475 766 2524 ne
819 2454 886 2523 id
914 2453 1183 2544 quidem
1221 2456 1529 2545 patiatur,
1558 2453 1783 2526 saltem
1814 2456 2023 2526 tribus
2052 2477 2127 2524 ex
2175 2456 2511 2546 antiquio-—

213 2593 258 2634 «
295 2567 476 2638 ribus
525 2568 818 2658 patribus
873 2567 1070 2636 unius
1111 2571 1483 2638 monasterii
1538 2575 1652 2638 aut
1701 2571 1937 2639 domus
1962 2573 2105 2660 ejus
2142 2569 2501 2660 provinciae

214 2709 258 2750 «
301 2683 678 2773 hujusmodi
733 2683 1001 2752 facultas
1073 2689 1138 2752 et
1189 2683 1542 2752 authoritas
1592 2703 1707 2773 per
1758 2685 2117 2773 capitulum
2170 2686 2491 2774 genemle,

211 2823 260 2862 «
297 2795 540 2866 scilicet
593 2795 1096 2882 monachornm,
1131 2798 1233 2866 vel
1273 2797 1671 2890 provinciale
1697 2796 2213 2866 mendicantium
2250 2805 2311 2865 et
2347 2799 2515 2866 reli-·

215 2935 260 2978 «
300 2931 582 3000 quorum
629 2914 1034 3002 regularium
1086 2913 1290 3004 hujus
1343 2911 1591 2983 ordinis
1638 2910 2089 2980 demandetur.
2130 2910 2383 2981 Verum
2424 2913 2511 2981 in.

217 3055 260 3096 a
291 3029 372 3100 iis
411 3005 843 3120 monasteriis,
871 3032 1200 3121 domibus,
1226 3039 1291 3104 et
1327 3034 1489 3102 locis
1542 3030 1973 3122 regularibus,
2008 3051 2155 3122 quae
2191 3037 2305 3100 aut
2336 3051 2513 3100 non-

213 3173 258 3213 α
291 3147 452 3216 dum
475 3147 550 3218 in
575 3149 1106 3238 congregationes
1123 3149 1406 3237 redacta,
1436 3153 1549 3218 aut
1576 3147 1729 3217 alias
1768 3145 1933 3216 nulli
1960 3146 2313 3237 provinciae
2342 3145 2503 3215 snb-

213 3287 258 3326 «
291 3263 458 3352 jecta
507 3269 684 3350 sunt,
743 3264 1112 3348 statuimus,
1135 3270 1208 3333 ut
1257 3263 1425 3334 trina
1466 3263 1748 3355 capitula
1789 3261 2261 3351 conventuaha,
2292 3261 2502 3330 tribus

221 3401 266 3442 α
291 3375 610 3448 distinctis
645 3399 800 3448 cum
845 3377 1184 3448 intervallo
1229 3378 1457 3448 saltem
1484 3378 1704 3448 decem
1755 3376 2011 3445 dierum
2049 3377 2305 3448 vicibus
2328 3377 2497 3448 ceie-

221 3515 264 3556 α
293 3492 500 3580 brata,
535 3493 830 3562 eamdem
877 3494 956 3563 de
981 3494 1373 3590 recipiendis
1415 3493 1702 3580 novitiis,
1730 3513 1847 3584 per
1873 3491 2075 3560 trinas
2122 3491 2509 3582 hujusmodi

223 3637 262 3678 «
297 3612 632 3683 distinctas
677 3613 849 3684 vices
895 3615 1290 3707 approbatis,
1339 3613 1621 3684 habeant
1660 3613 2135 3698 authoritatem,
2194 3631 2343 3702 quae
2384 3630 2503 3701 per

217 3753 254 3790 «
295 3725 596 3798 Nostram
669 3731 1192 3800 constitutionem
1247 3729 1553 3822 capitulis
1606 3727 2111 3821 provincialibus
2168 3733 2262 3795 est
2308 3727 2505 3796 attri-

221 3869 262 3906 «
301 3843 480 3914 buta.
513 3869 548 3912 2>
598 3845 801 3915 Addit
824 3844 1116 3918 Pontifex
1161 3847 1589 3918 necessariam
1638 3863 1773 3912 non
1824 3865 1959 3914 esse
2004 3842 2497 3913 unanimitatem

213 3956 709 4050 suffragiorum,
771 3961 882 4030 sed
945 3960 1244 4032 sufficere
1321 3979 1679 4030 numerum
1744 3961 1895 4049 jure
1962 3957 2302 4028 communi
2388 3962 2507 4024 arnt

213 4085 472 4152 statutis
519 4084 808 4174 religiosi
837 4083 1104 4153 ‹ordinis
1159 4061 1691 4154 determinatum.
1744 4081 1940 4172 (Duas
1970 4083 2185 4150 citatas
2230 4078 2391 4150 Sixti
2438 4077 2501 4146 V

211 4199 698 4270 constitutiones
745 4199 818 4267 in
873 4204 1130 4268 extenso
1181 4201 1463 4291 reperies
1498 4197 1670 4289 apud
1703 4195 2209 4292 Tamburinum,
2238 4194 2319 4264 de
2344 4198 2503 4263 Iure

209 4314 567 4398 abbatum,
595 4323 756 4387 tom.
815 4314 883 4400 3,
938 4317 1108 4408 disp.
1151 4315 1220 4402 6,
1271 4316 1350 4386 ad
1393 4315 1597 4385 finem
1639 4312 1905 4405 quaesiti
1930 4315 2006 4396 43
2040 4319 2257 4382 extant
2304 4311 2498 4382 etiam

207 4433 283 4500 in
335 4432 612 4504 bullario
667 4436 988 4526 romano.)
1021 4431 1112 4502 Ex
1168 4432 1272 4501 his
1329 4437 1545 4501 autem
1604 4429 1802 4500 bullis
1847 4435 2019 4520 patet
2068 4428 2500 4521 receptionem
