2834 4959
381 353 408 404 ¹
429 351 506 407 46
951 357 1296 408 moruus
1344 354 1425 406 DE
1466 355 1617 404 mun
1660 353 2077 402 menmium·

1430 641 1629 736 pen.

411 861 557 941 ribus
577 888 830 956 prioribus
847 883 1058 947 saeculls,
1076 888 1230 948 atque
1247 886 1355 947 lpso
1379 884 1533 934 etiam
1560 881 1915 946 Apostolorum
1939 884 2185 942 tempore,
2212 888 2361 928 veros
2382 879 2435 926 et
2460 879 2679 940 proprie

747 975 908 1027 dictos
939 973 1194 1037 religiosos
1216 974 1467 1024 exstitisse
1498 973 1648 1020 variis
1675 969 1988 1034 argumentis
2007 967 2276 1018 evincitur.

465 1225 840 1294 Psorosmo
889 1220 962 1291 1².
1021 1259 1112 1274 —
1150 1219 1427 1289 Falsum
1472 1230 1567 1287 est
1608 1218 1963 1308 scriptores
2012 1213 2473 1284 ecclesiasticos
2536 1235 2677 1282 esse

382 1340 582 1434 quasi
597 1339 954 1410 unanimes
979 1337 1052 1406 in
1079 1333 1394 1428 neqanda
1436 1345 1654 1403 status
1678 1331 1989 1424 reliqiosi
2012 1343 2168 1400 ante
2180 1343 2505 1422 quartum
2540 1329 2677 1398 Ec-

375 1455 588 1524 etesia·
607 1452 928 1522 saeculum
953 1449 1432 1519 existentia.—
1446 1447 1591 1516 Non
1616 1445 1851 1526 desunt
1878 1445 2172 1514 moderni
2202 1451 2525 1534 auctoreS,
2550 1446 2673 1534 qui

373 1571 546 1639 hanc
568 1575 949 1661 praetensam
976 1566 1368 1656 scriptorum
1413 1563 2003 1641 ecclesiasticorum
2026 1561 2221 1653 quasi
2240 1561 2677 1630 unanimita-

379 1697 514 1756 tem
553 1685 828 1754 fidenter
865 1679 1278 1750 asseruerint.
1334 1679 1549 1760 Quam
1612 1661 1841 1750 autem'
1875 1680 2207 1747 immerito
2236 1682 2673 1771 peremptorie
2728 1733 2739 1750 .

374 1803 456 1872 de
482 1807 842 1872 monstrant
867 1799 1161 1867 hodierni
1191 1795 1601 1866 Bollandistae
1632 1795 1751 1887 (1),
1782 1795 1850 1864 in
1877 1787 2062 1864 h'unc
2088 1796 2359 1864 modum
2389 1818 2407 1862 ι

469 1916 686 2007 [Sane‚
732 1919 1032 1982 currente
1089 1897 1325 1982 saeculo
1375 1934 1486 1980 xvi
1537 1917 1601 1981 et
1663 1911 1906 1981 saeculo
1962 1930 2098 1979 xvu
2156 1909 2449 1993 ineunte,
2508 1912 2675 1980 scri-

371 2039 588 2126 ptores
630 2029 930 2099 catholici
968 2028 1182 2118 potius
1228 2033 1409 2094 erant
1457 2026 1803 2096 unanimes
1846 2029 1919 2096 in
1966 2023 2369 2093 defendenda
2411 2031 2671 2094 contra-

373 2151 473 2216 ria
508 2145 812 2235 opinione
850 2143 1156 2210 adversus
1202 2141 1630 2226 Lutheranos‚
1677 2140 2091 2228 calvinistes,
2124 2140 2419 2231 aliosque
2459 2141 2672 2210 haere-

380 2262 540 2330 ticos
567 2311 586 2342 ,
639 2259 753 2347 qui
811 2257 1192 2347 religiosum
1260 2261 1503 2324 statum
1581 2256 1923 2346 incoepisse
1995 2257 2469 2325 contendebant
2534 2265 2670 2350 post

381 2391 630 2442 annum
662 2370 901 2440 Christi
945 2370 1475 2439 trecentesimum
1508 2367 1799 2461 (2).-Imo
1826 2368 2192 2457 Suaresius‚
2220 2377 2665 2468 posteaquam,

379 2489 480 2555 uti
526 2490 662 2576 jam
717 2482 1004 2554 vidimus
1027 2535 1048 2565 ,
1097 2485 1169 2553 in
1236 2505 1470 2572 genere
1531 2483 1829 2577 probavit
1890 2490 2130 2554 statum
2197 2485 2581 2576 religiosum
2636 2507 2666 2552 a

381 2601 639 2670 Christo
703 2601 1076 2670 institutum
1136 2622 1310 2686 esse,
1388 2601 1663 2669 ulterius
1736 2601 2156 2698 progrediens
2231 2603 2517 2672 declarat
2588 2601 2665 2692 (3)

390 2742 428 2784 α
473 2717 669 2785 etiam
702 2716 922 2786 fecisse
953 2715 1287 2785 Christum
1331 2714 1687 2806 quamdam
1728 2715 2116 2806 religionem
2149 2717 2218 2786 in
2265 2717 2664 2810 particulari,

388 2855 424 2898 α
467 2831 546 2901 ad
600 2853 742 2900 eam
794 2829 1109 2921 quosdam
1165 2830 1465 2900 homines
1521 2834 2000 2920 congregandO,
2049 2835 2270 2924 eisque
2333 2835 2665 2928 proprium

395 2934 454 3011 (ι’
475 2953 540 3014 et
597 2945 1060 3037 particularem
1115 2945 1388 3014 modum
1456 2947 1603 3014 vitae
1670 2945 1985 3036 religiosae
2040 2949 2386 3018 tribuendo
2409 3005 2429 3037 ,
2496 2975 2536 3016 n
2614 2955 2668 3018 et

383 3049 648 3152 quidem
704 3063 851 3129 vitae
903 3082 1106 3150 quam
1160 3067 1421 3151 propter
1483 3061 2045 3154 contemplationis
2094 3070 2158 3132 et
2209 3066 2479 3136 actionis
2526 3087 2665 3137 con-

381 3167 795 3263 junctionem
840 3172 998 3242 vitce
1032 3172 1268 3241 mixtoe
1296 3173 1567 3264 nomine
1606 3174 1929 3262 appellare
1957 3179 2444 3268 consuevimus,
2489 3184 2665 3272 cujus

391 3289 542 3356 finis
569 3287 863 3377 specialis
900 3294 1062 3356 esset
1106 3287 1436 3378 cooperari
1491 3285 1899 3380 Redemptori
1947 3291 2019 3358 in
2050 3275 2253 3361 salute
2300 3295 2663 3364 animarum

393 3381 834 3510 procuranda3
866 3403 1265 3494 proindeque
1297 3401 1581 3494 primam
1606 3404 1989 3494 religionem
2018 3407 2219 3477 fuisse
2258 3409 2657 3488 clericorum,

391 3520 824 3610 ipsorummet
855 3538 1086 3608 nempe
1120 3517 1607 3610 Apostolorum,
1637 3541 1801 3614 quos
1841 3527 2139 3592 autumat
2174 3527 2297 3594 tria
2339 3535 2484 3594 vota
2520 3547 2663 3618 pau-

393 3631 706 3723 pertatis,
757 3631 1058 3700 castitatis
1119 3637 1183 3700 et
1238 3632 1619 3704 ohedientiae
1688 3655 1838 3703 vere
1904 3657 1979 3706 ac
2046 3639 2304 3730 proprie
2357 3641 2656 3711 emisisse

393 3745 573 3816 Idem
615 3746 1013 3836 jamdudum
1067 3753 1254 3836 ante,
1313 3739 1553 3841 nempe
1612 3750 1846 3820 saeculo
1898 3752 2153 3828 decimo
2206 3765 2483 3851 quarto,
2522 3779 2659 3828 cen-

401 3868 616 3931 suerat
657 3844 886 3983 doctus
935 3861 1270 3954 theologus
1327 3861 1606 3933 Alvarus
1665 3863 1995 3958 Pelagius3
2053 3871 2199 3960 qui,
2256 3880 2332 3941 ut
2388 3873 2661 3966 loquitur

465 4115 759 4178 (UEaeamen
781 4078 910 4170 libri
927 4118 1156 4198 Marium·
1189 4118 1487 4185 Ver-oneum,
1518 4127 1645 4177 tom.
1670 4127 1715 4188 1,
1742 4137 1861 4189 pag.
1886 4129 1946 4178 32
1972 4131 2150 4190 etseq.

465 4204 533 4265 (2)
573 4203 676 4255 Οτι.
707 4183 1084 4266 Bellarmlnum‚
1125 4205 1187 4256 de
1226 4209 1504 4273 Monac-his,
1544 4223 1657 4275 cap.
1699 4217 1749 4275 5,
1774 4212 1869 4264 eol.
1909 4215 2030 4272 ⁴323
2062 4213 2263 4276 Susrez,
2289 4215 2374 4267 lib.
2407 4221 2457 4276 3,
2486 4227 2594 4278 cap.
2616 4215 2655 4265 2.

407 4301 552 4342 num.
579 4295 622 4344 1.

467 4381 537 4444 (3)
567 4379 676 4431 Llh.
704 4383 754 4444 8,
773 4393 880 4446 cap,
899 4387 949 4446 2,
977 4391 1120 4437 num.
1145 4387 1176 4436 9
1207 4388 1260 4437 et
1283 4387 1367 4438 10.
