2834 4959
349 295 472 349 314
917 297 1258 348 TRACTA‘HJS
1304 299 1384 348 DE
1428 297 1577 345 JURE
1622 297 2039 345 REGULARIUM.

1041 853 1043 856 ⁴
1170 729 1780 840 sEcT101.
1890 693 1893 698 ’

359 1023 688 1106 counr'no
743 1050 1099 1104 canomca
1148 1049 1559 1101 uomitum
1609 1049 1879 1111 Alisone
1931 1050 2293 1102 samsona
2347 1053 2418 1102 m
2468 1053 2651 1104 con-

1025 1165 1474 1218 GREGATIONE
1528 1165 1959 1219 vivEN'rmM.
2070 1145 2081 1159 '

1310 1431 1642 1440 -—--—--———

449 1682 715 1752 Certum
745 1689 839 1750 est
857 1703 896 1751 a
917 1679 1252 1750 Bonitacio
1279 1677 1436 1748 VIIl
1458 1677 1854 1749 monialibus
1884 1679 2192 1750 omnibus
2218 1680 2495 1770 protessis
2522 1681 2640 1748 in-

356 1802 654 1890 junctam
701 1797 900 1866 fuisse
954 1795 1373 1864 clausuram:
1424 1793 1627 1868 Nulli
1668 1815 1923 1882 earum,
1972 1795 2215 1887 inquit,
2260 1796 2640 1886 reliqionem

366 1915 564 1982 tacite
581 1913 688 1982 vel
703 1933 998 2006 expresse
1011 1913 1354 2002 professoe,
1369 1910 1459 1978 sit
1473 1911 1579 1979 vel
1592 1931 1724 1979 esse
1740 1909 1994 1980 valeat.
2006 1962 2021 1979 .
2033 1963 2050 1980 .
2072 1911 2474 1980 monasteria
2490 1911 2649 2002 ipsa

367 2026 666 2121 deinceps
701 2023 1080 2119 eqrediendi
1107 2025 1407 2116 facultas
1429 2025 1663 2115 (capite
1696 2024 2103 2115 Periculose,
2134 2025 2307 2095 tituli
2336 2025 2415 2094 de
2440 2029 2644 2095 Statu

364 2144 806 2233 reqularium,
841 2143 914 2210 in
953 2141 1049 2230 6).
1087 2141 1332 2231 [εςεῐῐι
1366 2141 1548 2208 illam
1585 2141 1997 2212 confirmavit
2032 2142 2412 2210 Tridentina
2446 2162 2646 2231 syno-

363 2259 487 2326 dus
511 2282 528 2325 z
555 2258 832 2328 Nemini
845 2265 1074 2326 autem
1096 2255 1711 2324 sanctimonialium
1730 2257 1956 2340 liceat,
1972 2269 2131 2348 post
2146 2257 2639 2348 professionem,

367 2370 550 2439 eaeire
565 2393 600 2439 e
618 2371 1025 2440 monasterio
1042 2367 1342 2462 (sessione
1364 2370 1477 2457 25,
1500 2369 1579 2438 de
1590 2372 2058 2462 Reyularibus,
2082 2393 2222 2464 cap.
2248 2373 2345 2463 5.).
2374 2371 2641 2442 Sanctus

367 2493 582 2555 autem
639 2487 792 2554 Pius
834 2486 926 2574 V,
974 2491 1314 2577 postquam
1361 2492 1427 2554 et
1469 2487 1607 2576 ipse
1650 2485 1981 2557 decretum
2022 2487 2188 2556 illud
2231 2489 2312 2555 de
2352 2485 2642 2556 clausura

368 2600 581 2691 quoad
638 2600 950 2670 moniales
1002 2602 1414 2672 confirmavit
1432 2653 1451 2686 ‚
1522 2623 1719 2692 agens
1776 2623 2069 2694 expresse
2122 2603 2203 2672 de
2262 2603 2641 2673 mulieribus

369 2737 518 2807 quoe
551 2716 891 2786 Tertiariae
914 2715 1254 2800 dicuntur,
1276 2725 1336 2787 et
1366 2739 1513 2809 quae
1540 2717 1611 2786 in
1636 2719 2143 2810 conqreqatione
2170 2718 2455 2787 viventes
2472 2719 2641 2787 clau-

369 2852 591 2900 suram
635 2853 770 2900 non
793 2832 1158 2922 servabant,
1188 2855 1310 2903 nec
1345 2845 1575 2902 votum
1614 2834 1901 2902 solemne
1925 2833 2331 2912 emittebant,
2370 2826 2640 2900 decrevit

377 2953 476 3033 ut,
516 2946 618 3016 vel
651 2969 786 3018 sese
815 2947 1132 3019 clausurae
1165 2949 1587 3040 subjicerent,
1626 2955 1689 3017 et
1724 2955 1870 3017 vota
1910 2947 2228 3018 solemnia
2256 2948 2635 3024 emitterent,

369 3060 474 3129 vel
513 3062 699 3131 nulla
732 3063 803 3130 in
845 3068 1174 3155 posterum
1225 3068 1439 3154 posset
1480 3063 1549 3130 in
1594 3065 1885 3153 ipsarum
1930 3062 2359 3132 conventibus
2404 3059 2637 3128 novitia

371 3175 574 3267 recipi
597 3176 1073 3268 (constitutione
1103 3178 1298 3246 Circa
1320 3177 1691 3269 pastoralis
1716 3178 1805 3246 29
1834 3177 1989 3247 maii
2017 3175 2241 3269 1566).
2266 3176 2421 3258 Quae
2440 3171 2636 3242 sancti

373 3289 700 3360 Pontificis
750 3292 1143 3377 constitutio,
1195 3293 1251 3362 si
1296 3294 1557 3384 plenam
1610 3292 2053 3364 executionem
2101 3293 2507 3376 obtinuisset,
2542 3307 2637 3356 ex-

373 3406 590 3477 tinctae
631 3427 894 3498 prorsus
917 3408 1193 3477 fuissent
1241 3409 1567 3498 ejusmodi
1584 3406 2050 3478 Tertiariarum
2090 3405 2629 3497 congregationes,

375 3520 618 3613 absque
656 3522 954 3592 clausura
989 3529 1053 3592 et
1088 3523 1252 3592 votis
1287 3523 1688 3594 solemnibus
1720 3523 2124 3614 degentium.
2161 3524 2251 3590 At
2294 3542 2478 3591 secus
2502 3535 2633 3589 con·

375 3638 570 3728 tigit:
625 3659 761 3707 non
812 3645 1068 3708 tantum
1121 3638 1389 3709 extincti
1452 3660 1585 3709 non
1642 3641 1910 3709 fuerunt
1960 3637 2120 3708 dicti
2193 3635 2631 3706 Tertiariarum

373 3759 752 3841 conventus„
811 3753 922 3822 sed
966 3754 1344 3823 auctoritate
1397 3755 1769 3846 Apostolica
1821 3755 2067 3846 pluries
2128 3752 2523 3823 declaratum
2556 3751 2633 3814 est

373 3889 479 3938 eos
517 3867 601 3938 ab
637 3867 922 3939 Ecclesia
965 3868 1269 3938 tolerari.
1317 3871 1461 3938 Imo
1502 3877 1565 3940 et
1593 3871 1901 3963 plurimae
1934 3871 2077 3940 aliae
2126 3875 2280 3939 ortae
2316 3876 2469 3938 sunt
2502 3883 2630 3934 con-

373 3984 778 4074 gregationes
819 3984 1236 4068 monialium,
1285 3985 1525 4076 absque
1578 3987 1879 4056 clausura
1931 3994 1993 4054 et
2034 3985 2199 4054 votis
2249 3965 2627 4053 solemnibus

377 4098 780 4188 degentium,
830 4098 912 4169 ad
953 4120 1115 4190 quas
1165 4101 1409 4190 pariter
1458 4101 1635 4170 dicta
1700 4098 2057 4169 tolerantia
2112 4105 2371 4168 extensa
2416 4098 2527 4180 est,
2570 4095 2630 4158 u!

375 4212 568 4281 modo
614 4211 1003 4283 videbimus.
1053 4213 1148 4284 De
1201 4214 1380 4285 hisce
1427 4236 1619 4306 porro
1673 4214 1799 4307 piis
1852 4214 2243 4284 mulieribus
2288 4211 2629 4304 expenden-

378 4323 540 4393 dum
583 4327 784 4414 venit,
834 4349 1135 4418 quaenam
1189 4329 1272 4398 sit
1317 4330 1628 4400 canonica
1683 4331 1979 4419 ipsarum
2024 4326 2330 4409 conditio,
2380 4333 2446 4396 et
2493 4339 2627 4415 prae·
