2834 4959
1091 297 1242 346 PARS
1287 299 1509 346 Pam.
2352 301 2389 354 4
2398 299 2433 354 7

204 445 238 484 α
261 416 409 508 quod
449 414 801 506 dupliciter
839 416 975 485 fieri
1027 425 1232 507 potest
1261 443 1280 487 ε
1311 419 1533 488 minus
1568 420 1794 490 stricte
1822 441 1937 514 per
1964 423 2257 492 ordinem
2284 447 2434 494 sus-

198 559 230 600 c
251 539 518 624 ceptum,
563 536 796 598 votum
841 532 1164 621 castitatis,
1211 533 1314 602 vel
1349 533 1527 604 aliud
1576 535 2011 628 quodcunque
2037 539 2429 610 vinculum

183 675 218 714 ι
243 655 308 715 et
345 645 639 714 strictius
694 667 810 736 per
847 647 969 714 tria
1015 653 1156 717 vota
1191 647 1640 718 substantialia
1662 649 1729 720 in
1758 652 2071 742 religione
2098 655 2183 723 ab
2206 654 2431 726 Eccle-

181 791 216 830 α
243 764 336 833 sia
357 762 722 854 approbata.
759 760 868 831 Sic
895 769 1156 852 accepta
1181 763 1439 853 religio,
1470 777 1699 834 status
1726 765 2069 858 reliqiosus
2105 770 2428 843 dicitur...

185 910 218 949 a
251 879 352 950 llli
395 885 602 947 autem
647 877 770 970 qni
817 898 964 946 eam
1013 878 1390 969 profitentur
1426 886 1743 950 vocantur
1770 883 2055 972 religiosi
2082 891 2157 954 et,
2176 885 2429 975 regula·

185 1025 222 1065 a
247 1021 358 1067 res
377 1022 402 1064 a
427 997 708 1088 reliqz'osi
731 997 1000 1087 quidem
1019 1017 1064 1065 a
1083 997 1400 1088 'religione
1424 1019 1621 1088 quam
1656 1001 2070 1106 profitentur3
2092 1005 2428 1096 reqnlares

190 1142 228 1180 α
263 1121 460 1183 autem
487 1136 521 1182 a
545 1114 775 1202 regula
805 1111 929 1182 snb
955 1133 1083 1206 qua
1109 1117 1358 1184 vivunt.
1397 1141 1437 1180 ³>
1474 1114 1577 1206 (ln
1606 1117 1706 1184 tit.
1741 1118 1853 1202 31,
1886 1119 2037 1188 libri
2070 1121 2112 1190 3
2142 1121 2424 1205 Deerat„

185 1229 540 1319 mimz}
1750 1267 1760 1272 -
1978 1219 1985 1232 '

271 1369 304 1410 α
325 1343 837 1434 Supponendum
881 1350 1002 1428 est,
1053 1345 1270 1434 inquit
1313 1343 1575 1433 Suara,
1624 1349 1807 1436 juxta
1844 1370 2267 1442 communem
2290 1353 2430 1430 Ec-

177 1485 212 1525 ι(
243 1459 442 1530 clesiae
493 1480 724 1547 usum,
761 1464 1000 1528 statum
1033 1459 1440 1548 religiosum,
1470 1463 1656 1550 qnasi
1686 1485 1803 1553 per
1829 1469 2339 1538 antonomasiam
2366 1481 2429 1540 et

171 1602 200 1640 ι
225 1579 440 1645 stricta
473 1575 990 1664 significatione,
1033 1575 1341 1664 appellari
1387 1573 1743 1666 perfectum
1792 1583 2265 1654 monachorum
2314 1607 2429 1656 seu

173 1719 204 1755 a
231 1691 633 1780 regularium
683 1695 948 1778 statum,
973 1691 1092 1780 qui
1140 1711 1211 1758 se
1259 1687 1394 1758 Deo
1424 1691 1723 1762 'totaliter
1764 1705 2141 1766 consecrant
2196 1707 2259 1768 et
2305 1707 2431 1772 tra-

178 1806 406 1888 «dnnt,
447 1805 574 1875 tria
613 1811 764 1874 vota
807 1805 888 1877 de
917 1805 1128 1874 tribus
1152 1805 1629 1896 principalibus
1658 1811 1971 1895 consiliis,
2004 1819 2425 1907 paupertatis,

181 1949 216 1986 a
241 1923 524 1992 casfitatis
577 1927 646 1989 et
697 1920 1074 1991 obedientiae
1125 1922 1503 2000 emittendo.
1564 1921 2015 1994 Nihilominus
2064 1935 2281 1994 tamen
2332 1931 2429 1997 la·

181 2064 214 2103 «
237 2039 370 2108 tisri
414 2059 530 2108 seu
571 2035 960 2129 generalior-i
1007 2035 1289 2124 quodam
1319 2032 1708 2125 significato,
1734 2043 1931 2106 status
1952 2039 2279 2130 religionis
2303 2041 2427 2112 sub

165 2179 198 2218 a
227 2177 288 2223 se
333 2151 842 2246 comprehendit
883 2150 1043 2220 alios
1087 2151 1343 2220 vivendi
1389 2152 1637 2236 modoS,
1709 2154 1780 2222 in
1836 2155 2076 2245 quibus
2125 2157 2426 2228 homines

165 2299 194 2336 ι
215 2271 574 2342 voluntarie
623 2289 694 2336 se
731 2265 1014 2336 offerunt
1057 2266 1278 2335 divino
1303 2268 1537 2348 cultui,
1571 2273 1633 2336 et
1651 2268 1993 2360 obsequio,
2024 2273 2105 2340 ad
2132 2274 2423 2364 aliquam

158 2413 190 2452 ι
216 2387 646 2456 consiliorum
687 2375 1202 2452 observationem
1251 2404 1318 2450 se
1349 2382 1723 2473 obligando.
1763 2383 1842 2452 Et
1869 2386 1963 2455 sio
1988 2389 2423 2482 comprehen-

158 2529 192 2566 α
215 2504 334 2588 dit,
374 2523 510 2570 non
563 2505 824 2568 tantum
873 2499 1162 2589 proprios
1191 2503 1254 2566 et
1281 2498 1639 2588 completos
1676 2499 2036 2590 religiosos,
2082 2505 2192 2574 sed
2224 2507 2421 2576 etiam

153 2643 188 2680 a
229 2618 656 2699 continentes,
703 2609 821 2705 qui
863 2635 978 2704 per
1017 2613 1230 2680 solum
1275 2619 1499 2681 votum
1534 2615 1841 2682 castitatis
1888 2637 1955 2684 se
2000 2617 2132 2686 Deo
2172 2621 2419 2710 specia-

157 2731 366 2800 «liter
407 2731 774 2819 obligant...
823 2725 933 2798 Sic
973 2729 1154 2796 enim
1195 2729 1368 2816 ¹iuris
1424 2730 1721 2796 canonici
1769 2729 2175 2821 interpretes,
2206 2737 2279 2804 in
2305 2759 2418 2806 ru-

159 2875 196 2912 «
233 2847 410 2914 brica
460 2843 540 2913 de
577 2843 1014 2936 reqularibus‚
1069 2843 1302 2911 docent
1353 2863 1593 2911 nomen
1642 2840 1941 2935 reliqiosi
1984 2847 2079 2915 vel
2102 2851 2417 2936 regularis

159 2989 198 3028 a
221 2963 447 3032 stricte
489 2968 823 3052 sumptum
873 2957 1242 3050 significare
1291 2981 1443 3060 eum
1494 2958 1611 3048 qui
1652 2961 1775 3028 tria
1804 2961 2245 3034 substantialia
2270 2975 2416 3036 vota

155 3107 189 3144 a
215 3083 283 3148 in
335 3078 648 3168 religione
689 3075 1042 3168 approbata
1085 3075 1407 3166 professus
1458 3080 1601 3144 est:
1632 3075 1773 3144 late
1799 3098 1951 3144 vero
1982 3081 2415 3169 comprehen-

155 3221 188 3259 ι(
213 3195 356 3264 dere
407 3215 640 3264 omnes
687 3193 808 3282 qui
860 3212 974 3282 per
1017 3186 1288 3280 aliquod
1341 3195 1596 3277 votum,
1643 3199 1706 3258 et
1752 3191 2095 3282 specialem
2148 3197 2411 3270 vivendi

152 3335 186 3372 α
213 3311 474 3378 modum
535 3307 658 3377 Dei
728 3305 986 3375 servitio
1035 3311 1519 3376 consecrantur.
1576 3331 1615 3371 >³
1680 3306 1801 3397 (De
1854 3309 2229 3401 Reliqione,
2281 3324 2410 3386 tra-

144 3429 300 3492 ctatu
329 3426 392 3508 7,
421 3422 468 3491 l.
503 3422 574 3506 2,
604 3401 672 3488 οξ
716 3419 781 3507 1,
807 3440 877 3487 n.
911 3418 1004 3508 1.)
2304 3447 2311 3456 ·

217 3537 287 3608 Si
334 3537 756 3629 perlegantur
807 3535 1093 3602 doctores
1143 3533 1381 3617 caeteri,
1440 3533 1842 3624 reperientur
1890 3538 2100 3625 quoad
2156 3563 2293 3610 rem
2336 3544 2403 3610 in

141 3653 552 3728 conclusione,
615 3657 922 3720 assertam
973 3648 1340 3716 unanimes.
1398 3646 1640 3718 Omnes
1694 3649 1940 3719 scilicet
1992 3655 2405 3744 distinguunt

137 3774 356 3838 statum
423 3767 812 3857 religiosum
883 3765 1010 3834 late
1085 3769 1427 3866 sumptum
1504 3764 1587 3833 ab
1664 3765 1889 3836 eodem
1956 3775 2119 3836 statu
2184 3772 2399 3841 stricte

135 3891 442 3974 sumpt03-
477 3891 543 3950 et
585 3881 938 3955 admittunt
973 3881 1058 3949 ad
1091 3881 1326 3971 prioris
1367 3880 1709 3950 essentiam
1733 3903 1866 3950 non
1902 3884 2148 3972 requiri
2180 3863 2397 3957 votum

137 3995 204 4064 de
239 3997 450 4067 tribus
499 3996 788 4066 consiliis
825 3995 1242 4084 evangelicis,
1289 3994 1398 4062 sed
1442 3995 1735 4066 sufficere
1778 3997 2250 4068 observantiam
2278 4024 2395 4072 cu-

137 4111 376 4198 juslibet
427 4111 686 4182 consilii
733 4117 884 4179 voto
932 4110 1284 4208 firmatam.
1333 4108 1607 4190 Quando
1660 4119 1877 4178 autem
1914 4111 2155 4202 absque
2184 4115 2397 4186 addito

141 4223 514 4296 adhibentur
555 4247 744 4294 voees
791 4224 924 4293 illae
963 4236 1182 4292 status
1221 4222 1592 4314 reliqiosus,
1621 4221 1701 4289 de
1727 4229 1897 4289 statu
1926 4223 2220 4315 religioso
2240 4249 2401 4318 pro-

143 4338 262 4426 prie
280 4341 458 4412 dicto
477 4363 593 4412 seu
620 4341 941 4434 completo
971 4341 1352 4433 plerumque
1389 4339 1869 4426 intelliguntur.
