<?xml version="1.0" encoding="UTF-8"?>
<!DOCTYPE html PUBLIC "-//W3C//DTD XHTML 1.0 Transitional//EN"
    "http://www.w3.org/TR/xhtml1/DTD/xhtml1-transitional.dtd">
<html xmlns="http://www.w3.org/1999/xhtml" xml:lang="en" lang="en">
 <head>
  <title>
</title>
<meta http-equiv="Content-Type" content="text/html;charset=utf-8" />
  <meta name='ocr-system' content='tesseract 3.04.00' />
  <meta name='ocr-capabilities' content='ocr_page ocr_carea ocr_par ocr_line ocrx_word'/>
</head>
<body>
  <div class='ocr_page' id='page_1' title='image "./tractatusdejure01unkngoog_0277.png"; bbox 0 0 2834 4959; ppageno 0'>
   <div class='ocr_carea' id='block_1_1' title="bbox 1078 317 2450 377">
    <p class='ocr_par' dir='ltr' id='par_1_1' title="bbox 1078 317 2450 377">
     <span class='ocr_line' id='line_1_1' title="bbox 1078 317 2450 377; baseline -0.019 -7"><span class='ocrx_word' id='word_1_1' title='bbox 1078 321 1233 370; x_wconf 74' lang='lat' dir='ltr'>PARS</span> <span class='ocrx_word' id='word_1_2' title='bbox 1277 321 1569 370; x_wconf 75' lang='lat' dir='ltr'>SECUNDA.</span> <span class='ocrx_word' id='word_1_3' title='bbox 2333 317 2450 377; x_wconf 67' lang='lat'><strong>259</strong></span> 
     </span>
    </p>
   </div>
   <div class='ocr_carea' id='block_1_2' title="bbox 93 441 2471 4348">
    <p class='ocr_par' dir='ltr' id='par_1_2' title="bbox 206 441 2446 884">
     <span class='ocr_line' id='line_1_2' title="bbox 216 441 2442 534; baseline 0.002 -19"><span class='ocrx_word' id='word_1_4' title='bbox 216 476 247 515; x_wconf 70' lang='lat' dir='ltr'><strong>u</strong></span> <span class='ocrx_word' id='word_1_5' title='bbox 278 443 709 534; x_wconf 73' lang='lat' dir='ltr'><strong>pasqualiqu</strong></span> <span class='ocrx_word' id='word_1_6' title='bbox 756 442 899 514; x_wconf 83' lang='lat'><strong>1000</strong></span> <span class='ocrx_word' id='word_1_7' title='bbox 956 441 1165 534; x_wconf 86' lang='lat' dir='ltr'><strong>citato)</strong></span> <span class='ocrx_word' id='word_1_8' title='bbox 1244 449 1514 534; x_wconf 85' lang='lat' dir='ltr'><strong>possunt</strong></span> <span class='ocrx_word' id='word_1_9' title='bbox 1559 444 1728 512; x_wconf 83' lang='lat' dir='ltr'><strong>intra</strong></span> <span class='ocrx_word' id='word_1_10' title='bbox 1769 443 2068 514; x_wconf 83' lang='lat' dir='ltr'><strong>eamdem</strong></span> <span class='ocrx_word' id='word_1_11' title='bbox 2123 447 2442 519; x_wconf 79' lang='lat' dir='ltr'><strong>civitatem</strong></span> 
     </span>
     <span class='ocr_line' id='line_1_3' title="bbox 210 557 2446 650; baseline 0.004 -23"><span class='ocrx_word' id='word_1_12' title='bbox 210 583 363 630; x_wconf 73' lang='lat' dir='ltr'><strong>«seu</strong></span> <span class='ocrx_word' id='word_1_13' title='bbox 416 559 738 650; x_wconf 83' lang='lat' dir='ltr'><strong>oppidum</strong></span> <span class='ocrx_word' id='word_1_14' title='bbox 794 557 1161 644; x_wconf 77' lang='lat' dir='ltr'><strong>transferre,</strong></span> <span class='ocrx_word' id='word_1_15' title='bbox 1204 559 1366 648; x_wconf 85' lang='lat' dir='ltr'><strong>quia</strong></span> <span class='ocrx_word' id='word_1_16' title='bbox 1412 558 1495 626; x_wconf 74' lang='lat' dir='ltr'><strong>ad</strong></span> <span class='ocrx_word' id='word_1_17' title='bbox 1545 559 1668 628; x_wconf 86' lang='lat' dir='ltr'><strong>hoc</strong></span> <span class='ocrx_word' id='word_1_18' title='bbox 1725 558 1964 628; x_wconf 84' lang='lat' dir='ltr'><strong>habent</strong></span> <span class='ocrx_word' id='word_1_19' title='bbox 2017 559 2446 636; x_wconf 81' lang='lat' dir='ltr'><strong>sufficientem</strong></span> 
     </span>
     <span class='ocr_line' id='line_1_4' title="bbox 206 673 2446 772; baseline 0.003 -28"><span class='ocrx_word' id='word_1_20' title='bbox 206 705 235 744; x_wconf 71' lang='grc' dir='ltr'><em>α</em></span> <span class='ocrx_word' id='word_1_21' title='bbox 264 677 619 746; x_wconf 77' lang='lat' dir='ltr'><strong>facultatem</strong></span> <span class='ocrx_word' id='word_1_22' title='bbox 664 673 993 764; x_wconf 78' lang='lat' dir='ltr'><strong>regulares</strong></span> <span class='ocrx_word' id='word_1_23' title='bbox 1030 673 1587 744; x_wconf 74' lang='lat' dir='ltr'><strong>communicantes</strong></span> <span class='ocrx_word' id='word_1_24' title='bbox 1628 677 1700 742; x_wconf 86' lang='lat' dir='ltr'><strong>in</strong></span> <span class='ocrx_word' id='word_1_25' title='bbox 1729 675 2112 768; x_wconf 82' lang='lat' dir='ltr'><strong>privilegiis,</strong></span> <span class='ocrx_word' id='word_1_26' title='bbox 2141 701 2218 746; x_wconf 82' lang='lat' dir='ltr'><strong>ex</strong></span> <span class='ocrx_word' id='word_1_27' title='bbox 2241 682 2446 772; x_wconf 81' lang='lat' dir='ltr'><strong>privi-</strong></span> 
     </span>
     <span class='ocr_line' id='line_1_5' title="bbox 210 787 1774 884; baseline -0.001 -26"><span class='ocrx_word' id='word_1_28' title='bbox 210 820 241 858; x_wconf 70' lang='grc' dir='ltr'><strong>(ι</strong></span> <span class='ocrx_word' id='word_1_29' title='bbox 262 793 423 884; x_wconf 83' lang='lat' dir='ltr'><strong>legio</strong></span> <span class='ocrx_word' id='word_1_30' title='bbox 442 791 799 862; x_wconf 86' lang='lat' dir='ltr'><strong>Clementis</strong></span> <span class='ocrx_word' id='word_1_31' title='bbox 820 787 911 858; x_wconf 88' lang='lat' dir='ltr'><strong>lX</strong></span> <span class='ocrx_word' id='word_1_32' title='bbox 936 789 1155 858; x_wconf 85' lang='lat' dir='ltr'><strong>ordini</strong></span> <span class='ocrx_word' id='word_1_33' title='bbox 1184 789 1539 874; x_wconf 82' lang='lat' dir='ltr'><strong>Minorum,</strong></span> <span class='ocrx_word' id='word_1_34' title='bbox 1571 795 1692 861; x_wconf 87' lang='lat' dir='ltr'><strong>etc.</strong></span> <span class='ocrx_word' id='word_1_35' title='bbox 1735 815 1774 856; x_wconf 67' lang='lat' dir='ltr'><strong>n</strong></span> 
     </span>
    </p>

    <p class='ocr_par' dir='ltr' id='par_1_3' title="bbox 93 903 2471 4348">
     <span class='ocr_line' id='line_1_6' title="bbox 289 903 2456 998; baseline 0.003 -22"><span class='ocrx_word' id='word_1_36' title='bbox 289 909 349 976; x_wconf 73' lang='lat'><strong>4⁰</strong></span> <span class='ocrx_word' id='word_1_37' title='bbox 398 905 727 997; x_wconf 83' lang='lat' dir='ltr'>Quidquid</span> <span class='ocrx_word' id='word_1_38' title='bbox 778 903 947 974; x_wconf 87' lang='lat' dir='ltr'><strong>olim</strong></span> <span class='ocrx_word' id='word_1_39' title='bbox 992 904 1117 974; x_wconf 85' lang='lat' dir='ltr'><strong>hac</strong></span> <span class='ocrx_word' id='word_1_40' title='bbox 1142 904 1223 974; x_wconf 83' lang='lat' dir='ltr'><strong>de</strong></span> <span class='ocrx_word' id='word_1_41' title='bbox 1266 927 1337 974; x_wconf 88' lang='lat' dir='ltr'><strong>re</strong></span> <span class='ocrx_word' id='word_1_42' title='bbox 1376 905 1843 998; x_wconf 76' lang='lat' dir='ltr'><strong>disputaverint</strong></span> <span class='ocrx_word' id='word_1_43' title='bbox 1883 909 2261 995; x_wconf 76' lang='lat' dir='ltr'><strong>canonistas,</strong></span> <span class='ocrx_word' id='word_1_44' title='bbox 2317 933 2456 982; x_wconf 85' lang='lat' dir='ltr'><strong>om-</strong></span> 
     </span>
     <span class='ocr_line' id='line_1_7' title="bbox 208 1020 2456 1118; baseline 0.003 -27"><span class='ocrx_word' id='word_1_45' title='bbox 208 1023 358 1092; x_wconf 92' lang='lat' dir='ltr'><strong>nino</strong></span> <span class='ocrx_word' id='word_1_46' title='bbox 394 1023 659 1092; x_wconf 83' lang='lat' dir='ltr'><strong>tenenda</strong></span> <span class='ocrx_word' id='word_1_47' title='bbox 726 1027 821 1089; x_wconf 87' lang='lat' dir='ltr'><strong>est</strong></span> <span class='ocrx_word' id='word_1_48' title='bbox 868 1020 1075 1112; x_wconf 87' lang='lat' dir='ltr'><strong>posita</strong></span> <span class='ocrx_word' id='word_1_49' title='bbox 1134 1020 1508 1101; x_wconf 79' lang='lat' dir='ltr'><strong>conclusi03</strong></span> <span class='ocrx_word' id='word_1_50' title='bbox 1571 1041 1752 1112; x_wconf 85' lang='lat' dir='ltr'><strong>posse</strong></span> <span class='ocrx_word' id='word_1_51' title='bbox 1808 1043 2042 1114; x_wconf 82' lang='lat' dir='ltr'>nempe</span> <span class='ocrx_word' id='word_1_52' title='bbox 2105 1029 2456 1118; x_wconf 78' lang='lat' dir='ltr'><strong><em>transferri</em></strong></span> 
     </span>
     <span class='ocr_line' id='line_1_8' title="bbox 211 1134 2462 1226; baseline 0.003 -18"><span class='ocrx_word' id='word_1_53' title='bbox 211 1145 578 1210; x_wconf 75' lang='lat' dir='ltr'><strong>conventum</strong></span> <span class='ocrx_word' id='word_1_54' title='bbox 610 1136 691 1204; x_wconf 85' lang='lat' dir='ltr'><strong>ad</strong></span> <span class='ocrx_word' id='word_1_55' title='bbox 718 1136 928 1206; x_wconf 84' lang='lat' dir='ltr'><strong>alium</strong></span> <span class='ocrx_word' id='word_1_56' title='bbox 967 1134 1192 1206; x_wconf 82' lang='lat' dir='ltr'><strong>situm&#39;</strong></span> <span class='ocrx_word' id='word_1_57' title='bbox 1211 1137 1503 1226; x_wconf 72' lang='lat' dir='ltr'><strong>eiusdem</strong></span> <span class='ocrx_word' id='word_1_58' title='bbox 1545 1137 1694 1224; x_wconf 87' lang='lat' dir='ltr'><strong>loci,</strong></span> <span class='ocrx_word' id='word_1_59' title='bbox 1727 1157 1860 1206; x_wconf 89' lang='lat' dir='ltr'><strong>non</strong></span> <span class='ocrx_word' id='word_1_60' title='bbox 1909 1141 2173 1210; x_wconf 76' lang='lat' dir='ltr'><strong>servatis</strong></span> <span class='ocrx_word' id='word_1_61' title='bbox 2221 1147 2462 1215; x_wconf 75' lang='lat' dir='ltr'><strong>consti-</strong></span> 
     </span>
     <span class='ocr_line' id='line_1_9' title="bbox 210 1251 2460 1346; baseline 0.004 -25"><span class='ocrx_word' id='word_1_62' title='bbox 210 1254 543 1322; x_wconf 86' lang='lat' dir='ltr'><strong>tutionibus</strong></span> <span class='ocrx_word' id='word_1_63' title='bbox 556 1273 885 1322; x_wconf 86' lang='lat' dir='ltr'><strong>novorum</strong></span> <span class='ocrx_word' id='word_1_64' title='bbox 912 1263 1352 1320; x_wconf 80' lang='lat' dir='ltr'><strong>conventuum</strong></span> <span class='ocrx_word' id='word_1_65' title='bbox 1364 1251 1750 1321; x_wconf 82' lang='lat' dir='ltr'><em>erectionem</em></span> <span class='ocrx_word' id='word_1_66' title='bbox 1763 1254 2259 1344; x_wconf 78' lang='lat' dir='ltr'><strong>respicientibus</strong></span> <span class='ocrx_word' id='word_1_67' title='bbox 2280 1286 2299 1346; x_wconf 81' lang='lat'>3</span> <span class='ocrx_word' id='word_1_68' title='bbox 2317 1266 2460 1329; x_wconf 89' lang='lat' dir='ltr'><strong>tum</strong></span> 
     </span>
     <span class='ocr_line' id='line_1_10' title="bbox 210 1367 2464 1458; baseline 0.002 -20"><span class='ocrx_word' id='word_1_69' title='bbox 210 1370 351 1456; x_wconf 82' lang='lat' dir='ltr'><strong>quia</strong></span> <span class='ocrx_word' id='word_1_70' title='bbox 374 1369 519 1436; x_wconf 86' lang='lat' dir='ltr'><strong>satis</strong></span> <span class='ocrx_word' id='word_1_71' title='bbox 564 1389 679 1458; x_wconf 86' lang='lat' dir='ltr'><strong>per</strong></span> <span class='ocrx_word' id='word_1_72' title='bbox 701 1389 769 1438; x_wconf 87' lang='lat' dir='ltr'><strong>se</strong></span> <span class='ocrx_word' id='word_1_73' title='bbox 798 1372 973 1458; x_wconf 78' lang='lat' dir='ltr'><strong>patet</strong></span> <span class='ocrx_word' id='word_1_74' title='bbox 996 1367 1488 1436; x_wconf 81' lang='lat' dir='ltr'><strong>translationem</strong></span> <span class='ocrx_word' id='word_1_75' title='bbox 1521 1373 1875 1436; x_wconf 82' lang='lat' dir='ltr'><strong>conventus</strong></span> <span class='ocrx_word' id='word_1_76' title='bbox 1907 1368 1986 1436; x_wconf 77' lang='lat' dir='ltr'><strong>ad</strong></span> <span class='ocrx_word' id='word_1_77' title='bbox 2011 1369 2216 1438; x_wconf 87' lang='lat' dir='ltr'><strong>alium</strong></span> <span class='ocrx_word' id='word_1_78' title='bbox 2263 1374 2464 1443; x_wconf 88' lang='lat' dir='ltr'><strong>situm</strong></span> 
     </span>
     <span class='ocr_line' id='line_1_11' title="bbox 207 1482 2460 1579; baseline 0.004 -29"><span class='ocrx_word' id='word_1_79' title='bbox 207 1485 469 1572; x_wconf 83' lang='lat' dir='ltr'><strong>ejusdem</strong></span> <span class='ocrx_word' id='word_1_80' title='bbox 528 1483 685 1568; x_wconf 88' lang='lat' dir='ltr'><strong>loci,</strong></span> <span class='ocrx_word' id='word_1_81' title='bbox 742 1503 876 1552; x_wconf 90' lang='lat' dir='ltr'><strong>non</strong></span> <span class='ocrx_word' id='word_1_82' title='bbox 918 1501 1059 1550; x_wconf 87' lang='lat' dir='ltr'><strong>esse</strong></span> <span class='ocrx_word' id='word_1_83' title='bbox 1112 1482 1372 1573; x_wconf 83' lang='lat' dir='ltr'><strong>proprie</strong></span> <span class='ocrx_word' id='word_1_84' title='bbox 1423 1483 1576 1550; x_wconf 78' lang='lat' dir='ltr'><strong>novi</strong></span> <span class='ocrx_word' id='word_1_85' title='bbox 1618 1490 1975 1552; x_wconf 77' lang='lat' dir='ltr'><strong>conventus</strong></span> <span class='ocrx_word' id='word_1_86' title='bbox 2029 1485 2460 1579; x_wconf 86' lang='lat' dir='ltr'><strong>erectionem3</strong></span> 
     </span>
     <span class='ocr_line' id='line_1_12' title="bbox 206 1595 2468 1689; baseline 0.004 -23"><span class='ocrx_word' id='word_1_87' title='bbox 206 1605 327 1668; x_wconf 87' lang='lat' dir='ltr'><strong>tum</strong></span> <span class='ocrx_word' id='word_1_88' title='bbox 376 1600 713 1689; x_wconf 61' lang='lat' dir='ltr'><strong>praecipue</strong></span> <span class='ocrx_word' id='word_1_89' title='bbox 776 1596 936 1687; x_wconf 77' lang='lat' dir='ltr'><strong>quia</strong></span> <span class='ocrx_word' id='word_1_90' title='bbox 976 1596 1218 1688; x_wconf 85' lang='lat' dir='ltr'><strong>pluries</strong></span> <span class='ocrx_word' id='word_1_91' title='bbox 1273 1595 1341 1665; x_wconf 93' lang='lat' dir='ltr'><strong>S.</strong></span> <span class='ocrx_word' id='word_1_92' title='bbox 1392 1595 1929 1687; x_wconf 81' lang='lat' dir='ltr'><strong>Congregationes</strong></span> <span class='ocrx_word' id='word_1_93' title='bbox 2004 1597 2312 1671; x_wconf 83' lang='lat' dir='ltr'><strong>Romanae</strong></span> <span class='ocrx_word' id='word_1_94' title='bbox 2379 1606 2468 1674; x_wconf 81' lang='lat' dir='ltr'><strong>ita</strong></span> 
     </span>
     <span class='ocr_line' id='line_1_13' title="bbox 200 1711 2460 1809; baseline 0.003 -29"><span class='ocrx_word' id='word_1_95' title='bbox 200 1713 615 1782; x_wconf 80' lang='lat' dir='ltr'><strong>declararunt.</strong></span> <span class='ocrx_word' id='word_1_96' title='bbox 670 1712 985 1782; x_wconf 83' lang='lat' dir='ltr'><strong>Indicatas</strong></span> <span class='ocrx_word' id='word_1_97' title='bbox 1035 1711 1358 1802; x_wconf 75' lang='lat' dir='ltr'><strong>ejusmodi</strong></span> <span class='ocrx_word' id='word_1_98' title='bbox 1385 1712 1842 1782; x_wconf 80' lang='lat' dir='ltr'><strong>declarationes</strong></span> <span class='ocrx_word' id='word_1_99' title='bbox 1887 1714 2108 1784; x_wconf 76' lang='lat' dir='ltr'><strong>videre</strong></span> <span class='ocrx_word' id='word_1_100' title='bbox 2147 1726 2244 1785; x_wconf 84' lang='lat' dir='ltr'><strong>est</strong></span> <span class='ocrx_word' id='word_1_101' title='bbox 2285 1719 2460 1809; x_wconf 86' lang='lat' dir='ltr'><strong>apud</strong></span> 
     </span>
     <span class='ocr_line' id='line_1_14' title="bbox 93 1827 2464 1920; baseline 0.003 -24"><span class='ocrx_word' id='word_1_102' title='bbox 93 1902 102 1910; x_wconf 67' lang='grc'><strong>,</strong></span> <span class='ocrx_word' id='word_1_103' title='bbox 200 1827 473 1897; x_wconf 74' lang='lat' dir='ltr'><strong>Fet-raris</strong></span> <span class='ocrx_word' id='word_1_104' title='bbox 522 1831 707 1918; x_wconf 80' lang='lat' dir='ltr'><strong>(voce</strong></span> <span class='ocrx_word' id='word_1_105' title='bbox 755 1829 1160 1915; x_wconf 74' lang='lat' dir='ltr'><strong>Conventus,</strong></span> <span class='ocrx_word' id='word_1_106' title='bbox 1210 1834 1331 1898; x_wconf 89' lang='lat' dir='ltr'><strong>art.</strong></span> <span class='ocrx_word' id='word_1_107' title='bbox 1386 1830 1448 1912; x_wconf 87' lang='lat'><strong>1,</strong></span> <span class='ocrx_word' id='word_1_108' title='bbox 1497 1851 1566 1895; x_wconf 88' lang='lat' dir='ltr'><strong>n.</strong></span> <span class='ocrx_word' id='word_1_109' title='bbox 1628 1828 1738 1914; x_wconf 80' lang='lat'><strong>11,</strong></span> <span class='ocrx_word' id='word_1_110' title='bbox 1791 1828 1872 1895; x_wconf 80' lang='lat'><strong>12</strong></span> <span class='ocrx_word' id='word_1_111' title='bbox 1909 1833 1972 1896; x_wconf 88' lang='lat' dir='ltr'><strong>et</strong></span> <span class='ocrx_word' id='word_1_112' title='bbox 2015 1830 2153 1920; x_wconf 78' lang='lat'><strong>46),</strong></span> <span class='ocrx_word' id='word_1_113' title='bbox 2199 1839 2260 1898; x_wconf 86' lang='lat' dir='ltr'><strong>et</strong></span> <span class='ocrx_word' id='word_1_114' title='bbox 2295 1832 2464 1918; x_wconf 81' lang='lat' dir='ltr'><strong>apud</strong></span> 
     </span>
     <span class='ocr_line' id='line_1_15' title="bbox 199 1943 2470 2034; baseline 0.001 -23"><span class='ocrx_word' id='word_1_115' title='bbox 199 1943 513 2014; x_wconf 79' lang='lat' dir='ltr'><strong>Monacelli</strong></span> <span class='ocrx_word' id='word_1_116' title='bbox 566 1947 769 2034; x_wconf 85' lang='lat' dir='ltr'><strong>(parte</strong></span> <span class='ocrx_word' id='word_1_117' title='bbox 814 1945 880 2031; x_wconf 86' lang='lat'><strong>1,</strong></span> <span class='ocrx_word' id='word_1_118' title='bbox 916 1945 1013 2013; x_wconf 87' lang='lat' dir='ltr'><strong>tit.</strong></span> <span class='ocrx_word' id='word_1_119' title='bbox 1065 1944 1131 2030; x_wconf 88' lang='grc'><strong>6,</strong></span> <span class='ocrx_word' id='word_1_120' title='bbox 1185 1944 1474 2012; x_wconf 84' lang='lat' dir='ltr'><strong>formula</strong></span> <span class='ocrx_word' id='word_1_121' title='bbox 1519 1943 1625 2026; x_wconf 85' lang='lat'><strong>19,</strong></span> <span class='ocrx_word' id='word_1_122' title='bbox 1677 1965 1745 2010; x_wconf 86' lang='lat' dir='ltr'><strong>n.</strong></span> <span class='ocrx_word' id='word_1_123' title='bbox 1797 1943 1840 2010; x_wconf 82' lang='lat'>4</span> <span class='ocrx_word' id='word_1_124' title='bbox 1891 1949 1954 2010; x_wconf 88' lang='lat' dir='ltr'><strong>et</strong></span> <span class='ocrx_word' id='word_1_125' title='bbox 1979 1947 2210 2032; x_wconf 87' lang='lat' dir='ltr'><strong>seqq.).</strong></span> <span class='ocrx_word' id='word_1_126' title='bbox 2247 1944 2470 2015; x_wconf 84' lang='lat' dir='ltr'><strong>Atten-</strong></span> 
     </span>
     <span class='ocr_line' id='line_1_16' title="bbox 202 2057 2468 2152; baseline 0.001 -26"><span class='ocrx_word' id='word_1_127' title='bbox 202 2058 387 2128; x_wconf 83' lang='lat' dir='ltr'><strong>denda</strong></span> <span class='ocrx_word' id='word_1_128' title='bbox 414 2061 787 2152; x_wconf 81' lang='lat' dir='ltr'><strong>praesertim</strong></span> <span class='ocrx_word' id='word_1_129' title='bbox 814 2059 1186 2138; x_wconf 80' lang='lat' dir='ltr'><strong>declaratio,</strong></span> <span class='ocrx_word' id='word_1_130' title='bbox 1234 2079 1444 2148; x_wconf 84' lang='lat' dir='ltr'><strong>quam</strong></span> <span class='ocrx_word' id='word_1_131' title='bbox 1497 2057 1616 2141; x_wconf 88' lang='lat' dir='ltr'><strong>ibi,</strong></span> <span class='ocrx_word' id='word_1_132' title='bbox 1671 2079 1946 2126; x_wconf 89' lang='lat' dir='ltr'><strong>numero</strong></span> <span class='ocrx_word' id='word_1_133' title='bbox 1994 2058 2070 2143; x_wconf 73' lang='lat'><strong>4,</strong></span> <span class='ocrx_word' id='word_1_134' title='bbox 2103 2058 2300 2126; x_wconf 80' lang='lat' dir='ltr'><strong>refert</strong></span> <span class='ocrx_word' id='word_1_135' title='bbox 2335 2059 2468 2128; x_wconf 87' lang='lat' dir='ltr'><strong>Mo-</strong></span> 
     </span>
     <span class='ocr_line' id='line_1_17' title="bbox 198 2159 2471 2263; baseline 0.001 -23"><span class='ocrx_word' id='word_1_136' title='bbox 198 2173 497 2258; x_wconf 80' lang='lat' dir='ltr'><strong>nacellus,</strong></span> <span class='ocrx_word' id='word_1_137' title='bbox 549 2175 621 2241; x_wconf 86' lang='lat' dir='ltr'><strong>iu</strong></span> <span class='ocrx_word' id='word_1_138' title='bbox 662 2173 843 2242; x_wconf 88' lang='lat' dir='ltr'><strong>hunc</strong></span> <span class='ocrx_word' id='word_1_139' title='bbox 873 2159 1149 2243; x_wconf 84' lang='lat' dir='ltr'><strong>modum</strong></span> <span class='ocrx_word' id='word_1_140' title='bbox 1185 2197 1202 2240; x_wconf 78' lang='lat' dir='ltr'><strong><em>z</em></strong></span> <span class='ocrx_word' id='word_1_141' title='bbox 1238 2197 1273 2237; x_wconf 87' lang='lat'>«</span> <span class='ocrx_word' id='word_1_142' title='bbox 1295 2172 1440 2240; x_wconf 89' lang='lat' dir='ltr'><strong>Non</strong></span> <span class='ocrx_word' id='word_1_143' title='bbox 1469 2179 1624 2241; x_wconf 88' lang='lat' dir='ltr'><strong>sunt</strong></span> <span class='ocrx_word' id='word_1_144' title='bbox 1657 2173 1834 2240; x_wconf 89' lang='lat' dir='ltr'><strong>enim</strong></span> <span class='ocrx_word' id='word_1_145' title='bbox 1865 2172 2192 2263; x_wconf 76' lang='lat' dir='ltr'><strong>praedictae</strong></span> <span class='ocrx_word' id='word_1_146' title='bbox 2229 2173 2471 2242; x_wconf 87' lang='lat' dir='ltr'><strong>consti-</strong></span> 
     </span>
     <span class='ocr_line' id='line_1_18' title="bbox 200 2289 2466 2378; baseline 0.001 -22"><span class='ocrx_word' id='word_1_147' title='bbox 200 2315 233 2356; x_wconf 70' lang='lat'>«</span> <span class='ocrx_word' id='word_1_148' title='bbox 256 2293 535 2359; x_wconf 88' lang='lat' dir='ltr'><strong>tutiones</strong></span> <span class='ocrx_word' id='word_1_149' title='bbox 591 2293 925 2360; x_wconf 63' lang='lat' dir='ltr'><strong>servandae</strong></span> <span class='ocrx_word' id='word_1_150' title='bbox 956 2291 1027 2359; x_wconf 90' lang='lat' dir='ltr'><strong>in</strong></span> <span class='ocrx_word' id='word_1_151' title='bbox 1076 2289 1492 2358; x_wconf 83' lang='lat' dir='ltr'><strong>translatione</strong></span> <span class='ocrx_word' id='word_1_152' title='bbox 1541 2295 1924 2368; x_wconf 85' lang='lat' dir='ltr'><strong>conventus,</strong></span> <span class='ocrx_word' id='word_1_153' title='bbox 1957 2289 2082 2378; x_wconf 80' lang='lat' dir='ltr'><strong>&#39;qui</strong></span> <span class='ocrx_word' id='word_1_154' title='bbox 2123 2289 2198 2358; x_wconf 90' lang='lat' dir='ltr'><strong>fit</strong></span> <span class='ocrx_word' id='word_1_155' title='bbox 2227 2292 2298 2358; x_wconf 90' lang='lat' dir='ltr'><strong>in</strong></span> <span class='ocrx_word' id='word_1_156' title='bbox 2339 2291 2466 2359; x_wconf 86' lang='lat' dir='ltr'><strong>alio</strong></span> 
     </span>
     <span class='ocr_line' id='line_1_19' title="bbox 202 2404 2468 2496; baseline 0.002 -26"><span class='ocrx_word' id='word_1_157' title='bbox 202 2429 233 2469; x_wconf 74' lang='lat' dir='ltr'><strong>«t</strong></span> <span class='ocrx_word' id='word_1_158' title='bbox 256 2407 377 2474; x_wconf 84' lang='lat' dir='ltr'><strong>situ</strong></span> <span class='ocrx_word' id='word_1_159' title='bbox 402 2407 703 2495; x_wconf 84' lang='lat' dir='ltr'><strong>ejusdem</strong></span> <span class='ocrx_word' id='word_1_160' title='bbox 733 2406 885 2494; x_wconf 89' lang='lat' dir='ltr'><strong>loci,</strong></span> <span class='ocrx_word' id='word_1_161' title='bbox 948 2405 1050 2474; x_wconf 78' lang='lat' dir='ltr'><strong>vel</strong></span> <span class='ocrx_word' id='word_1_162' title='bbox 1104 2404 1189 2472; x_wconf 91' lang='lat' dir='ltr'><strong>ob</strong></span> <span class='ocrx_word' id='word_1_163' title='bbox 1220 2407 1586 2496; x_wconf 84' lang='lat' dir='ltr'><strong>periculum</strong></span> <span class='ocrx_word' id='word_1_164' title='bbox 1622 2405 1834 2474; x_wconf 77' lang='lat' dir='ltr'><strong>ruinae</strong></span> <span class='ocrx_word' id='word_1_165' title='bbox 1881 2405 2148 2475; x_wconf 73' lang='lat' dir='ltr'><strong>fabricae</strong></span> <span class='ocrx_word' id='word_1_166' title='bbox 2187 2427 2468 2476; x_wconf 76' lang='lat' dir='ltr'><strong>conven-</strong></span> 
     </span>
     <span class='ocr_line' id='line_1_20' title="bbox 200 2519 2466 2610; baseline 0.004 -28"><span class='ocrx_word' id='word_1_167' title='bbox 200 2543 231 2582; x_wconf 75' lang='grc' dir='ltr'><strong>α</strong></span> <span class='ocrx_word' id='word_1_168' title='bbox 266 2527 369 2588; x_wconf 83' lang='lat' dir='ltr'><strong>tus</strong></span> <span class='ocrx_word' id='word_1_169' title='bbox 413 2523 689 2610; x_wconf 87' lang='lat' dir='ltr'><strong>antiqui,</strong></span> <span class='ocrx_word' id='word_1_170' title='bbox 744 2522 847 2589; x_wconf 78' lang='lat' dir='ltr'><strong>vel</strong></span> <span class='ocrx_word' id='word_1_171' title='bbox 894 2519 1410 2588; x_wconf 82' lang='lat' dir='ltr'><strong>insalubritatem</strong></span> <span class='ocrx_word' id='word_1_172' title='bbox 1481 2523 1668 2602; x_wconf 84' lang='lat' dir='ltr'><strong>aeris,</strong></span> <span class='ocrx_word' id='word_1_173' title='bbox 1729 2521 1828 2588; x_wconf 85' lang='lat' dir='ltr'><strong>vel</strong></span> <span class='ocrx_word' id='word_1_174' title='bbox 1881 2521 2062 2590; x_wconf 86' lang='lat' dir='ltr'><strong>aliud</strong></span> <span class='ocrx_word' id='word_1_175' title='bbox 2119 2543 2314 2610; x_wconf 84' lang='lat' dir='ltr'><strong>grave</strong></span> <span class='ocrx_word' id='word_1_176' title='bbox 2364 2524 2466 2591; x_wconf 87' lang='lat' dir='ltr'><strong>in-</strong></span> 
     </span>
     <span class='ocr_line' id='line_1_21' title="bbox 202 2633 2464 2727; baseline 0.004 -29"><span class='ocrx_word' id='word_1_177' title='bbox 202 2659 235 2698; x_wconf 79' lang='grc' dir='ltr'><em>α</em></span> <span class='ocrx_word' id='word_1_178' title='bbox 268 2637 717 2719; x_wconf 82' lang='lat' dir='ltr'><strong>commodum3</strong></span> <span class='ocrx_word' id='word_1_179' title='bbox 754 2637 911 2726; x_wconf 79' lang='lat' dir='ltr'><strong>quia</strong></span> <span class='ocrx_word' id='word_1_180' title='bbox 954 2635 1097 2703; x_wconf 84' lang='lat' dir='ltr'><strong>haec</strong></span> <span class='ocrx_word' id='word_1_181' title='bbox 1144 2655 1279 2706; x_wconf 90' lang='lat' dir='ltr'><strong>non</strong></span> <span class='ocrx_word' id='word_1_182' title='bbox 1306 2633 1545 2700; x_wconf 89' lang='lat' dir='ltr'><strong>dicitur</strong></span> <span class='ocrx_word' id='word_1_183' title='bbox 1589 2652 1756 2699; x_wconf 78' lang='lat' dir='ltr'><strong>nova</strong></span> <span class='ocrx_word' id='word_1_184' title='bbox 1799 2633 2120 2702; x_wconf 83' lang='lat' dir='ltr'><strong>fundatio.</strong></span> <span class='ocrx_word' id='word_1_185' title='bbox 2153 2635 2232 2702; x_wconf 87' lang='lat' dir='ltr'><strong>Et</strong></span> <span class='ocrx_word' id='word_1_186' title='bbox 2259 2659 2464 2727; x_wconf 90' lang='lat' dir='ltr'><strong>oppo-</strong></span> 
     </span>
     <span class='ocr_line' id='line_1_22' title="bbox 205 2745 2466 2842; baseline 0.002 -28"><span class='ocrx_word' id='word_1_187' title='bbox 205 2772 240 2814; x_wconf 76' lang='grc' dir='ltr'><strong>α</strong></span> <span class='ocrx_word' id='word_1_188' title='bbox 268 2750 529 2818; x_wconf 73' lang='lat' dir='ltr'><strong>sitiones</strong></span> <span class='ocrx_word' id='word_1_189' title='bbox 572 2752 847 2820; x_wconf 83' lang='lat' dir='ltr'><strong>aliorum</strong></span> <span class='ocrx_word' id='word_1_190' title='bbox 872 2751 1277 2842; x_wconf 77' lang='lat' dir='ltr'><strong>regularium</strong></span> <span class='ocrx_word' id='word_1_191' title='bbox 1308 2749 1558 2816; x_wconf 84' lang='lat' dir='ltr'><strong>obstare</strong></span> <span class='ocrx_word' id='word_1_192' title='bbox 1603 2765 1736 2812; x_wconf 84' lang='lat' dir='ltr'><strong>non</strong></span> <span class='ocrx_word' id='word_1_193' title='bbox 1785 2745 2019 2814; x_wconf 81' lang='lat' dir='ltr'><strong>valent.</strong></span> <span class='ocrx_word' id='word_1_194' title='bbox 2067 2747 2174 2816; x_wconf 87' lang='lat' dir='ltr'><strong>Sic</strong></span> <span class='ocrx_word' id='word_1_195' title='bbox 2202 2771 2466 2838; x_wconf 88' lang='lat' dir='ltr'><strong>respon-</strong></span> 
     </span>
     <span class='ocr_line' id='line_1_23' title="bbox 206 2860 2466 2958; baseline 0.002 -29"><span class='ocrx_word' id='word_1_196' title='bbox 206 2888 243 2929; x_wconf 76' lang='lat'><strong>«</strong></span> <span class='ocrx_word' id='word_1_197' title='bbox 266 2863 363 2930; x_wconf 85' lang='lat' dir='ltr'><strong>dit</strong></span> <span class='ocrx_word' id='word_1_198' title='bbox 410 2863 475 2932; x_wconf 93' lang='lat' dir='ltr'><strong>S.</strong></span> <span class='ocrx_word' id='word_1_199' title='bbox 526 2863 947 2958; x_wconf 77' lang='lat' dir='ltr'><strong>congregatio</strong></span> <span class='ocrx_word' id='word_1_200' title='bbox 1000 2867 1474 2956; x_wconf 82' lang='lat' dir='ltr'><strong>Episcoporum</strong></span> <span class='ocrx_word' id='word_1_201' title='bbox 1528 2868 1592 2930; x_wconf 85' lang='lat' dir='ltr'><strong>et</strong></span> <span class='ocrx_word' id='word_1_202' title='bbox 1635 2860 2042 2949; x_wconf 81' lang='lat' dir='ltr'><strong>regularium</strong></span> <span class='ocrx_word' id='word_1_203' title='bbox 2083 2863 2151 2928; x_wconf 90' lang='lat' dir='ltr'><strong>in</strong></span> <span class='ocrx_word' id='word_1_204' title='bbox 2209 2865 2466 2932; x_wconf 83' lang='lat' dir='ltr'><strong>Gerun-</strong></span> 
     </span>
     <span class='ocr_line' id='line_1_24' title="bbox 202 2977 2459 3072; baseline 0 -25"><span class='ocrx_word' id='word_1_205' title='bbox 202 3004 240 3046; x_wconf 80' lang='grc' dir='ltr'><strong>α</strong></span> <span class='ocrx_word' id='word_1_206' title='bbox 265 2977 473 3066; x_wconf 66' lang='lat' dir='ltr'><strong>amai,</strong></span> <span class='ocrx_word' id='word_1_207' title='bbox 524 2981 607 3049; x_wconf 85' lang='lat'><strong>19</strong></span> <span class='ocrx_word' id='word_1_208' title='bbox 654 2980 1040 3072; x_wconf 82' lang='lat' dir='ltr'><strong>septembris</strong></span> <span class='ocrx_word' id='word_1_209' title='bbox 1086 2980 1283 3066; x_wconf 77' lang='lat'><strong>1687,</strong></span> <span class='ocrx_word' id='word_1_210' title='bbox 1312 2979 1413 3048; x_wconf 87' lang='lat' dir='ltr'><strong>his</strong></span> <span class='ocrx_word' id='word_1_211' title='bbox 1456 2977 1668 3047; x_wconf 84' lang='lat' dir='ltr'><strong>verbis</strong></span> <span class='ocrx_word' id='word_1_212' title='bbox 1699 2997 1722 3043; x_wconf 90' lang='lat'><strong>.·</strong></span> <span class='ocrx_word' id='word_1_213' title='bbox 1753 2978 1961 3043; x_wconf 81' lang='lat' dir='ltr'><strong>Sacra</strong></span> <span class='ocrx_word' id='word_1_214' title='bbox 1995 2978 2459 3068; x_wconf 75' lang='lat' dir='ltr'><strong>Conqreqati0‚</strong></span> 
     </span>
     <span class='ocr_line' id='line_1_25' title="bbox 199 3090 2466 3184; baseline 0 -25"><span class='ocrx_word' id='word_1_215' title='bbox 199 3119 233 3158; x_wconf 72' lang='grc' dir='ltr'><em>α</em></span> <span class='ocrx_word' id='word_1_216' title='bbox 262 3095 336 3162; x_wconf 77' lang='lat' dir='ltr'><strong>in</strong></span> <span class='ocrx_word' id='word_1_217' title='bbox 350 3117 553 3164; x_wconf 85' lang='lat' dir='ltr'><strong>causa</strong></span> <span class='ocrx_word' id='word_1_218' title='bbox 571 3109 639 3164; x_wconf 85' lang='lat' dir='ltr'><strong>et</strong></span> <span class='ocrx_word' id='word_1_219' title='bbox 656 3098 864 3164; x_wconf 73' lang='lat' dir='ltr'><strong>causis</strong></span> <span class='ocrx_word' id='word_1_220' title='bbox 882 3097 1308 3184; x_wconf 79' lang='lat' dir='ltr'><strong>vertentibus,</strong></span> <span class='ocrx_word' id='word_1_221' title='bbox 1322 3095 1508 3163; x_wconf 81' lang='lat' dir='ltr'><strong>inter</strong></span> <span class='ocrx_word' id='word_1_222' title='bbox 1520 3095 1772 3184; x_wconf 83' lang='lat' dir='ltr'><strong>fratres</strong></span> <span class='ocrx_word' id='word_1_223' title='bbox 1794 3090 2192 3161; x_wconf 80' lang='lat' dir='ltr'><strong>Carmelitas</strong></span> <span class='ocrx_word' id='word_1_224' title='bbox 2215 3093 2466 3160; x_wconf 81' lang='lat' dir='ltr'><strong>calcea·</strong></span> 
     </span>
     <span class='ocr_line' id='line_1_26' title="bbox 197 3207 2454 3299; baseline 0 -23"><span class='ocrx_word' id='word_1_225' title='bbox 197 3235 233 3276; x_wconf 74' lang='grc' dir='ltr'><strong>«ι</strong></span> <span class='ocrx_word' id='word_1_226' title='bbox 260 3223 358 3280; x_wconf 89' lang='lat' dir='ltr'><strong>tos</strong></span> <span class='ocrx_word' id='word_1_227' title='bbox 384 3213 686 3280; x_wconf 85' lang='lat' dir='ltr'><strong>civitatis</strong></span> <span class='ocrx_word' id='word_1_228' title='bbox 730 3209 1176 3281; x_wconf 72' lang='lat' dir='ltr'><strong>Get-undensis</strong></span> <span class='ocrx_word' id='word_1_229' title='bbox 1221 3234 1302 3280; x_wconf 76' lang='lat' dir='ltr'><strong>ex</strong></span> <span class='ocrx_word' id='word_1_230' title='bbox 1338 3233 1476 3279; x_wconf 83' lang='lat' dir='ltr'><strong>una</strong></span> <span class='ocrx_word' id='word_1_231' title='bbox 1490 3230 1520 3293; x_wconf 91' lang='lat'><strong>,·</strong></span> <span class='ocrx_word' id='word_1_232' title='bbox 1555 3222 1620 3277; x_wconf 84' lang='lat' dir='ltr'><strong>et</strong></span> <span class='ocrx_word' id='word_1_233' title='bbox 1661 3219 1892 3299; x_wconf 84' lang='lat' dir='ltr'><strong>patres</strong></span> <span class='ocrx_word' id='word_1_234' title='bbox 1918 3207 2256 3276; x_wconf 84' lang='lat' dir='ltr'><strong>societatis</strong></span> <span class='ocrx_word' id='word_1_235' title='bbox 2281 3209 2454 3298; x_wconf 77' lang='lat' dir='ltr'><strong>Iesu,</strong></span> 
     </span>
     <span class='ocr_line' id='line_1_27' title="bbox 199 3324 2462 3420; baseline 0.002 -27"><span class='ocrx_word' id='word_1_236' title='bbox 199 3353 235 3392; x_wconf 72' lang='grc' dir='ltr'>α</span> <span class='ocrx_word' id='word_1_237' title='bbox 264 3329 665 3398; x_wconf 73' lang='lat' dir='ltr'><strong>Camelitas</strong></span> <span class='ocrx_word' id='word_1_238' title='bbox 692 3329 1097 3398; x_wconf 73' lang='lat' dir='ltr'><strong>excalceatos</strong></span> <span class='ocrx_word' id='word_1_239' title='bbox 1146 3327 1440 3420; x_wconf 81' lang='lat' dir='ltr'><strong>ejusdem</strong></span> <span class='ocrx_word' id='word_1_240' title='bbox 1477 3327 1793 3409; x_wconf 84' lang='lat' dir='ltr'><strong>civitatis,</strong></span> <span class='ocrx_word' id='word_1_241' title='bbox 1828 3337 1894 3393; x_wconf 87' lang='lat' dir='ltr'><strong>et</strong></span> <span class='ocrx_word' id='word_1_242' title='bbox 1939 3324 2080 3394; x_wconf 81' lang='lat' dir='ltr'><strong>litis</strong></span> <span class='ocrx_word' id='word_1_243' title='bbox 2106 3339 2462 3418; x_wconf 84' lang='lat' dir='ltr'><strong>consortes,</strong></span> 
     </span>
     <span class='ocr_line' id='line_1_28' title="bbox 192 3441 2462 3535; baseline 0.001 -27"><span class='ocrx_word' id='word_1_244' title='bbox 192 3468 230 3508; x_wconf 66' lang='lat' dir='ltr'><strong>a</strong></span> <span class='ocrx_word' id='word_1_245' title='bbox 260 3465 345 3512; x_wconf 73' lang='lat' dir='ltr'><strong>ex</strong></span> <span class='ocrx_word' id='word_1_246' title='bbox 372 3447 595 3514; x_wconf 82' lang='lat' dir='ltr'><strong>altera</strong></span> <span class='ocrx_word' id='word_1_247' title='bbox 616 3445 962 3535; x_wconf 82' lang='lat' dir='ltr'><strong>partibus,·</strong></span> <span class='ocrx_word' id='word_1_248' title='bbox 1012 3443 1094 3512; x_wconf 82' lang='lat' dir='ltr'><strong>do</strong></span> <span class='ocrx_word' id='word_1_249' title='bbox 1128 3458 1193 3512; x_wconf 84' lang='lat' dir='ltr'><strong>et</strong></span> <span class='ocrx_word' id='word_1_250' title='bbox 1228 3465 1428 3535; x_wconf 85' lang='lat' dir='ltr'><strong>super</strong></span> <span class='ocrx_word' id='word_1_251' title='bbox 1467 3441 1929 3521; x_wconf 80' lang='lat' dir='ltr'><strong>translatione,</strong></span> <span class='ocrx_word' id='word_1_252' title='bbox 1956 3442 2359 3530; x_wconf 83' lang='lat' dir='ltr'><strong>fundatione</strong></span> <span class='ocrx_word' id='word_1_253' title='bbox 2399 3456 2462 3511; x_wconf 83' lang='lat' dir='ltr'><strong>et</strong></span> 
     </span>
     <span class='ocr_line' id='line_1_29' title="bbox 186 3555 2463 3645; baseline -0.003 -19"><span class='ocrx_word' id='word_1_254' title='bbox 186 3585 223 3626; x_wconf 77' lang='grc' dir='ltr'><strong>α</strong></span> <span class='ocrx_word' id='word_1_255' title='bbox 270 3562 765 3629; x_wconf 84' lang='lat' dir='ltr'><strong>constructione</strong></span> <span class='ocrx_word' id='word_1_256' title='bbox 788 3560 1103 3630; x_wconf 70' lang='lat' dir='ltr'><strong>Ecclesiae</strong></span> <span class='ocrx_word' id='word_1_257' title='bbox 1124 3571 1188 3628; x_wconf 85' lang='lat' dir='ltr'><strong>et</strong></span> <span class='ocrx_word' id='word_1_258' title='bbox 1210 3569 1566 3628; x_wconf 85' lang='lat' dir='ltr'><strong>conventus</strong></span> <span class='ocrx_word' id='word_1_259' title='bbox 1591 3555 1920 3624; x_wconf 87' lang='lat' dir='ltr'><strong>dictorum</strong></span> <span class='ocrx_word' id='word_1_260' title='bbox 1946 3557 2250 3645; x_wconf 78' lang='lat' dir='ltr'><strong>fratrum</strong></span> <span class='ocrx_word' id='word_1_261' title='bbox 2297 3558 2463 3623; x_wconf 89' lang='lat' dir='ltr'><strong>Car-</strong></span> 
     </span>
     <span class='ocr_line' id='line_1_30' title="bbox 190 3670 2464 3762; baseline -0.001 -22"><span class='ocrx_word' id='word_1_262' title='bbox 190 3701 224 3740; x_wconf 72' lang='lat'><strong>«</strong></span> <span class='ocrx_word' id='word_1_263' title='bbox 258 3678 651 3745; x_wconf 81' lang='lat' dir='ltr'><strong>melitarum</strong></span> <span class='ocrx_word' id='word_1_264' title='bbox 676 3677 1121 3745; x_wconf 84' lang='lat' dir='ltr'><strong>calceatorum</strong></span> <span class='ocrx_word' id='word_1_265' title='bbox 1146 3674 1219 3744; x_wconf 85' lang='lat' dir='ltr'><strong>in</strong></span> <span class='ocrx_word' id='word_1_266' title='bbox 1243 3673 1541 3743; x_wconf 81' lang='lat' dir='ltr'><strong>domibus</strong></span> <span class='ocrx_word' id='word_1_267' title='bbox 1565 3671 1644 3741; x_wconf 83' lang='lat' dir='ltr'><strong>de</strong></span> <span class='ocrx_word' id='word_1_268' title='bbox 1672 3671 1910 3740; x_wconf 77' lang='lat' dir='ltr'><strong>Abriclz</strong></span> <span class='ocrx_word' id='word_1_269' title='bbox 1927 3693 2053 3762; x_wconf 84' lang='lat' dir='ltr'><strong>per</strong></span> <span class='ocrx_word' id='word_1_270' title='bbox 2071 3670 2246 3762; x_wconf 86' lang='lat' dir='ltr'><strong>ipsos</strong></span> <span class='ocrx_word' id='word_1_271' title='bbox 2265 3670 2464 3738; x_wconf 75' lang='lat' dir='ltr'><strong>inha-</strong></span> 
     </span>
     <span class='ocr_line' id='line_1_31' title="bbox 186 3783 2465 3882; baseline -0.001 -28"><span class='ocrx_word' id='word_1_272' title='bbox 186 3817 227 3854; x_wconf 75' lang='grc' dir='ltr'>α</span> <span class='ocrx_word' id='word_1_273' title='bbox 262 3789 334 3856; x_wconf 85' lang='lat' dir='ltr'><strong>bi</strong></span> <span class='ocrx_word' id='word_1_274' title='bbox 342 3794 493 3858; x_wconf 83' lang='lat' dir='ltr'><strong>tatis</strong></span> <span class='ocrx_word' id='word_1_275' title='bbox 502 3811 533 3874; x_wconf 89' lang='lat'><em>;</em></span> <span class='ocrx_word' id='word_1_276' title='bbox 542 3790 859 3882; x_wconf 83' lang='lat' dir='ltr'><strong>partibus</strong></span> <span class='ocrx_word' id='word_1_277' title='bbox 872 3789 1121 3860; x_wconf 84' lang='lat' dir='ltr'><strong>auditis</strong></span> <span class='ocrx_word' id='word_1_278' title='bbox 1130 3787 2036 3880; x_wconf 80' lang='lat' dir='ltr'><strong>;refcrentcEminentissimo</strong></span> <span class='ocrx_word' id='word_1_279' title='bbox 2047 3787 2116 3854; x_wconf 88' lang='lat' dir='ltr'><strong>S.</strong></span> <span class='ocrx_word' id='word_1_280' title='bbox 2142 3783 2423 3852; x_wconf 74' lang='lat' dir='ltr'><strong>Coecilioe</strong></span> <span class='ocrx_word' id='word_1_281' title='bbox 2433 3804 2465 3871; x_wconf 89' lang='lat'><strong>,·</strong></span> 
     </span>
     <span class='ocr_line' id='line_1_32' title="bbox 180 3897 2461 3997; baseline -0.002 -25"><span class='ocrx_word' id='word_1_282' title='bbox 180 3929 222 3972; x_wconf 73' lang='grc' dir='ltr'><strong>ει</strong></span> <span class='ocrx_word' id='word_1_283' title='bbox 256 3906 519 3973; x_wconf 82' lang='lat' dir='ltr'><strong>censuit</strong></span> <span class='ocrx_word' id='word_1_284' title='bbox 538 3919 604 3974; x_wconf 84' lang='lat' dir='ltr'><strong>et</strong></span> <span class='ocrx_word' id='word_1_285' title='bbox 628 3905 1021 3993; x_wconf 81' lang='lat' dir='ltr'><strong>declaravit,</strong></span> <span class='ocrx_word' id='word_1_286' title='bbox 1056 3903 1466 3997; x_wconf 83' lang='lat' dir='ltr'><strong>supradictae</strong></span> <span class='ocrx_word' id='word_1_287' title='bbox 1496 3901 1954 3984; x_wconf 85' lang='lat' dir='ltr'><strong>translationi,</strong></span> <span class='ocrx_word' id='word_1_288' title='bbox 1981 3897 2379 3991; x_wconf 84' lang='lat' dir='ltr'><strong>fundationi</strong></span> <span class='ocrx_word' id='word_1_289' title='bbox 2397 3911 2461 3968; x_wconf 85' lang='lat' dir='ltr'><strong>et</strong></span> 
     </span>
     <span class='ocr_line' id='line_1_33' title="bbox 182 4017 2462 4120; baseline -0.001 -34"><span class='ocrx_word' id='word_1_290' title='bbox 182 4047 217 4086; x_wconf 77' lang='grc' dir='ltr'>ι</span> <span class='ocrx_word' id='word_1_291' title='bbox 244 4022 739 4092; x_wconf 80' lang='lat' dir='ltr'><strong>constructioni</strong></span> <span class='ocrx_word' id='word_1_292' title='bbox 762 4021 1075 4092; x_wconf 85' lang='lat' dir='ltr'><strong>Ecclesiae</strong></span> <span class='ocrx_word' id='word_1_293' title='bbox 1093 4033 1158 4090; x_wconf 84' lang='lat' dir='ltr'><strong>ct</strong></span> <span class='ocrx_word' id='word_1_294' title='bbox 1186 4031 1544 4090; x_wconf 84' lang='lat' dir='ltr'><strong>conventus</strong></span> <span class='ocrx_word' id='word_1_295' title='bbox 1562 4017 1942 4120; x_wconf 84' lang='lat' dir='ltr'><strong>corumdem</strong></span> <span class='ocrx_word' id='word_1_296' title='bbox 1969 4017 2276 4105; x_wconf 84' lang='lat' dir='ltr'><strong>fratrum</strong></span> <span class='ocrx_word' id='word_1_297' title='bbox 2300 4017 2462 4084; x_wconf 87' lang='lat' dir='ltr'><strong>Car-</strong></span> 
     </span>
     <span class='ocr_line' id='line_1_34' title="bbox 186 4129 2460 4227; baseline -0.002 -25"><span class='ocrx_word' id='word_1_298' title='bbox 186 4162 223 4202; x_wconf 78' lang='lat'>«</span> <span class='ocrx_word' id='word_1_299' title='bbox 248 4137 644 4207; x_wconf 84' lang='lat' dir='ltr'><strong>melitarum</strong></span> <span class='ocrx_word' id='word_1_300' title='bbox 697 4138 1165 4226; x_wconf 84' lang='lat' dir='ltr'><strong>calccatorum,</strong></span> <span class='ocrx_word' id='word_1_301' title='bbox 1224 4137 1295 4206; x_wconf 87' lang='lat' dir='ltr'><strong>in</strong></span> <span class='ocrx_word' id='word_1_302' title='bbox 1331 4134 1638 4227; x_wconf 85' lang='lat' dir='ltr'><strong>praefatis</strong></span> <span class='ocrx_word' id='word_1_303' title='bbox 1695 4130 2002 4200; x_wconf 81' lang='lat' dir='ltr'><strong>domibus</strong></span> <span class='ocrx_word' id='word_1_304' title='bbox 2053 4129 2134 4198; x_wconf 88' lang='lat' dir='ltr'><strong>de</strong></span> <span class='ocrx_word' id='word_1_305' title='bbox 2186 4131 2460 4214; x_wconf 74' lang='lat' dir='ltr'><strong>Abriclz,</strong></span> 
     </span>
     <span class='ocr_line' id='line_1_35' title="bbox 190 4245 2466 4348; baseline -0 -31"><span class='ocrx_word' id='word_1_306' title='bbox 190 4277 229 4317; x_wconf 69' lang='grc' dir='ltr'>ι</span> <span class='ocrx_word' id='word_1_307' title='bbox 254 4255 768 4325; x_wconf 78' lang='lat' dir='ltr'><strong>constitutiones</strong></span> <span class='ocrx_word' id='word_1_308' title='bbox 785 4253 1203 4348; x_wconf 81' lang='lat' dir='ltr'><strong>Apostolicas</strong></span> <span class='ocrx_word' id='word_1_309' title='bbox 1228 4275 1365 4323; x_wconf 85' lang='lat' dir='ltr'><strong>non</strong></span> <span class='ocrx_word' id='word_1_310' title='bbox 1410 4252 1693 4322; x_wconf 85' lang='lat' dir='ltr'><strong>obstare.</strong></span> <span class='ocrx_word' id='word_1_311' title='bbox 1730 4245 1938 4337; x_wconf 73' lang='lat' dir='ltr'><strong>CuJus</strong></span> <span class='ocrx_word' id='word_1_312' title='bbox 1965 4245 2204 4318; x_wconf 85' lang='lat' dir='ltr'><strong>decreti</strong></span> <span class='ocrx_word' id='word_1_313' title='bbox 2249 4267 2466 4316; x_wconf 84' lang='lat' dir='ltr'><strong>exem-</strong></span> 
     </span>
    </p>
   </div>
   <div class='ocr_carea' id='block_1_3' title="bbox 188 4369 1210 4460">
    <p class='ocr_par' dir='ltr' id='par_1_4' title="bbox 188 4369 1210 4460">
     <span class='ocr_line' id='line_1_36' title="bbox 188 4369 1210 4460; baseline -0.005 -18"><span class='ocrx_word' id='word_1_314' title='bbox 188 4393 229 4432; x_wconf 84' lang='lat'>«</span> <span class='ocrx_word' id='word_1_315' title='bbox 264 4369 407 4460; x_wconf 79' lang='lat' dir='ltr'><strong>plat·</strong></span> <span class='ocrx_word' id='word_1_316' title='bbox 434 4373 893 4444; x_wconf 79' lang='lat' dir='ltr'><strong>authenticum</strong></span> <span class='ocrx_word' id='word_1_317' title='bbox 914 4372 1142 4442; x_wconf 87' lang='lat' dir='ltr'><strong>habeo.</strong></span> <span class='ocrx_word' id='word_1_318' title='bbox 1174 4395 1210 4436; x_wconf 76' lang='grc'><strong>&gt;&gt;</strong></span> 
     </span>
    </p>
   </div>
  </div>
 </body>
</html>
