2834 4959
434 360 514 420 38
1009 373 1347 423 τιιΑοτΑτυε
1391 373 1471 421 nn
1514 372 1664 419 man
1704 370 2118 419 anonumum

457 520 467 529 ·
523 494 586 561 1⁰
636 493 739 563 Ad
785 493 1176 563 removenda
1219 493 1388 562 dicta
1412 493 1876 583 impedimenta
1895 491 2324 561 necessarium
2352 497 2447 559 est
2488 492 2721 561 cousi-

424 604 590 675 lium
615 606 993 675 voluntariae
1035 594 1447 698 paupertatis.
1486 604 1653 673 Nam
1685 596 2141 696 perfectionem
2168 604 2451 674 maxime
2492 605 2721 697 impe-

423 719 564 788 dire
593 721 800 789 solent
823 721 1343 811 concupiscentia
1379 720 1777 801 divitiarum,
1820 740 2075 789 necnon
2109 718 2472 788 sollicitudo
2509 720 2581 787 in
2620 721 2716 789 iis

421 837 829 924 acquirendis
859 890 878 918 ‚
939 836 1339 905 asservandis
1366 888 1386 921 ,
1438 834 1775 925 augendis.
1848 858 1883 899 α
1920 831 2067 901 Non
2120 833 2331 901 solum
2382 833 2719 903 suffocant

323 992 331 999 ·
427 980 463 1023 a
497 966 876 1049 sementem,
909 966 974 1028 et
1003 959 1362 1051 profectum
1401 956 1806 1049 spiritualem
1838 958 2116 1025 maxime
2144 958 2533 1048 impediunt,
2586 961 2716 1029 sed

425 1092 460 1135 ι(
487 1071 682 1139 etiam
711 1072 1054 1140 innumera
1093 1068 1409 1161 peccandi
1438 1068 1725 1159 pericula
1752 1088 1977 1137 secum
1996 1068 2295 1137 afferunt.
2324 1092 2361 1135 ι)
2405 1064 2710 1159 (Suarez,

415 1183 878 1276 deReliqione‚
918 1190 1191 1254 tractatu
1223 1184 1289 1269 7,
1347 1182 1394 1250 l.
1444 1183 1514 1261 2,
1562 1204 1622 1250 c.
1677 1181 1751 1270 2,
1796 1202 1865 1250 n.
1918 1178 2018 1271 5.)
2058 1180 2375 1250 Probatur
2428 1183 2717 1274 insuper

413 1300 630 1370 verbis
681 1300 966 1373 Christi:
1017 1300 1103 1367 Si
1135 1299 1231 1367 vis
1285 1300 1617 1389 perfectus
1674 1318 1828 1377 esse,
1860 1296 2050 1382 vade,
2083 1296 2313 1385 vende,
2358 1304 2479 1366 etc.
2538 1298 2715 1380 Quae

413 1415 609 1485 verba
645 1418 794 1485 satis
837 1415 1212 1501 declarant,
1273 1418 1717 1507 paupertatem
1782 1412 2213 1482 voluntariam
2262 1434 2397 1481 esse
2456 1416 2715 1505 praeci-

413 1548 626 1621 puum
655 1530 980 1620 quoddam
1001 1537 1067 1599 et
1093 1529 1515 1602 utilissimum
1550 1529 1843 1597 medium
1871 1528 1951 1597 ad
1978 1528 2431 1617 perfectionem
2460 1532 2713 1619 acqui-

411 1648 682 1719 rendam
715 1675 734 1734 ;
781 1674 855 1721 ex
881 1672 1014 1741 quo
1043 1652 1336 1741 sequitur
1377 1648 1779 1741 completum
1821 1668 1955 1716 non
2006 1649 2143 1716 fore
2192 1654 2431 1717 statum
2482 1652 2709 1739 perfe-

413 1762 644 1834 ctionis
665 1763 1094 1855 acquirendae,
1127 1766 1184 1835 si
1204 1787 1280 1833 eo
1309 1764 1524 1833 medio
1543 1768 1807 1833 careret.

441 1862 448 1869 ¹
499 1882 570 1950 2ο
599 1880 844 1953 Pariter
879 1886 1311 1956 necessarium
1357 1894 1453 1954 est
1488 1874 1835 1953 consilium
1883 1880 2206 1949 castitatis.
2256 1880 2513 1950 Etenim
2570 1888 2713 1974 qui

421 2021 568 2069 cum
598 2023 803 2069 uxore
821 2014 939 2089 est,
967 1997 1287 2069 sollicitus
1314 2013 1410 2068 est
1429 2022 1576 2089 quoe
1602 2008 1758 2066 sunt
1785 1992 2049 2080 mundi,
2080 1996 2403 2090 quomodo
2429 1996 2713 2087 placeat

413 2110 634 2195 uxori,
668 2122 733 2179 et
755 2112 1004 2179 divisus
1032 2124 1152 2191 est,
1181 2115 1256 2178 ut
1291 2112 1380 2177 ait
1413 2108 1485 2178 S.
1532 2106 1793 2177 Paulus.
1846 2106 2020 2177 Solet
2044 2129 2277 2201 nempe
2306 2113 2713 2203 conjugium

414 2246 547 2293 non
575 2224 784 2294 solum
841 2226 923 2293 ob
961 2231 1228 2294 actuum
1271 2224 1396 2315 ipsi
1442 2224 1857 2317 propriorum
1878 2229 2204 2312 naturam,
2233 2220 2343 2293 sed
2381 2226 2585 2294 etiam
2620 2230 2711 2299 ob
2815 2286 2816 2291 ,

412 2351 659 2410 annexa
687 2362 912 2425 onera,
957 2347 1019 2409 et
1063 2338 1551 2431 multiplicem'
1532 2361 1601 2406 m
1645 2340 1933 2409 curanda
1980 2338 2228 2407 familia
2264 2312 2713 2413 necessariam
2815 2350 2816 2409 J

412 2452 941 2540 sollicitudinem,
1005 2450 1417 2545 perfectionis
1458 2450 1926 2521 assecutionem
1986 2454 2401 2522 vehementer
2442 2474 2713 2544 praepe-

410 2558 572 2627 dire.
634 2556 944 2628 Praeterea
993 2560 1112 2652 qui
1167 2559 1659 2629 matrimonium
1696 2557 1839 2641 inst,
1872 2558 2253 2628 voluntariae
2300 2566 2711 2651 paupertatis

411 2674 759 2744 consilium
808 2676 1131 2745 ordinarie
1170 2675 1509 2745 observare
1556 2694 1690 2742 non
1752 2662 2002 2764 potest;
2048 2673 2373 2763 siquidem
2432 2681 2711 2748 tenetur

411 2786 564 2858 filiis
605 2790 762 2859 suis
820 2790 1154 2882 providere
1213 2788 1292 2857 de
1345 2788 1753 2857 convenienti
1829 2786 2156 2857 bonorum
2224 2792 2705 2881 temporalium
2756 2781 2767 2789 ’

413 2900 626 3001 copia.»
661 2908 810 2991 Sed,
842 2930 917 2983 ex
966 2907 1158 2977 dictis
1197 2908 1515 3000 superiori
1554 2927 1853 2994 numero,
1908 2902 2340 2978 necessarium
2384 2913 2481 2978 est
2536 2930 2711 2981 con·-

412 3022 633 3093 silium
713 3025 1142 3117 paupertatis3
1212 3046 1367 3113 ergo
1438 3024 1637 3093 etiam
1691 3022 2049 3113 requiritur.
2084 3022 2458 3110 'coelibatus‚
2550 3028 2711 3099 sine

409 3158 544 3227 quo
591 3144 813 3231 nequit
863 3141 1242 3211 voluntariae
1291 3140 1681 3231 paupertatis
1716 3138 2067 3209 consilium
2088 3139 2415 3209 ordinarie
2456 3140 2709 3213 obser-

408 3250 572 3321 vari
1051 3285 1056 3294 ·

445 3356 566 3429 3⁰
615 3358 993 3451 Requiritur
1035 3364 1304 3453 insuper
1351 3360 1697 3430 consilium
1731 3360 2109 3432 obedieutiae
2153 3362 2519 3448 voluntarie
2545 3386 2709 3435 sus-

407 3480 630 3567 oeptae9
695 3476 760 3545 id
799 3485 918 3563 est,
965 3476 1180 3567 quoad
1237 3500 1310 3546 ea
1359 3479 1559 3547 etiam
1606 3498 1754 3568 quoe
1809 3500 1943 3547 non
1961 3478 2147 3547 sunt
2210 3479 2291 3547 de
2342 3488 2701 3570 praecepto.

407 3590 486 3660 Et
521 3592 746 3684 primo
787 3594 1054 3682 quidem
1085 3594 1438 3685 requiritur
1482 3596 1831 3663 consilium
1875 3593 2040 3663 illud
2088 3595 2167 3663 ad
2216 3596 2703 3667 removendum

407 3726 620 3778 unum
659 3730 708 3777 e
769 3710 1068 3777 maximis
1107 3706 1587 3801 impedimentis
1630 3729 1775 3800 quae
1818 3709 2223 3799 perfectionis
2252 3712 2706 3800 prosecutioni

407 3816 656 3889 obstare
689 3819 915 3889 solent.
946 3819 1110 3889 Nam
1146 3821 1408 3911 quando
1451 3821 1646 3890 homo
1700 3841 1774 3887 ex
1821 3821 2083 3911 proprio
2120 3819 2365 3909 judicio
2404 3826 2467 3889 et
2504 3822 2705 3892 arbi-

405 3932 530 4000 trio
555 3934 886 4027 dirigitur,
925 3936 1118 4004 instat
1143 3934 1468 4003 ordinarie
1512 3933 1881 4025 periculum
1928 3955 2013 4002 ne
2058 3955 2095 4002 a
2138 3934 2241 4002 via
2280 3935 2701 4024 perfectionis

400 4046 691 4134 aberret3
725 4053 858 4121 imo
884 4057 947 4120 et
979 4070 1062 4119 ne
1087 4052 1158 4118 in
1187 4048 1639 4141 peccaminosa
1676 4046 2022 4117 dilabatur.
2062 4048 2139 4116 ln
2182 4048 2473 4138 quolibet
2498 4050 2697 4119 enim

399 4163 671 4234 homine
701 4174 989 4236 remanet
1034 4188 1110 4235 ex
1151 4170 1410 4258 peccato
1452 4165 1758 4255 originali
1798 4164 2003 4235 fomes
2050 4162 2163 4233 ille
2212 4162 2701 4255 eoncupiscen-

397 4280 530 4368 tiae,
565 4280 678 4371 qui
728 4281 914 4351 valde
978 4304 1374 4375 propensum
1412 4304 1571 4351 eum
1622 4278 1836 4350 reddit
1882 4279 1963 4349 ad
2008 4278 2513 4348 dissimulandos
2552 4278 2697 4367 sibi

396 4392 522 4483 ipsi
549 4391 832 4462 deiectus
879 4394 1198 4483 proprios,
1243 4400 1308 4463 et
1358 4394 1442 4463 ad
1488 4389 1967 4483 indulgendum
2006 4390 2469 4481 cupiditatibus
2512 4390 2687 4459 suis.
