2834 4959
358 329 480 386 110
920 331 1258 379 TRACTATUS
1295 331 1374 378 DE
1420 331 1569 378 mm:
1614 329 2031 380 ansul-Animi.

438 456 525 524 At
551 459 780 546 praeter
823 451 1296 542 promissiones,
1341 471 1414 518 ex
1460 450 1785 542 praedictis
1814 449 2175 522 rationibus
2216 452 2502 543 illicitas,
2548 479 2625 528 ac

353 569 626 665 proinde
669 569 808 659 ipso
851 566 1016 636 facto
1059 565 1396 650 invalidas,
1446 587 1561 634 seu
1606 565 1861 635 nullam
1912 563 2375 654 obligationem
2430 569 2627 640 indu-

351 691 591 770 centes,
637 686 988 753 innumera
1025 688 1179 750 sunt
1221 702 1367 771 quae
1413 679 1753 770 religiosus
1804 681 2177 772 promittere
2220 688 2447 771 potest,
2484 687 2617 754 sive

353 799 510 883 Deo,
571 797 704 866 sive
766 793 1170 864 hominibus.
1223 793 1456 882 Potest,
1507 793 1687 862 verbi
1744 792 1974 883 gratia,
2028 789 2161 862 Deo
2223 795 2609 885 promittere,

357 935 468 986 seu
527 911 726 1004 (quod
778 910 950 979 idem
1003 907 1119 999 est)
1166 929 1420 998 vovere,
1476 913 1794 978 certarum
1844 929 2118 1000 precum
2164 910 2622 994 recitationem,

355 1031 458 1098 vel
489 1026 750 1119 aliquod
775 1025 956 1096 aliud
985 1023 1172 1115 pium
1213 1022 1615 1108 exercitium,
1646 1027 1760 1092 aut
1806 1021 2251 1114 abnegationis
2286 1032 2529 1112 actum,
2566 1035 2629 1096 et

358 1147 484 1216 alia
524 1141 925 1233 hujusmodi.
967 1141 1129 1209 Item
1181 1144 1383 1230 potest
1422 1159 1575 1227 erga
1615 1137 1913 1208 homines
1946 1138 2027 1208 ad
2068 1140 2275 1208 multa
2320 1163 2457 1211 sese
2484 1163 2626 1234 pro-

361 1269 670 1338 missione
713 1266 1001 1355 obtigare
1049 1289 1064 1331 :
1113 1263 1292 1331 verbi
1340 1264 1571 1350 gratia,
1602 1263 1685 1332 ad
1726 1263 2113 1331 servandum
2158 1271 2503 1354 secretum,
2548 1265 2627 1334 ad

357 1381 760 1454 offerendum
810 1377 1200 1448 sacrificium
1267 1399 1384 1469 pro
1450 1377 1657 1448 amieo
1687 1429 1707 1459 ,
1768 1378 1850 1447 ad
1898 1377 2291 1448 reddendam
2346 1379 2625 1472 aliquam

357 1505 599 1568 cartam
627 1517 776 1585 quae
813 1494 936 1585 ipsi
979 1493 1252 1583 legenda
1287 1493 1519 1562 tradita
1552 1500 1671 1581 est,
1702 1491 1781 1561 ad
1822 1493 2305 1584 expendendam
2346 1495 2630 1587 aliquam

355 1612 773 1704 quaestionem
834 1617 896 1680 et
963 1609 1302 1678 dicendam
1369 1609 1756 1677 sententiam
1806 1629 1995 1678 suam
2024 1660 2044 1692 ,
2116 1616 2237 1678 etc.
2300 1607 2493 1678 Porro
2546 1610 2630 1678 de

357 1730 534 1798 hisce
587 1725 1120 1820 promissionibus
1171 1725 1237 1797 in
1282 1728 1771 1817 praesentiarum
1820 1725 2089 1814 quaestio
2134 1731 2267 1812 est;
2322 1729 2385 1792 et
2424 1725 2502 1792 de
2538 1726 2627 1796 iis

355 1844 833 1915 conclusionem
860 1843 1029 1912 hanc
1055 1842 1360 1932 ponimus
1394 1865 1410 1908 :
1443 1841 1601 1915 Nisi
1618 1841 1909 1909 obstaret
1932 1852 2269 1910 statutum
2292 1841 2625 1925 Ecclesioe,

347 1973 568 2056 posset
593 1959 938 2050 reliqiosus
965 1955 1293 2048 ejusmodi
1307 1955 1860 2046 promissionibus
1884 1977 2021 2023 sese
2046 1955 2266 2024 valide
2310 1957 2630 2048 obliqare,

359 2073 868 2164 independenter
893 2096 937 2140 a
963 2072 1072 2139 sui
1099 2071 1455 2160 superioris
1500 2069 1873 2138 voluntate.
1908 2067 2230 2138 Probatur
2274 2077 2516 2156 autem,
2556 2092 2637 2139 ex

356 2216 431 2262 eo
458 2192 655 2281 quod,
683 2185 1110 2257 abstrahendo
1122 2207 1160 2254 a
1177 2185 1591 2276 dispositione
1610 2185 1913 2254 Ecclesia}
1930 2189 2323 2256 contrarium
2350 2194 2629 2256 statuen-

355 2289 468 2393 tis,⁴
511 2303 677 2373 nihil
721 2300 984 2391 allegari
1013 2301 1237 2391 possit,
1282 2321 1410 2388 quo
1448 2298 1785 2398 religiosus
1812 2303 2059 2370 censeri
2089 2299 2317 2372 debeat
2344 2303 2636 2394 privatus

358 2421 653 2491 facultate
695 2415 1014 2508 ejusmodi
1058 2413 1479 2503 obligationes
1528 2416 1974 2484 contrahendi.
2020 2415 2273 2484 Etenim
2320 2437 2451 2486 non
2496 2419 2636 2509 pri-

356 2541 538 2604 vatus
583 2531 706 2600 fuit
741 2533 864 2598 hac
901 2529 1199 2598 facultate
1241 2549 1355 2620 per
1405 2536 1630 2597 votum
1673 2531 2064 2620 paupertatis
2078 2557 2099 2618 3
2148 2532 2473 2622 siquidem
2500 2533 2634 2620 hu-

346 2653 455 2743 jus
481 2649 612 2718 voti
643 2647 910 2716 materia
963 2665 1094 2714 non
1134 2643 1412 2713 includit
1448 2643 1739 2734 praefatas
1786 2644 2268 2735 promissiones.
2322 2647 2455 2716 Nec
2492 2650 2629 2738 pri-

355 2771 536 2835 vatus
581 2761 706 2831 fuit
757 2783 874 2853 per
919 2767 1136 2829 votum
1193 2758 1495 2829 castitatis
1520 2809 1541 2847 ,
1600 2757 1685 2827 ob
1736 2760 2023 2829 eamdem
2083 2762 2433 2831 rationem.
2496 2761 2637 2834 Nec

356 2882 642 2974 privatus
689 2876 813 2946 fuit
865 2897 980 2969 per
1029 2875 1466 2960 traditionem,
1526 2895 1727 2965 quam
1774 2876 1841 2942 in
1888 2876 2280 2966 professione
2332 2877 2481 2946 fecit
2528 2880 2637 2948 sui

357 2997 560 3086 ipsius
599 2995 733 3064 Deo
785 2998 849 3062 et
895 2992 1218 3081 religioni.
1271 2989 1443 3060 Nam
1492 2989 1747 3060 traditio
1795 2990 1933 3062 haec
1962 3013 2093 3062 non
2136 2993 2262 3062 alia
2292 2999 2387 3062 est
2432 3014 2637 3084 quam

355 3132 500 3201 quae
543 3109 900 3198 requiritur
943 3107 1024 3175 ad
1081 3111 1277 3176 status
1305 3106 1613 3195 ,religiosi
1662 3107 2046 3192 essentiam3
2092 3108 2203 3176 sed
2247 3109 2499 3178 traditio
2550 3111 2639 3177 ad

355 3225 637 3313 religiosi
691 3227 888 3290 status
937 3221 1361 3290 substantiam
1422 3221 1753 3310 requisita,
1826 3242 1957 3290 non
2014 3221 2326 3292 invalidat
2398 3245 2638 3294 omnes

355 3343 719 3408 contractus
770 3335 1220 3424 religiosorum
1271 3358 1286 3402 :
1340 3333 1510 3426 quod
1554 3340 1725 3425 patet
1768 3333 1841 3402 in
1886 3335 2279 3406 scholasticis
2308 3337 2643 3408 societatis

351 3454 528 3540 «lesu,
567 3454 679 3543 qui
721 3451 870 3521 licet
916 3452 1052 3520 veri
1079 3451 1362 3541 religiosi
1413 3450 1568 3532 sint,
1616 3471 1692 3521 ac
1748 3451 2021 3542 proinde
2066 3452 2481 3523 traditionem
2530 3457 2643 3523 sui

351 3568 644 3654 fecerint,
674 3587 818 3656 quoe
864 3564 944 3635 ad
982 3572 1178 3635 status
1222 3563 1507 3656 religiosi
1548 3566 1887 3634 essentiam
1930 3565 2241 3653 sufficiat,
2286 3566 2495 3636 valide
2538 3579 2645 3636 ta-

351 3707 502 3754 men
557 3688 824 3774 possunt
867 3683 1036 3751 bona
1086 3703 1203 3751 sua
1260 3681 1560 3767 vendere,
1636 3679 1922 3772 aliosque
1990 3687 2357 3752 contractus
2430 3682 2641 3752 inire.

350 3796 622 3879 Quando
671 3787 904 3888 nempe
948 3796 1184 3866 dicitur
1244 3796 1625 3885 religiosum
1674 3796 1747 3865 in
1798 3795 2194 3887 professione
2246 3817 2365 3866 sua
2418 3796 2649 3868 facere

349 3915 790 3983 omnimodam
833 3913 935 3982 sui
982 3912 1184 4003 ipsius
1234 3912 1671 3999 traditionem,
1716 3911 1973 3981 traditio
2018 3913 2157 3982 haec
2204 3912 2653 4004 intelligenda
2789 3995 2790 3998 Ἴ

349 4039 445 4104 est
484 4044 671 4124 prout
721 4059 864 4106 eam
913 4035 1183 4128 requirit
1228 4035 1376 4102 finis
1426 4040 1623 4104 status
1678 4036 1959 4126 religiosi
2009 4043 2073 4105 et
2122 4038 2399 4106 instituti
2450 4041 2649 4129 quod

349 4151 793 4244 amplectitur3
841 4175 975 4222 non
1019 4157 1236 4222 autem
1277 4151 1691 4242 intelligenda
1736 4157 1830 4221 est
1879 4152 2160 4239 traditio,
2211 4174 2342 4244 qua
2391 4153 2651 4224 volun-

350 4277 442 4339 tas
489 4272 772 4362 religiosi
813 4274 1085 4342 omnino
1131 4269 1442 4340 inhabilis
1495 4271 1800 4342 reddatur
1840 4273 1920 4342 ad
1962 4273 2324 4364 quamlibet
2366 4273 2649 4366 obliga—

349 4387 590 4456 tionem
623 4385 825 4455 valide
869 4378 1396 4457 contrahendam.
1442 4385 1783 4478 EJusmodi
1830 4390 2072 4481 quippe
2121 4389 2468 4460 voluntatis
2526 4391 2655 4460 in·-
