2834 4959
407 385 524 441 ηδ
971 391 1310 438 TRACTATUS
1359 391 1441 439 DE
1485 387 2093 438 sumatmuultwn.

409 534 618 605 «quae
657 511 753 580 illi
796 509 1237 580 substantialia
1273 517 1452 592 sunt,
1516 510 1694 579 aliud
1746 531 1905 580 vero
1928 531 2067 578 esse
2112 510 2291 600 loqui
2314 507 2391 576 de
2424 505 2527 576 illo
2564 513 2625 575 ut

411 655 444 694 «
471 628 896 697 determinato
940 627 1020 696 ad
1063 629 1300 695 certam
1375 624 1667 716 regulam
1736 647 1851 694 seu
1914 632 2163 694 certum
2207 623 2455 692 vivendi
2500 645 2621 692 mo-

409 771 445 811 «
469 743 630 812 dum
667 743 796 825 vel,
848 742 1024 833 quod
1055 741 1346 832 'perinde
1391 747 1508 825 est,
1543 749 1619 809 ut
1666 739 1905 809 talibus
1951 739 2442 810 circumstantiis
2462 739 2623 808 vesti·

409 887 444 926 ι(
473 867 642 928 tum.
683 856 843 927 Dico
897 879 1052 947 ergo
1099 857 1311 948 primo
1375 880 1393 924 z
1458 861 1654 926 status
1701 855 2045 944 religiosus
2082 856 2439 926 secundum
2478 877 2537 924 se
2578 861 2626 922 et

413 1001 448 1042 α
473 973 684 1064 quoad
721 971 1143 1042 substantiam
1166 992 1350 1040 suam
1377 971 1461 1040 ab
1506 971 1645 1060 ipso
1689 969 1943 1040 Christo
1973 971 2255 1040 Domino
2288 970 2619 1040 immediate
2752 1037 2759 1048 ,

415 1088 749 1158 «traditus
791 1093 854 1155 et
895 1088 1223 1156 institutus
1266 1088 1392 1155 fuit
1424 1110 1445 1154 τ
1498 1092 1690 1175 atque
1726 1085 1814 1154 ita
1854 1086 1982 1155 dici
2030 1093 2233 1176 potest
2264 1109 2393 1156 esse
2414 1086 2489 1155 de
2506 1088 2627 1176 jure

411 1230 448 1269 (ι
478 1204 722 1288 divino,
755 1222 887 1270 non
931 1201 1364 1293 praecipiente,
1411 1199 1523 1267 sed
1566 1198 1958 1269 consulente.
2012 1199 2165 1270 Haec
2212 1208 2307 1270 est
2344 1201 2619 1269 sententia

415 1343 450 1386 α
471 1320 770 1387 omnium
807 1315 1278 1404 catholicorum
1321 1320 1489 1382 recte
1534 1311 1976 1382 sentientium.
2008 1341 2045 1379 »
2088 1315 2256 1384 Citat
2308 1315 2399 1384 ibi
2422 1313 2623 1384 Suare-

407 1438 566 1521 sius,
599 1442 906 1524 tanquam
951 1435 1110 1502 huic
1147 1433 1457 1502 doctrinae
1512 1431 1939 1515 adbaerentes,
1989 1433 2058 1502 S.
2090 1433 2430 1520 Thomam,
2464 1431 2621 1506 Wal-
2674 1499 2679 1506 .

407 1554 702 1636 densam,
736 1548 1162 1632 Clictoveum‚
1212 1546 1470 1631 Sotum,
1511 1548 1590 1616 de
1628 1547 1871 1634 Castro,
1916 1547 2304 1632 Navarrum,
2352 1549 2622 1619 Alvarum

407 1665 772 1754 Pelagium,
835 1665 1284 1752 Catharinum,
1341 1662 1768 1747 Turrianum,
1820 1663 2315 1753 Bellarminum‚
2384 1665 2621 1748 Platum,

410 1780 801 1864 Valentiam,
863 1779 1400 1872 Henriquezium,
1471 1777 1805 1870 Pighium,
1856 1779 2329 1868 Salmeronem‚
2392 1790 2447 1850 et
2498 1777 2634 1848 vas-

405 1899 731 1989 quesium.
801 1893 976 1964 Tum
1051 1897 1142 1966 sic
1199 1897 1411 1987 pergit
1463 1918 1482 1963 z
1572 1920 1609 1962 α
1672 1895 1914 1966 Eadem
1976 1898 2212 1968 veritas
2282 1896 2538 1968 sumitur
2568 1913 2631 1961 ex

419 2037 454 2078 α
473 2013 764 2105 antiquis
823 2010 1150 2100 Patribus,
1202 2013 1318 2101 qui
1359 2011 1825 2100 ‘communiter
1874 2012 2105 2081 docent
2155 2012 2627 2083 Christianorum

417 2129 680 2196 «vitam
729 2134 792 2195 et
843 2133 1082 2195 statum
1155 2127 1227 2194 in
1277 2124 1442 2195 duos
1492 2127 1747 2196 ordines
1796 2126 2127 2198 Christum
2194 2129 2564 2200 distribuisse
2616 2145 2630 2188 t

418 2267 453 2310 α
485 2263 696 2310 unum
753 2241 1198 2332 profitentium
1273 2261 1692 2309 communem
1764 2245 1963 2311 vitam
2036 2247 2505 2332 mandatorum,
2574 2245 2632 2307 ul

275 2357 289 2372 “
421 2384 456 2425 α
483 2367 638 2426 sunt
693 2357 1020 2446 conjugati
1057 2381 1076 2440 ;
1137 2354 1346 2422 alium
1417 2356 1531 2444 qui
1576 2357 1953 2445 profitentur
1990 2360 2289 2430 altiorem
2329 2367 2390 2430 et
2424 2355 2634 2448 angeli·

423 2503 460 2544 α
483 2498 626 2546 cam
669 2477 895 2560 vitam,
924 2474 989 2542 id
1037 2481 1154 2552 est,
1197 2474 1595 2565 religiosam.
1626 2501 1660 2541 >³
1716 2475 1907 2566 (Loco
1935 2481 2075 2566 cit.‚
2110 2504 2181 2550 n.
2234 2482 2333 2572 4.)
2362 2482 2555 2570 Atque
2578 2473 2629 2544 id
2662 2455 2679 2468 ⁹

413 2590 752 2662 confirmat
802 2591 1100 2660 laudatus
1129 2597 1352 2661 auctor
1377 2613 1457 2660 ex
1480 2593 1714 2662 sanctis
1744 2593 2123 2683 Athanasio,
2162 2597 2419 2682 Basilio,
2456 2595 2640 2681 Chry-

413 2713 716 2787 sostomo,
766 2705 1186 2794 Hieronymo,
1237 2705 1629 2795 Augustino,
1679 2729 1934 2778 necnon
1971 2732 2045 2778 ex
2090 2712 2367 2783 Eusebio
2412 2719 2471 2780 et
2504 2707 2637 2778 Ori-

413 2843 596 2912 gene.
651 2821 873 2891 Postea
923 2821 1159 2890 thesim
1213 2820 1440 2911 probat
1484 2843 1558 2889 ex
1600 2843 1782 2892 sacra
1830 2822 2210 2916 Scriptura:
2270 2854 2304 2895 α
2340 2825 2639 2896 Fundetur

422 2963 458 3004 α
482 2938 812 3029 praecipue
861 2938 1000 3006 haec
1027 2937 1284 3019 veritas,
1317 2937 1549 3026 inquit,
1603 2937 1670 3005 in
1699 2935 2083 3030 Evangeli03
2130 2941 2203 3010 in
2230 2965 2361 3034 quo
2384 2940 2639 3011 Christus

423 3079 458 3118 «
486 3053 784 3123 homines
828 3052 907 3119 ad
962 3052 1082 3120 tria
1138 3051 1250 3120 illa
1295 3051 1563 3121 consilia
1606 3057 2018 3144 paupertatis,
2072 3061 2376 3128 castitatis
2418 3065 2477 3125 et
2516 3053 2643 3122 obe-

422 3193 458 3234 «
487 3168 744 3236 dientiae
784 3168 1177 3252 exhortatur,
1228 3173 1288 3235 et
1335 3170 1411 3234 ad
1462 3175 1603 3236 vota
1652 3179 1957 3260 perpetua
2007 3173 2087 3242 de
2131 3175 2259 3244 illis
2307 3169 2639 3244 facienda...

423 3303 461 3343 α
489 3279 724 3346 Atvero
765 3279 1118 3349 substantia
1148 3287 1346 3350 status
1393 3281 1680 3373 religiosi
1709 3286 1777 3352 in
1800 3283 1902 3353 his
1932 3288 2135 3357 tribus
2164 3291 2325 3358 votis
2352 3281 2645 3358 consistit:

423 3420 459 3460 c<
489 3415 644 3484 ergo
667 3394 777 3462 hic
804 3401 999 3464 status
1025 3397 1110 3465 ab
1141 3398 1282 3487 ipso
1307 3395 1563 3468 Christo
1588 3399 1853 3470 traditus
1880 3408 1994 3471 est.
2026 3427 2060 3470 a
2098 3403 2285 3494 (lbid.
2321 3427 2390 3473 n.
2422 3401 2513 3491 5.)

503 3507 588 3577 Et
628 3529 904 3577 numero
949 3513 1238 3602 sequenti
1285 3534 1424 3581 rem
1455 3515 1752 3584 enucleat
1775 3517 1844 3584 in
1873 3517 2051 3588 hunc
2086 3519 2355 3588 modum
2390 3542 2408 3586 :
2449 3542 2484 3584 u
2516 3511 2649 3582 Dico

424 3649 460 3691 α
485 3622 792 3707 secundo,
841 3623 1172 3696 Christum
1214 3624 1571 3698 Dominum
1616 3628 1967 3702 instituisse
2012 3634 2388 3725 religiosum
2440 3635 2651 3702 statum

423 3765 458 3805 α
485 3747 803 3830 quantum
869 3739 949 3808 ad
989 3741 1211 3811 omnia
1259 3765 1404 3832 quae
1472 3752 1625 3814 sunt
1698 3747 1776 3815 de
1846 3747 2201 3818 substantia
2249 3749 2389 3818 talis
2446 3749 2643 3818 status,

425 3857 735 3926 «etiamsi
802 3878 932 3925 non
983 3858 1330 3928 instituerit
1392 3862 1841 3951 particularem
1886 3862 2485 3935 determinationem
2524 3859 2644 3944 ejus

423 3993 458 4033 α
485 3970 565 4038 ad
593 3971 782 4040 talem
839 3972 1134 4063 regulam
1161 3975 1265 4041 vel
1315 3975 1851 4047 circumstantias.
1912 3981 2080 4050 Illud
2108 4003 2257 4050 vero
2306 3977 2557 4056 sufficit,
2585 3961 2645 4036 ut

425 4108 459 4149 α
481 4082 732 4152 dicatur
791 4087 986 4157 talem
1043 4095 1280 4158 statum
1328 4090 1698 4161 instituisse.
1746 4093 1901 4164 Haec
1946 4095 2178 4166 ultima
2230 4117 2375 4188 pars
2424 4112 2531 4183 per
2588 4103 2645 4151 ⁸0

426 4217 462 4259 α
488 4197 637 4263 nota
679 4201 810 4277 est;
841 4200 995 4287 quia
1053 4221 1154 4270 res
1186 4199 1427 4270 dicitur
1478 4201 1860 4294 simpliciter
1900 4207 2041 4276 talis
2086 4211 2331 4278 ratione
2368 4223 2496 4274 suae
2520 4193 2650 4267 sub·

427 4333 463 4374 <x
489 4311 736 4377 stantiae
801 4317 863 4378 et
897 4316 1221 4404 essentiae3
1273 4323 1335 4385 et
1379 4315 1523 4386 ideo
1564 4319 1679 4408 qui
1729 4320 1825 4389 rei
1870 4323 2294 4392 substantiam
2356 4309 2646 4411 producit,

423 4446 458 4487 α
485 4421 774 4492 absolute
821 4423 1001 4493 illam
1049 4429 1372 4518 producit,
1428 4432 1675 4502 etiamsi
1726 4455 1855 4505 nou
1904 4438 2187 4508 conterat
2234 4423 2637 4506 accidentalia·
