2834 4959
479 299 560 355 50
1045 307 1384 356 TRACTATUS
1431 309 1511 356 DE
1554 310 1703 357 JURE
1743 307 2162 356 REGULAan.

469 425 674 494 libere
717 423 1122 514 disponendi.
1179 422 1413 513 Potest,
1462 425 1643 493 verbi
1686 427 1915 516 gratia,
1971 423 2133 491 velte
2178 419 2320 489 fieri
2346 443 2555 490 servus
2576 424 2701 495 alte-

467 539 606 607 rius
655 537 964 606 hominis.
1012 535 1092 604 Et
1137 539 1192 604 si
1241 541 1354 606 iste
1395 538 1553 607 alter
1591 540 1789 607 homo
1813 543 2119 626 acceptet,
2147 535 2379 603 valebit
2402 537 2514 604 ista
2530 538 2697 607 dona·
2773 543 2774 594 ἐ

464 655 592 738 tio;
651 660 714 720 et
765 661 921 720 tunc
967 653 1081 741 qui
1130 674 1263 720 sese
1311 655 1398 720 ita
1445 653 1709 721 donavit
1762 654 1885 720 erit
1910 673 2126 719 revera
2148 671 2408 734 servus3
2443 661 2501 718 et
2528 654 2696 722 dona-

461 767 662 834 tarius
699 765 1068 834 dominium
1113 769 1181 834 in
1230 789 1381 836 eum
1434 769 1746 855 acquiret,
1798 769 1860 834 vi
1914 770 2101 856 cujus
2138 769 2365 856 poterit
2390 767 2466 835 de
2506 769 2628 860 ipso
2651 779 2699 838 et
2773 755 2774 778 ³

461 883 664 972 ipsius
705 882 896 950 rebus
939 904 1056 972 pro
1102 883 1368 950 arbitrio
1403 904 1522 950 suo
1552 882 1915 971 disponere.
1954 881 2015 950 A
2038 883 2287 948 fortiori
2314 890 2507 972 potest
2529 885 2693 952 homo

459 999 622 1064 veile
678 1019 810 1065 sese
852 999 978 1065 hoc
1031 999 1224 1065 modo
1268 995 1400 1064 Deo
1453 999 1855 1088 mancipare,
1899 997 1963 1064 id
1995 1005 2113 1078 est,
2141 1018 2362 1065 servus
2390 996 2500 1065 Dei
2522 999 2693 1082 effici;
2773 1009 2774 1014 ’

458 1110 548 1180 ita
595 1117 668 1180 ut
716 1115 784 1180 in
847 1112 1057 1212 Deum
1107 1113 1445 1180 transferat
1482 1113 1596 1204 jus
1646 1113 1808 1180 illud
1856 1115 2030 1203 quod
2072 1114 2349 1182 habebat
2400 1114 2478 1182 de
2503 1119 2695 1204 seipso

459 1237 523 1294 et
571 1227 763 1296 rebus
817 1230 950 1295 suis
991 1229 1193 1296 libere
1245 1227 1666 1318 disponendi,
1723 1230 1933 1316 quoad
1992 1211 2067 1296 ea
2123 1230 2345 1296 omnia
2396 1251 2533 1318 quae
2592 1253 2695 1298 non

458 1343 700 1410 cadunt
741 1343 863 1409 sub
918 1354 1254 1434 praecepto,
1307 1341 1521 1422 Quam
1570 1343 1992 1436 donationem
2030 1365 2142 1411 seu
2199 1347 2693 1434 mancipationem

458 1459 511 1524 si
562 1458 732 1526 Deus
777 1466 1086 1550 acceptet,
1137 1459 1429 1549 acquiret
1473 1459 1545 1526 in
1585 1460 1782 1526 istum
1813 1459 2147 1541 hominem
2179 1459 2538 1528 dominium
2564 1461 2695 1528 illud

457 1573 753 1663 speciale,
797 1596 834 1641 a
874 1574 1168 1642 dominio
1212 1573 1531 1641 essentiali
1588 1570 1799 1666 (quod'
1838 1573 2011 1642 Deus
2066 1575 2351 1644 habetin
2372 1598 2468 1644 res
2486 1577 2695 1664 omnes)

457 1686 863 1772 distinctum,
909 1689 974 1756 vi
1023 1691 1212 1779 cujus
1261 1690 1462 1757 homo
1514 1689 1629 1757 iste
1667 1692 1805 1778 jam
1854 1711 1983 1756 non
2034 1693 2270 1780 poterit
2330 1692 2489 1759 sicut
2514 1701 2693 1775 antea,

456 1803 535 1870 de
587 1823 653 1870 se
704 1811 766 1870 et
813 1802 1005 1872 rebus
1053 1805 1187 1871 suis
1237 1803 1439 1871 libere
1486 1804 1856 1895 disponere,
1890 1805 2053 1892 quin
2076 1805 2405 1894 justitiam
2436 1807 2626 1889 violet,
2650 1817 2697 1872 et

453 1920 704 1984 furtum
741 1919 960 2005 faciat;
1017 1918 1187 2007 quod
1227 1919 1481 1986 furtum
1528 1918 1845 2006 sacrilegii
1885 1920 2204 1987 rationem
2253 1920 2531 2006 habebit,
2574 1921 2695 2009 quia

455 2033 577 2098 erit
615 2033 783 2100 circa
829 2055 968 2102 rem
1015 2031 1150 2100 Deo
1189 2031 1517 2102 donatam.
1570 2033 1651 2102 Et
1700 2035 1872 2123 quod
1924 2035 2162 2102 dicitur
2198 2035 2279 2105 de
2304 2058 2561 2127 persona
2586 2037 2694 2123 ipsa

454 2145 743 2213 hominis
797 2168 933 2214 sese
986 2147 1111 2215 hoc
1167 2148 1361 2215 modo
1410 2146 1544 2216 Deo
1594 2151 1967 2238 mancipati,
2028 2173 2260 2219 verum
2310 2155 2500 2221 etiam
2543 2150 2695 2219 estde

452 2279 524 2326 re
568 2262 762 2327 etiam
818 2261 1155 2343 materiali,
1206 2283 1352 2352 quae
1411 2260 1543 2331 Deo
1597 2267 1839 2354 pariter
1887 2265 2185 2337 traditur.
2250 2267 2321 2337 Si
2363 2269 2528 2358 quis,
2551 2263 2693 2332 verbi

451 2377 681 2463 gratia,
741 2375 892 2442 velit
941 2378 1260 2467 praedium
1316 2399 1537 2462 suum,
1590 2381 1669 2447 de
1702 2403 1831 2469 quo
1858 2380 2058 2450 libere
2081 2384 2431 2475 disponere
2462 2389 2691 2476 poterat,

450 2487 584 2558 Deo
644 2490 884 2577 dicare,
963 2497 1026 2558 et
1069 2491 1240 2560 Deus
1287 2492 1703 2564 donationem
1750 2504 2058 2588 acceptet,
2109 2498 2255 2589 jam
2312 2521 2446 2569 non
2503 2498 2696 2590 poterit

451 2603 648 2674 homo
691 2607 802 2675 ille
846 2605 1086 2696 absque
1129 2607 1300 2676 furto
1350 2618 1414 2678 et
1454 2611 1791 2700 sacrilegio
1845 2613 1924 2680 de
1971 2613 2293 2703 ejusmodi
2346 2615 2576 2707 praedio
2596 2613 2693 2680 dis·

451 2745 713 2812 ponere.

539 2841 606 2907 4⁰
663 2838 836 2908 Deus
882 2862 996 2932 per
1039 2842 1320 2934 seipsum
1370 2850 1653 2934 acceptat
1695 2850 1868 2929 vota,
1922 2866 2035 2913 seu
2079 2845 2573 2936 promissionem
2604 2845 2692 2907 :at

450 2978 600 3023 vero
647 2955 742 3023 rei
782 2957 1113 3047 promissae
1157 2957 1566 3026 traditionem
1620 2981 1751 3026 non
1798 2965 2083 3049 acceptat
2122 2980 2239 3051 per
2282 2961 2583 3051 seipsum,
2610 2953 2692 3023 sed

453 3065 760 3139 duntaxat
835 3094 948 3162 per
1017 3071 1375 3142 Ecclesiam
1454 3097 1562 3142 seu
1616 3073 1994 3142 ministrum
2052 3074 2135 3142 ab
2193 3097 2269 3143 ea
2322 3076 2688 3166 deputatum.

461 3213 494 3250 ι(
523 3187 934 3256 Ostendimus
1009 3190 1248 3279 (inquit
1283 3188 1543 3280 Suarez)
1591 3187 1801 3258 Deum
1850 3211 1964 3280 per
2008 3192 2301 3280 seipsum
2339 3201 2483 3258 vota
2506 3209 2694 3276 accep-

463 3329 496 3368 «
530 3311 688 3388 tare,
733 3326 878 3393 quae
921 3305 989 3372 in
1045 3304 1468 3394 promissione
1518 3307 1918 3394 consistunt3
1958 3305 2135 3396 quod
2162 3307 2275 3374 hic
2305 3326 2609 3397 negamus
2632 3301 2692 3368 de

461 3447 493 3482 «
523 3417 864 3486 traditione
909 3419 1008 3487 vel
1049 3420 1449 3488 oblatione...
1484 3419 1651 3488 Nam
1680 3423 2018 3509 promissio
2046 3423 2169 3512 ipsi
2200 3422 2339 3490 Deo
2359 3422 2692 3490 immediate

457 3559 490 3596 «
523 3533 660 3599 fieri
712 3541 937 3622 potest,
991 3540 1052 3600 et
1104 3533 1206 3600 illi
1257 3535 1533 3625 placere,
1588 3535 1643 3602 si
1694 3535 1775 3602 sit
1823 3537 1901 3602 de
1954 3557 2020 3602 re
2066 3535 2192 3602 sibi
2234 3546 2459 3625 grata:
2488 3545 2547 3604 et
2598 3533 2695 3600 hoc
2773 3559 2774 3564 ¹

456 3675 490 3714 «
517 3651 665 3716 satis
702 3654 797 3716 est
842 3655 915 3714 ut
963 3648 1192 3716 habeat
1240 3671 1437 3716 suum
1475 3651 1803 3736 effectum,
1843 3651 1958 3738 qui
1999 3657 2256 3718 tantum
2308 3661 2401 3720 est
2440 3649 2693 3736 obligare
2773 3641 2774 3685 ἕ

455 3793 488 3827 «
517 3762 996 3854 promittentem
1057 3762 1132 3828 ad
1191 3761 1558 3830 faciendum
1609 3764 1778 3852 quod
1822 3767 2143 3853 promisit.
2181 3763 2409 3854 Neque
2444 3763 2588 3832 inde
2610 3781 2691 3827 ac-

453 3901 487 3940 «
517 3879 720 3966 quirit
775 3875 943 3945 Deus
969 3876 1231 3966 aliquod
1261 3877 1533 3967 speciale
1558 3880 1693 3966 jus,
1729 3879 1827 3946 vel
1858 3880 2222 3947 dominium
2256 3883 2448 3971 quasi
2482 3877 2692 3947 intrin-

455 4015 488 4056 «
516 4011 770 4080 secum3
819 3993 930 4061 sed
973 3993 1353 4083 promittens
1397 4000 1616 4060 manet
1665 3993 1985 4083 obligatus
2030 3998 2112 4063 ad
2142 3999 2537 4064 servandum
2570 4013 2692 4084 pro·

449 4131 484 4170 ι(
517 4107 869 4176 missum...
916 4108 1003 4176 At
1046 4129 1199 4175 vero
1229 4108 1481 4174 traditio
1518 4107 1619 4175 vel
1644 4109 1925 4195 donatio,
1950 4111 2101 4179 licet
2126 4116 2327 4201 possit
2350 4111 2693 4181 immediate

450 4251 481 4285 t<
515 4224 652 4290 ficri
701 4225 937 4291 intuitu
993 4208 1140 4306 De'i,
1193 4245 1326 4291 non
1367 4233 1586 4290 tamen
1638 4231 2006 4314 acceptatur
2040 4225 2121 4294 ab
2150 4229 2319 4315 ips0‚
2356 4249 2477 4294 nec
2506 4235 2591 4292 est
2615 4219 2689 4286 itti

447 4346 710 4425 «grata,
754 4359 879 4405 nisi
930 4339 1041 4405 fiat
1089 4340 1284 4408 alicui
1335 4338 1619 4420 homini,
1666 4361 1703 4408 a
1756 4362 1886 4430 quo
1910 4341 2219 4432 acceptari
2254 4345 2355 4409 vel
2390 4335 2688 4432 repudiari
