2834 4959
302 349 425 403 20⁴·
878 352 1219 402 TRACTATUS
1258 353 1341 400 m:
1384 351 1535 399 :mut
1579 349 1996 398 REGULAmUM.

314 513 345 546 «
374 503 447 549 ex
476 480 668 548 citato
704 477 913 570 capite
938 477 1135 547 unico
1160 476 1361 566 hujus
1400 475 1571 544 tituli
1597 474 1689 566 (1)
1723 475 1790 542 in
1817 483 2026 552 sext03
2057 473 2176 542 ubi
2219 477 2588 546 universim

312 627 344 662 «
376 597 753 687 prohibetur
790 615 876 664 ne
922 595 1072 685 quis
1110 612 1357 661 novum
1396 589 1695 659 ordinem
1737 599 1862 658 aut
1901 587 2286 679 reliqionem
2323 591 2592 661 adinve-

314 741 346 776 «
380 713 537 798 niat,
572 711 713 780 sine
750 707 1247 779 confirmatione
1286 705 1454 774 sedis
1501 701 1908 794 Apostolicae.
1959 699 2129 770 Talis
2163 713 2382 772 autem
2427 727 2589 775 con-

313 855 345 893 «
374 827 776 918 gregatio...,
828 826 981 895 licet
1026 845 1175 892 vere
1224 845 1301 891 ac
1352 819 1612 912 proprie
1665 818 2004 908 religiosus
2029 824 2256 888 ·status
2303 841 2418 889 seu
2469 841 2590 889 re-

312 945 531 1035 «ligio
577 965 709 1012 non
758 943 866 1029 sit,
915 938 1076 1010 ordo
1124 946 1345 1008 tamen
1406 935 1662 1026 proprie
1713 933 1846 1004 dici
1895 939 2131 1025 potest3
2181 936 2422 1026 quippe
2467 938 2598 1025 qui

312 1088 346 1126 «
375 1061 569 1130 latius
604 1063 773 1150 patet
806 1077 1006 1147 quam
1042 1053 1297 1141 religio,
1332 1058 1397 1138 et
1423 1054 1891 1140 consequenter
1933 1049 2104 1119 cadit
2131 1049 2251 1118 sub
2295 1049 2602 1140 prohibi·

314 1179 620 1245 «tionem
676 1171 935 1243 concilii
1003 1168 1462 1259 Lugdunensis
1515 1166 1614 1256 (in
1663 1166 1854 1233 citato
1901 1165 2110 1256 capite
2162 1165 2416 1253 unico),
2471 1165 2602 1234 ubi

312 1315 345 1354 α
374 1289 783 1382 prohibetur,
838 1308 972 1355 non
1036 1291 1293 1352 tantum
1346 1303 1432 1350 ne
1486 1279 1638 1370 quis
1693 1301 1928 1349 novam
1989 1281 2399 1368 religionem,
2475 1281 2602 1350 sed

314 1431 345 1467 «
374 1405 571 1472 etiam
606 1423 687 1470 ne
720 1421 966 1470 novum
1000 1397 1299 1468 ordinem
1338 1394 1443 1463 vel
1481 1393 1782 1464 habitum
1819 1415 2004 1464 novae
2041 1395 2376 1484 religionis
2404 1415 2603 1464 assu-

314 1549 349 1582 «
376 1526 536 1586 mat.
583 1517 783 1606 ldque
815 1515 1235 1583 confirmatur
1274 1511 1470 1580 etiam
1511 1531 1588 1578 ex
1625 1511 1816 1578 citata
1857 1516 2302 1600 extravagante
2333 1514 2606 1582 Sancta

314 1659 347 1696 «
375 1631 643 1700 Joannis
708 1628 923 1713 XXII,
992 1627 1113 1696 ubi
1176 1625 1531 1718 prohibitio
1593 1623 1853 1694 conellii
1918 1622 2361 1715 Lugdunensis
2419 1647 2594 1694 cum

314 1771 348 1811 «
374 1749 596 1816 eadem
624 1745 989 1815 extensione
1029 1749 1094 1812 et
1129 1740 1564 1828 disjunctione
1603 1741 1766 1810 novi
1787 1738 2058 1831 ‚ordinis
2101 1752 2224 1809 aut
2257 1740 2596 1831 reliyionis

313 1887 348 1926 «
376 1862 675 1941 retertur,
714 1867 777 1929 et
816 1860 1141 1950 Beguinas
1182 1867 1409 1927 contra
1458 1856 1676 1946 legem
1720 1855 1900 1926 illius
1943 1856 2200 1925 concilii
2247 1857 2604 1947 deliquisse

316 1976 760 2046 «declaratur.
810 1974 1218 2065 Supponitur
1264 1993 1420 2063 ergo
1464 1973 1586 2056 ibi,
1637 1972 1834 2041 talem
1883 1973 2155 2041 modum
2207 1972 2472 2041 vivendi
2527 1973 2608 2044 in

315 2119 347 2156 «
378 2094 713 2162 communi
740 2091 881 2159 sine
924 2088 1385 2181 approbatione
1433 2086 1647 2178 Papae,
1687 2109 1824 2156 esse
1861 2087 2266 2178 prohibitum
2317 2090 2389 2156 in
2425 2109 2602 2158 con-

316 2235 347 2270 «
378 2207 525 2275 cilio
568 2204 991 2294 Lugdunensi
1044 2204 1168 2273 sub
1208 2201 1522 2291 Gregorio
1559 2201 1738 2286 X...‚
1789 2208 1850 2271 et
1897 2204 1970 2272 in
2014 2202 2292 2272 concilio
2336 2201 2612 2272 Latera-

314 2349 349 2384 «
382 2321 567 2389 nensi
600 2319 723 2387 suh
770 2320 1147 2390 Innocentio
1186 2317 1353 2388 111...
1407 2317 1592 2388 Ratio
1637 2325 1754 2407 est,
1807 2319 1958 2409 quia
2005 2339 2139 2386 non
2176 2319 2396 2386 minor
2435 2339 2610 2386 con-

315 2435 549 2503 «fusio
601 2442 664 2503 et
708 2435 1074 2525 periculum
1128 2436 1311 2526 sequi
1364 2439 1633 2526 poterat,
1682 2453 1880 2524 quam
1933 2455 2010 2503 ex
2055 2433 2616 2524 multiplicatione

317 2576 350 2616 «
380 2550 854 2638 religionum...
898 2550 1081 2619 Idem
1112 2550 1307 2618 etiam
1346 2547 1770 2618 confirmatur
1811 2569 1887 2617 ex
1931 2550 2138 2638 capite
2181 2547 2612 2617 indemnita-

314 2692 349 2730 «
382 2665 554 2733 tibus
579 2665 719 2755 (43,
739 2664 1191 2751 deElectione,
1220 2668 1288 2733 in
1310 2665 1406 2756 6),
1440 2664 1557 2733 uhi
1585 2663 1872 2733 Pontifex
1895 2665 2008 2746 ait,
2031 2687 2170 2732 suoe
2195 2664 2616 2734 intentionis

314 2807 347 2844 «
376 2802 509 2849 non
532 2804 662 2850 esse
684 2781 1071 2850 institutum
1090 2791 1156 2849 et
1176 2779 1501 2868 ordinem,
1519 2802 1634 2849 seu
1653 2779 1956 2871 requlam
1973 2780 2452 2849 canonicarum
2481 2803 2618 2849 εω-

316 2923 348 2960 «
377 2896 705 2965 culm-ium
724 2920 846 2990 per
868 2897 989 2964 hoc
1016 2894 1391 2986 approbare
1419 2916 1444 2962 .·
1474 2918 1590 2986 per
1617 2896 1792 2985 quod
1811 2895 1960 2964 satis
1979 2895 2328 2984 indicatur,
2356 2895 2438 2964 ad
2475 2905 2620 2966 sta-

316 3036 349 3074 «
379 3018 520 3080 tum
547 3019 610 3079 et
634 3013 1005 3081 firmitatem
1028 3011 1260 3079 talium
1289 3013 1868 3101 congregationum
1897 3011 1970 3080 in
1999 3011 2336 3080 communi
2363 3011 2618 3082 viven-

315 3151 349 3190 «
379 3128 570 3212 tium,
599 3129 953 3196 necessario
982 3127 1229 3217 requiri
1258 3128 1792 3219 approbationem
1821 3131 1888 3198 S.
1936 3127 2288 3197 pontificis.
2323 3153 2360 3194 »

402 3267 439 3306 a
466 3240 838 3312 Notandum
883 3241 995 3311 hic
1039 3248 1347 3333 praeterea
1399 3265 1417 3309 z
1462 3241 1533 3310 Si
1572 3241 1696 3310 viri
1747 3244 1855 3313 vel
1897 3243 2203 3312 mulieres
2249 3240 2373 3310 sub
2417 3251 2620 3313 certa

315 3354 587 3422 «forma
635 3356 893 3426 vivendi
936 3378 1052 3425 seu
1098 3355 1347 3447 regula,
1400 3357 1603 3426 nullis
1647 3357 1962 3450 religiosis
2009 3359 2172 3427 votis
2214 3358 2498 3445 astricti,
2551 3369 2624 3430 et

314 3493 347 3531 «
376 3469 517 3537 sine
564 3469 733 3538 sedis
781 3471 1167 3563 Apostolicae
1217 3470 1508 3557 licentia,
1563 3473 1764 3542 simul
1810 3473 1882 3542 in
1933 3472 2275 3542 communi
2321 3471 2616 3563 degant,

318 3585 597 3654 «omnia
636 3585 1011 3676 hujusmodi
1057 3607 1482 3678 personarum
1524 3595 1708 3679 pacta
1751 3609 1864 3657 seu
1911 3587 2399 3680 promissioneS,
2445 3611 2620 3681 quae

316 3724 349 3760 «
380 3701 447 3767 in
476 3701 706 3771 ordine
740 3702 818 3769 ad
850 3703 1644 3792 talem-congregationem
1687 3702 2065 3794 erigendam
2110 3703 2212 3773 vel
2257 3724 2618 3776 assumen-

319 3841 350 3878 α
378 3815 528 3884 dam
554 3818 750 3902 fiunt,
792 3823 945 3886 sunt
986 3819 1185 3888 nullae
1227 3826 1293 3889 et
1319 3819 1554 3900 irritae;
1589 3821 1678 3888 ita
1718 3825 1793 3888 ut
1817 3817 2019 3888 libere
2065 3819 2316 3889 resilire
2355 3827 2420 3888 et
2449 3822 2616 3893 dis·-

318 3954 351 3990 «
382 3931 601 4001 cedere
660 3933 911 4024 possint
982 3955 1001 4002 :
1064 3955 1139 4002 ac
1195 3934 1468 4025 proinde
1533 3935 1725 4004 etiam
1779 3940 2006 4004 votum
2065 3932 2452 4004 obedientiae
2521 3938 2618 4007 ab

318 4041 510 4113 «illis
532 4046 806 4135 editum,
854 4054 948 4118 est
988 4049 1253 4119 irritum
1299 4072 1318 4119 ε
1348 4050 1484 4120 imo
1523 4051 1720 4120 etiam
1753 4053 1979 4120 votum
2019 4047 2350 4129 castitatis,
2381 4049 2438 4120 si
2481 4051 2622 4122 fiat

316 4183 350 4222 «
382 4157 749 4230 intentione·
766 4166 1061 4235 servandi
1098 4165 1282 4236 illam
1322 4166 1535 4236 solum
1584 4167 1654 4236 in
1687 4167 1800 4236 tali
1845 4166 2342 4256 congregatione
2383 4173 2445 4236 et
2473 4169 2616 4240 de-

376 4413 438 4473 (1)
458 4414 645 4478 :Nempe
670 4417 806 4466 tituli
832 4419 897 4468 de
918 4419 1178 4483 Religiosis
1206 4423 1465 4486 Domibus,
1500 4425 1552 4475 in
1579 4429 1625 4476 6.
2393 4390 2428 4422 .
