2834 4959
1070 353 1222 402 PARS
1269 355 1485 404 PRIMA.
2306 357 2329 408 1
2348 355 2427 410 53

191 503 437 572 «omnia
483 522 632 592 quae
657 499 986 570 habebant
1027 503 1480 590 vendiderunt,
1514 527 1866 596 rerumque
1914 528 2179 576 suarum
2227 512 2429 598 pretia

191 645 218 680 ι
239 619 300 685 ad
327 617 520 708 pedes
570 617 1038 708 Apostolorum
1083 594 1467 710 posuerunt,
1515 620 1681 689 sicut
1703 622 1771 688 in
1799 623 2070 691 Actibus
2090 622 2433 712 Apostolo-

187 757 216 796 ιε
241 755 378 801 rum
401 734 758 823 legitur....
787 731 960 824 Ergo
987 733 1112 824 ipsi
1141 735 1320 824 prius
1347 736 1695 803 audierunt
1725 761 1741 804 ε
1768 739 1936 805 Ecce
1965 761 2167 828 quam
2190 737 2433 807 bonum

186 873 216 912 ι
231 861 288 915 et
305 871 494 940 quam
491 846 880 940 jucundum
899 848 1209 916 habitare
1217 849 1464 940 fratres
1479 850 1557 918 in
1575 873 1810 918 unum.
1838 851 2039 920 Primi
2058 853 2429 941 audierunt,

189 989 225 1028 a
251 965 348 1032 sed
373 986 493 1032 non
539 963 664 1033 soli
693 964 1063 1034 audierunt.
1104 963 1250 1035 Non
1279 966 1457 1034 enim
1490 989 1693 1056 usque
1722 966 1804 1034 ad
1852 967 1995 1035 illos
2025 969 2143 1035 ista
2172 966 2429 1037 dilectio

195 1103 230 1143 α
255 1085 312 1147 et
367 1082 558 1148 unitas
625 1080 906 1149 fratrum
967 1082 1164 1150 venit.
1243 1081 1439 1152 Venit
1491 1083 1669 1151 enim
1721 1088 1783 1151 et
1846 1084 1923 1151 ad
1977 1091 2258 1174 posteros
2313 1083 2433 1153 ista

195 1217 230 1256 ιι
253 1193 544 1262 charitatis
591 1195 930 1264 exsultatio
971 1204 1033 1264 et
1096 1203 1318 1265 votum
1373 1197 1527 1268 Deo.
1594 1195 1881 1268 Vovetur
1939 1199 2116 1266 enim
2182 1199 2431 1290 aliquid

199 1332 234 1374 t(
258 1305 390 1392 Deo,
410 1310 736 1379 etdictum
756 1320 846 1380 est
873 1335 890 1379 ε
931 1315 1163 1382 Vovete
1181 1325 1246 1381 et
1261 1312 1517 1382 reddite
1538 1313 1821 1382 Domino
1836 1318 1971 1382 Deo
1990 1327 2222 1382 vestro.
2238 1365 2252 1380 .
2268 1367 2283 1382 .
2298 1367 2313 1382 .
2341 1314 2433 1383 Ex
2490 1370 2497 1378 ,

199 1449 232 1490 α
259 1445 388 1494 voce
421 1427 620 1516 hujUs
657 1424 894 1495 Psalmi
941 1429 1238 1518 appellati
1277 1436 1519 1497 suntet
1568 1431 1898 1510 monachi,
1939 1453 2019 1498 ne
2072 1431 2218 1520 quis
2252 1430 2433 1498 vobis

193 1567 224 1606 σ
246 1541 314 1610 de
353 1544 471 1611 isto
515 1541 786 1612 nomine
834 1542 1098 1612 insultet
1139 1545 1491 1614 catholicis.
1538 1571 1574 1611 κ
1623 1543 1948 1615 Hactenus
1984 1543 2053 1614 S.
2106 1546 2433 1635 Augusti-

56 1655 58 1658 ’
181 1675 287 1724 nus
313 1659 426 1749 (1).
461 1659 486 1746 ]

56 1791 59 1812 =
255 1771 554 1842 Putamus
586 1795 664 1842 ex
690 1773 985 1843 adductis
1017 1776 1098 1843 iis
1125 1777 1535 1845 documentis
1568 1776 1757 1865 plane
1784 1779 2021 1862 evinci,
2056 1800 2187 1846 non
2216 1781 2433 1848 deesse

181 1890 704 1981 quamplurimOS,
756 1912 991 1980 eosque
1037 1911 1185 1958 vere
1213 1891 1670 1960 ecclesiasticos
1716 1892 2081 1982 scriptores,
2113 1894 2227 1981 qui
2276 1894 2431 1960 reli-

56 2045 58 2098 :
189 2003 339 2092 giosi
363 2013 548 2073 status
615 2007 1020 2077 existentiam
1067 2006 1151 2073 ab
1223 2005 1379 2095 ipsis
1426 2003 1733 2075 Ecclesiae
1806 2003 2079 2074 exordiis
2130 2012 2429 2095 repeten-

56 2141 58 2146 ·
183 2117 314 2186 dam
352 2123 729 2191 existiment.
787 2122 977 2192 Unde
1025 2141 1288 2212 prorsus
1329 2122 1565 2190 falsum
1614 2127 1706 2190 est
1742 2123 1884 2214 sere
1907 2119 2251 2190 unanimes
2302 2142 2433 2190 esse

181 2235 438 2306 eruditos
465 2239 536 2305 in
561 2239 960 2308 admittenda
994 2241 1312 2307 contraria
1340 2240 1673 2307 sententia.

255 2351 620 2423 Pnorosmo
643 2353 751 2422 11⁸.
791 2391 874 2406 —
915 2355 1106 2454 Veros
1133 2353 1465 2445 reliqiosos
1488 2355 1696 2446 fuisse
1725 2357 2031 2440 EssenOS,
2070 2376 2183 2422 seu
2214 2353 2430 2421 thera-

56 2459 58 2468 ’
183 2471 865 2561 peutasAE'qyptiacos,
883 2481 1251 2561 temporum
1268 2471 1790 2562 apostolicorum
1806 2492 2078 2552 σοιευοε,
2095 2471 2340 2538 saltem
2356 2479 2434 2534 ut

183 2583 499 2670 probabile
507 2583 999 2655 admittendum
1015 2599 1132 2656 est.
1160 2625 1247 2639 -
1261 2587 1354 2654 Ha
1362 2607 1445 2653 nc
1458 2588 1699 2676 pariter
1717 2588 2136 2674 quaestionem
2156 2586 2429 2670 erudite,

187 2715 343 2767 more
378 2723 516 2787 suo,
567 2708 986 2770 excusserunt
1037 2703 1336 2770 hodierni
1393 2699 1827 2769 Bollandistae.
1884 2700 1968 2768 Ut
2015 2701 2171 2769 adeo
2217 2702 2432 2768 visum

179 2809 260 2878 sit
285 2815 406 2906 ip'sa
433 2839 670 2886 eorum
724 2816 942 2903 verba,
993 2824 1213 2907 utpote
1243 2836 1392 2905 quae
1444 2813 1924 2883 conclusionem
1968 2823 2256 2882 nostram
2284 2835 2430 2882 om-

183 2927 322 2997 nino
341 2933 632 3014 firmant,
665 2933 773 3001 hic
804 2933 1122 3023 subjicere
1158 2959 1173 2999 :

267 3047 290 3132 [
343 3047 660 3118 Eusebius
713 3054 1034 3116 memorat
1100 3046 1178 3113 de
1247 3045 1453 3114 sancti
1528 3045 1726 3116 Marci
1780 3042 2207 3134 Evangelistae
2262 3045 2435 3134 apud

193 3155 502 3253 AEgyptios
550 3165 1046 3254 praedicatione:
1085 3185 1120 3228 t(
1143 3161 1345 3229 Tanta
1396 3161 1745 3233 multitudo
1788 3163 2078 3230 virorum
2130 3159 2325 3226 simul
2362 3179 2438 3225 ac

201 3303 236 3344 α
267 3281 593 3351 mulierum
647 3282 764 3372 qui
817 3282 1012 3351 fidem
1066 3277 1305 3347 Christi
1335 3277 1473 3347 illic
1513 3279 1796 3370 amplexi
1825 3279 2106 3364 fuerant,
2171 3276 2252 3343 ab
2300 3276 2437 3366 ipso

197 3419 232 3461 α
263 3397 450 3466 statim
501 3399 692 3466 initio
741 3404 874 3466 tam
927 3395 1437 3488 philosophicam
1494 3401 1759 3484 tamque
1825 3413 2111 3462 severam
2163 3395 2435 3463 ascesim

56 3527 58 3532 ’
187 3535 228 3575 π
252 3515 509 3602 professa
579 3513 726 3598 fuit,
785 3517 858 3580 ut
927 3513 1135 3580 studia
1177 3511 1447 3578 illorum
1505 3515 1569 3576 et
1622 3517 1823 3578 coetus
1894 3515 2084 3598 atque
2145 3505 2440 3576 convivia

196 3652 227 3694 α
253 3617 566 3720 totamque
615 3629 762 3696 vitae
811 3627 1126 3696 rationem
1178 3626 1435 3716 scriptis
1484 3625 1619 3693 suis
1668 3643 2175 3694 commemorare
2228 3639 2440 3709 operae

197 3767 228 3805 α
253 3747 512 3832 pretium
557 3744 812 3814 duxerit
853 3742 1156 3811 Philo....
1189 3741 1355 3812 Cum
1400 3745 1762 3808 ascetarum
1818 3746 2187 3810 nostrorum
2238 3734 2440 3801 vitam

199 3881 232 3920 α
265 3879 440 3947 quam
481 3859 964 3929 accuratissime
1009 3856 1337 3939 describit,
1389 3855 1637 3924 indicat
1680 3877 1747 3924 se
1774 3877 1911 3926 non
1958 3851 2150 3923 modo
2178 3849 2436 3934 vidisse,

193 3997 228 4037 ιι
256 3973 354 4041 sed
396 3974 588 4044 etiam
631 3972 1046 4043 vehementer
1093 3973 1362 4062 probare
1430 3979 1493 4038 et
1534 3971 1761 4040 mirari
1806 3966 2185 4060 apostolicos
2236 3967 2434 4053 viros,

195 4111 230 4150 ι
253 4088 360 4177 qui
401 4112 469 4158 ex
517 4087 829 4177 Hebraeis,
881 4094 958 4157 ut
981 4087 1288 4156 credibile
1328 4092 1453 4176 est,
1498 4085 1784 4168 oriundi,
1840 4084 1927 4152 ob
1971 4101 2117 4151 eam
2174 4103 2441 4154 causam

237 4413 316 4480 u)
331 4415 564 4484 nuans-at.
593 4419 648 4479 ih
665 4420 884 4488 Psalm„
901 4423 1031 4475 tom.
1053 4424 1084 4474 4
1101 4420 1250 4484 oper.
1265 4455 1282 4486 ‚
1310 4419 1404 4474 col.
1438 4417 1559 4471 1⁴84
1582 4415 1799 4470 e11485.
