2834 4959
359 341 486 399 506
927 342 1268 394 mcuws
1309 343 1394 392 nt
1436 341 1589 392 wll!
1632 343 2056 428 neptuim!-

358 465 847 548 conscientiam,
879 463 1152 555 perinde
1173 485 1250 534 ac
1277 463 1460 533 silex
1486 463 1599 532 illa
1626 463 1841 533 civilis
1882 483 2014 534 non
2036 465 2352 550 existeret3
2378 467 2645 560 explari

357 583 623 675 quidem
641 601 680 650 a
705 580 984 672 singulis
1013 578 1414 650 monialibus
1458 580 1624 670 legis
1648 578 1861 648 civilis
1879 579 2319 667 formalitates‚
2344 583 2449 652 sed
2476 587 2645 655 tan-

357 719 554 790 quam
584 717 794 766 meras
829 693 1272 778 formalitates,
1301 715 1431 762 non
1482 700 1798 785 tanquam
1838 701 2025 764 actus
2046 695 2355 780 dominii;
2396 699 2639 788 etqui-—

359 814 510 884 dem
538 814 606 881 id
644 833 683 880 a
714 809 982 880 moniali
1007 809 1230 902 peragi
1249 831 1327 879 ex·
1357 810 1665 880 mandato
1698 810 2163 901 superiorissae,
2213 815 2279 881 et
2320 833 2395 881 eo
2436 811 2639 882 modo

362 931 476 1022 qui
527 929 653 1020 ipsi
691 949 728 996 a
753 924 1178 1018 superiorissa
1205 926 1682 1016 praescribitur3
1724 947 1855 995 nec
1872 927 2087 1017 ipsam
2110 926 2483 996 existimare
2512 927 2647 998 sibi

359 1043 574 1113 ullum
595 1039 996 1136 proprietatis
1017 1041 1126 1132 jus
1141 1044 1507 1131 competere
1536 1041 1607 1108 in
1635 1061 1774 1110 rem
1800 1041 1975 1112 circa
1995 1063 2193 1131 quam
2223 1041 2649 1114 formalitates

361 1157 507 1228 illas
521 1157 751 1248 explet.

452 1272 640 1342 Hanc
663 1291 784 1363 ego
813 1271 1293 1363 persuasionem
1323 1268 2049 1362 generalemreperiens
2067 1271 2146 1340 in
2166 1270 2361 1342 dictis
2386 1272 2647 1340 monia·

363 1387 534 1458 lium
560 1388 788 1457 Galliae
813 1386 1186 1474 ordinibus,
1219 1405 1351 1455 non
1383 1383 1567 1476 potui
1591 1385 1757 1476 quin
1810 1385 2033 1454 minus
2060 1387 2313 1456 veritati
2354 1405 2641 1456 consona

359 1503 862 1574 existimaverim
911 1521 1110 1592 supra
1151 1507 1506 1569 memorata
1558 1499 1867 1592 exposita,
1898 1497 2179 1570 Romam
2230 1501 2639 1588 transmissa,

361 1617 604 1710 quibus
627 1617 1082 1684 incunctanter
1111 1621 1172 1682 et
1195 1615 1645 1686 universaliter
1694 1615 2011 1685 assertum
2048 1621 2157 1698 est,
2205 1635 2430 1683 vovere
2478 1635 2632 1683 mo·—

363 1731 568 1800 niales
587 1728 814 1798 Galliae
841 1750 998 1798 cum
1037 1730 1416 1826 §intentione
1454 1731 1774 1800 retinendi
1816 1731 2116 1818 dominii,
2160 1735 2269 1800 aut
2288 1728 2625 1801 servandae

361 1843 716 1914 habilitatis
741 1845 822 1914 ad
835 1843 1202 1914 dominium
1234 1845 1764 1936 acquirendum·
2337 1895 2347 1904 .

452 1960 540 2034 Ut
563 1968 782 2032 autem
833 1961 1110 2052 hujusce
1167 1960 1392 2029 asserti
1440 1959 1777 2029 falsitatem
1824 1960 2099 2052 probare
2142 1979 2423 2052 possem,
2456 1957 2643 2029 aliter

361 2099 565 2170 quam
591 2097 668 2148 ex
697 2077 834 2144 solo
867 2097 1018 2144 meo
1048 2075 1443 2155 testimonio,
1492 2076 1724 2164 scripsi
1776 2075 1855 2144 ad
1902 2075 2201 2167 praefatos
2238 2079 2631 2157 eonventns3

363 2209 402 2256 a
420 2189 662 2276 quibus
689 2209 990 2278 responsa
1047 2189 1287 2280 accepi,
1319 2211 1467 2278 quae
1494 2190 1731 2259 dictam
1763 2191 2132 2281 generalem
2154 2190 2639 2283 persuasionem

363 2303 730 2372 authentice
757 2307 1092 2372 testantur.
1127 2302 1495 2392 Subjiciam
1521 2304 1814 2395 primum
1833 2304 2173 2398 epistolam
2212 2321 2457 2391 meam,
2494 2311 2645 2374 tum

174 2504 193 2517 ⁶
248 2458 267 2469 ·
361 2435 438 2488 ex
467 2418 786 2508 responsis
807 2437 881 2484 ea
903 2437 1048 2505 qnoe
1071 2417 1396 2507 praecipue
1420 2419 1503 2486 ad
1530 2441 1669 2486 rem
1690 2420 1961 2488 faciunt.

454 2531 502 2598 1.
535 2529 814 2619 Epistola
839 2549 879 2596 a
915 2549 1022 2598 me
1057 2531 1288 2622 scripta
1335 2553 1352 2598 ε
1411 2539 1449 2596 «ἐ
1494 2536 1591 2600 Ma
1622 2533 1974 2604 reverende
2028 2531 2227 2602 Mere.
2258 2569 2349 2586 --
2374 2531 2497 2600 ι1ἀί
2536 2550 2641 2600 re-

373 2666 407 2707 «
431 2662 622 2711 cours
649 2643 688 2709 a
742 2646 922 2712 votre
975 2638 1350 2735 obligeance
1395 2669 1567 2736 pour
1616 2648 1749 2716 eti-e
1784 2647 2127 2740 renseigne
2172 2665 2289 2718 sur
2332 2646 2637 2737 quelques

373 2780 408 2826 ι(
440 2757 654 2849 points
673 2755 910 2829 relatifs
937 2779 1022 2828 au
1057 2781 1206 2829 voeu
1241 2760 1322 2830 de
1345 2761 1673 2850 pauvrete,
1704 2783 1833 2852 que
1876 2763 2011 2832 font
2038 2763 2131 2832 les
2158 2763 2537 2853 religieuses
2560 2761 2639 2831 dc

372 2897 408 2938 (ι
441 2879 616 2943 votre
631 2874 847 2954 ordre,
874 2873 1036 2943 dans
1065 2875 1240 2944 leurs
1257 2882 1568 2948 couvents
1590 2875 1671 2946 de
1694 2877 1967 2947 France.

463 3013 500 3052 α
519 2987 787 3058 Comme
836 3011 996 3060 vous
1021 2990 1084 3059 le
1131 3011 1340 3078 savez,
1371 2991 1435 3060 la
1476 2991 1566 3060 loi
1614 2992 1803 3063 civile
1840 2991 1921 3061 de
1950 2997 2133 3060 notre
2180 3011 2337 3080 pays
2382 2990 2643 3080 n’aynnt

375 3123 410 3164 a
437 3101 619 3190 point
639 3102 832 3191 egard
861 3102 898 3172 ὲ
923 3104 984 3170 la
1013 3105 1366 3194 profession
1423 3105 1802 3193 solennelle,
1834 3106 2101 3196 regarde
2122 3125 2235 3174 vos
2260 3103 2637 3191 religieuses

377 3241 409 3280 «
443 3216 748 3304 professes
771 3235 1028 3286 comme
1041 3224 1218 3309 aptes
1245 3219 1280 3288 a
1299 3216 1628 3295 recueillir
1656 3221 1769 3290 des
1790 3221 2115 3310 heritages
2136 3243 2155 3289 t
2178 3220 2407 3289 devant
2422 3219 2486 3286 la
2508 3217 2628 3303 loi,

377 3353 408 3391 ι(
439 3327 590 3396 elles
609 3349 692 3397 en
735 3330 1112 3421 acquierent
1127 3332 1189 3402 la
1209 3335 1560 3425 propr-iete,
1596 3342 1660 3404 et
1684 3341 1967 3427 peuvent
1984 3355 2069 3405 en
2104 3333 2391 3427 disposer
2412 3331 2633 3412 &deur
2756 3427 2773 3444 ·

377 3465 406 3505 α
435 3463 574 3530 gre.

463 3575 500 3616 ε(
525 3549 598 3620 Je
625 3553 926 3624 voudrais
955 3552 1168 3624 saveir
1195 3555 1250 3622 si
1279 3575 1396 3623 vos
1425 3554 1823 3644 religieuses,
1862 3577 1943 3626 en
1968 3535 2371 3626 faisantfflur
2398 3552 2633 3645 profes·

371 3689 406 3728 ι(
435 3666 606 3754 sion,
629 3669 980 3740 entendent
1001 3687 1070 3738 se
1091 3667 1306 3758 priver
1329 3691 1416 3762 en
1446 3677 1583 3742 tout
1607 3687 1695 3742 ou
1724 3694 1807 3742 en
1824 3671 2027 3764 partie
2046 3672 2125 3742 de
2143 3691 2249 3742 ces
2278 3669 2624 3760 droitsque

307 3787 310 3790 ’
349 3803 404 3844 4(
433 3779 492 3846 la
519 3781 607 3850 loi
625 3783 814 3852 cirile
849 3783 996 3852 leur
1013 3783 1336 3868 attribue3
1366 3791 1433 3854 et
1462 3793 1795 3858 comment
1826 3807 1989 3858 vous
2016 3785 2359 3858 instruisez
2382 3807 2496 3856 vos
2516 3803 2623 3852 no-

371 3920 404 3960 «
434 3895 605 3966 vices
621 3901 662 3966 a
685 3905 785 3968 cet
811 3897 1028 3984 egard.

461 4035 496 4076 α
521 4009 696 4082 Pour
740 4012 890 4103 plus
911 4013 990 4084 de
1014 4015 1367 4106 precision,
1388 4019 1458 4108 je
1484 4037 1642 4086 vous
1669 4015 1807 4106 prie
1836 4015 1917 4086 de
1963 4015 2215 4086 vouloir
2248 4015 2405 4086 bien
2434 4015 2613 4081 tatta-

370 4150 404 4193 α
433 4125 588 4195 cher
611 4148 722 4196 vos
745 4129 1296 4219 renseignements
1313 4153 1451 4224 ‚aux
1476 4130 1805 4221 questions
1826 4130 2200 4203 suivanteez

459 4266 494 4308 a
518 4242 579 4308 1⁰
610 4241 703 4310 La
750 4243 1092 4335 religieuse
1118 4231 1200 4314 en
1229 4245 1457 4315 faisant
1500 4267 1565 4313 sa
1599 4245 1955 4335 profession
1975 4245 2371 4326 entend-elle
2394 4237 2605 4312 s'obli-

371 4375 405 4417 α
429 4375 542 4442 ger
559 4379 643 4426 en
665 4361 1040 4431 conscience
1067 4367 1130 4430 et
1157 4362 1390 4431 devant
1436 4360 1602 4430 Dieu
1628 4362 1667 4430 a
1708 4383 1791 4430 ne
1820 4363 2061 4454 jamais
2098 4361 2384 4453 disposet
2410 4377 2519 4450 par
2542 4373 2611 4424 8³
