2834 4959
407 304 487 359 24
979 307 1315 357 maurus
1355 308 1435 354 nr
1478 308 1627 355 suan
1674 308 2087 359 anemium.
2194 334 2196 337 <

406 431 746 521 posterius,
801 432 968 499 inter
1013 428 1166 497 vitae
1191 429 1561 497 communis
1594 432 1795 499 status
1836 431 2155 501 recenseri
2178 428 2454 499 debebit.
2486 426 2643 497 Nam

405 546 550 615 vitae
573 546 942 615 communis
964 550 1162 614 status
1197 542 1655 630 intelliguntur
1689 544 1766 627 ii,
1814 546 1928 635 qui
1954 547 2159 615 alium
2202 568 2398 637 quam
2428 542 2645 633 acqui·
2779 552 2780 613 ζ

405 660 620 729 rendae
659 661 764 729 vel
806 658 1174 731 exercendae
1219 656 1630 749 perfectionis
1678 658 1879 728 finem
1932 660 2206 746 habent3
2256 682 2373 731 nec
2410 680 2485 729 ex
2534 657 2649 726 alia
2778 684 2780 743 i

407 777 646 845 ratione
692 778 1002 846 dicuntur
1038 775 1187 844 vitae
1236 776 1631 861 communia,
1669 776 1797 845 nisi
1838 776 1993 867 quia
2036 778 2486 869 perfectionem
2530 792 2649 841 non
2779 786 2780 793 ’

407 892 777 977 intendunt,
825 914 946 962 nec
996 891 1077 959 ad
1127 912 1271 959 eam
1317 890 1598 959 ordinati
1644 896 1818 961 sunt.
1870 891 2055 974 Quod
2112 892 2169 962 si
2216 890 2651 984 perfectionem
2778 884 2780 917 ⁴

407 1028 524 1097 pro
547 1030 740 1099 scopo
765 1008 1102 1089 haberent,
1132 1005 1258 1074 hoc
1285 1007 1426 1097 ipso
1458 1026 1587 1073 non
1616 1008 2005 1092 communis,
2058 1010 2169 1079 sed
2210 999 2651 1101 praestantioris
2779 1084 2780 1093 ἵ

409 1121 554 1189 vitae
580 1126 789 1189 essent
813 1128 876 1189 et
897 1120 1288 1188 dicerentur.

505 1236 806 1327 objicies.
857 1232 1070 1303 Status
1121 1233 1435 1302 clericalis
1484 1254 1613 1302 non
1654 1242 1745 1301 est
1804 1239 2004 1305 status
2053 1234 2485 1327 perfectionis,
2546 1246 2655 1295 nec

411 1354 609 1419 status
659 1352 806 1418 vitae
859 1349 1273 1431 communis3
1334 1370 1491 1438 ergo
1542 1349 1869 1439 adaequata
1919 1372 2049 1421 non
2104 1358 2198 1419 est
2226 1346 2547 1442 praemissa
2567 1342 2656 1410 di·

411 1465 605 1533 visio.
653 1502 742 1517 —
767 1462 1140 1554 Respondeo
1185 1483 1338 1531 cum
1387 1461 1681 1533 Suaresio
1732 1464 1834 1555 (de
1860 1464 2223 1557 Reliqione,
2281 1466 2546 1533 tractatu
2592 1456 2650 1538 7,

418 1580 469 1649 1.
534 1582 596 1667 1,
654 1602 713 1649 c.
773 1580 839 1662 2,
897 1600 968 1647 n.
1011 1577 1118 1670 13)
1165 1578 1554 1647 controverti
1604 1602 1821 1663 revera
1868 1580 2041 1671 apud
2086 1580 2400 1662 doctores,
2449 1582 2652 1643 utrum
2779 1566 2780 1573 ’

413 1699 748 1769 clericatus
805 1698 1019 1768 stricte
1070 1702 1396 1787 sumptus,
1458 1699 1524 1772 id
1587 1704 1703 1779 est,
1769 1708 2087 1789 quatenus
2149 1699 2233 1768 ab
2302 1698 2649 1789 Episcopatu
2779 1738 2780 1797 5

417 1812 860 1905 distinguitur,
919 1814 1004 1882 sit
1079 1834 1280 1881 necne
1345 1816 1545 1881 status
1616 1814 2039 1903 perfectionis.
2102 1814 2227 1883 Sed
2276 1826 2656 1903 quaecunque
2778 1798 2780 1809 ¹

417 1930 636 2022 opinio
685 1929 805 1999 hac
853 1928 934 1999 de
987 1949 1060 1998 re
1109 1935 1559 2019 anteponatur,
1610 1934 1861 1997 certum
1893 1937 1989 1997 est
2054 1936 2297 1998 statum
2344 1928 2529 1995 illum
2550 1918 2659 1989 sub

417 2046 646 2115 tradita
715 2046 1032 2113 divisione
1097 2042 1588 2134 comprehendi.
1652 2040 1817 2112 Nam
1856 2046 1911 2113 si
1976 2045 2107 2114 dici
2158 2050 2433 2137 nequeat
2483 2043 2662 2107 status
2779 2102 2780 2113 ,

420 2153 848 2247 perfectionis,
897 2173 1154 2221 necesse
1203 2160 1297 2221 est
1326 2173 1482 2221 eum
1539 2152 1707 2221 inter
1758 2161 1955 2225 status
1994 2156 2141 2224 vitae
2188 2176 2401 2225 comm
2412 2150 2549 2220 unis
2580 2165 2659 2213 re·
2779 2146 2780 2213 J

421 2269 704 2354 censeri3
754 2268 905 2357 quia
949 2266 1122 2335 idem
1174 2274 1276 2334 est
1315 2266 1599 2356 aliquem
1646 2272 1879 2339 statum
1928 2266 2071 2338 vitae
2139 2269 2504 2338 christianfe
2546 2276 2662 2329 non

425 2413 558 2459 esee
587 2397 818 2459 statum
847 2390 1278 2481 perfectionis,
1303 2396 1366 2458 et
1402 2412 1537 2461 esse
1564 2398 1799 2461 statum
1828 2396 1973 2462 vitae
1996 2394 2387 2485 communi&
2779 2474 2780 2485 ἵ

382 2557 392 2570 .
509 2508 712 2577 Nota.
742 2542 832 2557 -—
863 2504 1196 2573 Praesentis
1225 2508 1453 2595 capitis
1478 2511 1814 2577 materiam
1866 2508 2002 2579 fuse
2044 2508 2367 2577 evolutam
2415 2499 2668 2593 reperies
2779 2488 2780 2541 3

432 2621 602 2712 apud
634 2620 1010 2689 Suaresium
1045 2618 1150 2711 (de
1170 2620 1541 2712 Reliqione,
1574 2630 1839 2691 tractatu
1870 2624 1935 2709 7,
1966 2623 2013 2690 l.
2044 2623 2106 2707 1,
2143 2647 2202 2693 c.
2246 2622 2337 2713 2).

1323 3024 1598 3097 CAPUT
1644 3024 1782 3097 Vll.

790 3286 866 3329 DE
909 3278 1202 3331 CONSILIIS
1244 3282 1649 3331 EVANGELIGIS
1690 3283 1987 3341 Nononns
2030 3284 2317 3339 QUAEDAM.
2346 3278 2363 3309 ἵ

531 3544 711 3637 Saepe
767 3546 834 3612 in
887 3544 1156 3613 decursu
1213 3551 1516 3615 tractatus
1582 3553 1881 3637 tanquam
1930 3551 2180 3615 certum
2226 3552 2677 3638 supponemus,

442 3658 578 3727 dari
604 3656 872 3725 consilia
907 3656 1298 3746 evangelica,
1331 3680 1366 3725 a
1391 3657 1722 3748 praeceptis
1773 3656 2115 3738 distincta;
2170 3662 2232 3725 et
2276 3651 2680 3724 consiliorum

441 3772 902 3843 observantiam
949 3794 1080 3840 esse
1121 3773 1408 3865 simplici
1462 3779 1930 3865 praeceptorum
1962 3770 2415 3863 adimpletione
2460 3760 2683 3857 periec-

447 3890 673 3958 tiorem
700 3918 717 3978 ;
749 3910 1002 3959 necnon
1030 3911 1228 3978 quam
1253 3890 1530 3981 plurima
1556 3911 1830 3959 numero
1862 3872 2007 3958 esse
2032 3886 2351 3980 ejusmodi
2380 3876 2635 3951 consilia
2662 3891 2678 3953 ;

445 4005 742 4094 quamvis
767 4026 842 4073 eo
870 4006 1138 4074 nomine
1168 4005 1290 4073 tria
1315 4003 1623 4073 duntaxat
1644 4006 1968 4097 praecipua
1990 4000 2409 4096 (paupertatis
2438 4006 2679 4079 nempe,

447 4121 745 4189 castitatis
769 4129 830 4190 et
859 4114 1259 4211 obedientiae)
1310 4120 1807 4189 antonomastice
1850 4122 2072 4194 vocari
2116 4118 2378 4189 soleant.
2425 4110 2492 4181 ld
2522 4118 2682 4175 nunc

444 4234 567 4304 sub
591 4239 880 4326 praesenti
902 4238 1129 4327 capite,
1159 4258 1242 4305 ne
1265 4241 1479 4328 postea
1509 4236 1705 4326 gratis
1733 4241 2045 4307 assertum
2074 4232 2389 4316 iideatur,
2422 4221 2680 4317 proban·

441 4350 602 4421 dum
632 4352 960 4421 duximus.
1804 4344 1815 4357 ‘
