2834 4959
1059 320 1211 370 PARS
1255 321 1475 369 plum.
2320 315 2395 372 8⁷

159 445 296 508 tum
317 439 676 530 religiosum
715 438 1076 518 sufficiant;
1119 437 1186 508 3⁰
1239 443 1306 510 in
1333 463 1467 530 quo
1514 445 1817 512 consistat
1837 446 1970 512 voti
2016 450 2405 535 paupertatis

153 556 524 624 solemnitas.

1221 739 1338 832 §r

442 919 670 980 Quanam
694 921 764 968 att
784 920 1182 984 mater-inhujus
1205 922 1327 982 τοῦ,
1351 924 1463 972 tum
1485 927 1697 983 remota,
1724 925 1835 977 tum
1864 928 2111 988 proxima.

249 1120 570 1210 Paupertas
590 1122 946 1212 opponitur
965 1123 1232 1212 divitiis,
1265 1130 1330 1192 et
1356 1124 1526 1192 nihil
1570 1125 1749 1195 aliud
1804 1134 1901 1198 est
1938 1149 2139 1218 quam
2186 1149 2415 1198 caren-

157 1237 250 1304 tia
283 1257 482 1304 earum
530 1257 778 1322 rerum,
838 1257 982 1326 quoe
1031 1237 1156 1306 sub
1207 1237 1579 1325 divitiarum
1637 1241 1905 1310 nomine
1959 1242 2419 1334 comprehendi

153 1356 374 1426 solent.
401 1354 506 1424 Est
545 1376 784 1445 nempe
832 1356 886 1422 is
930 1377 1152 1426 sensus
1207 1355 1453 1448 ubique
1501 1366 1815 1428 terrarum
1867 1363 2267 1431 unanimiter
2315 1383 2413 1429 re-

151 1477 384 1562 ceptus,
409 1475 470 1540 et
493 1467 652 1538 huic
684 1469 1000 1539 vocabulo
1041 1491 1350 1550 annexus.
1403 1471 1543 1542 Hoc
1600 1476 1739 1565 ipso
1788 1483 2007 1547 autem
2058 1477 2230 1567 quod
2262 1498 2419 1568 pau-

151 1600 376 1685 pertate
415 1592 844 1664 excludantur
867 1594 1132 1681 divitias,
1173 1595 1534 1667 excluditur
1562 1598 1759 1668 etiam
1781 1602 1891 1690 jus
1935 1601 2007 1669 in
2034 1621 2164 1684 eas,
2206 1601 2270 1669 id
2296 1609 2417 1685 est,

143 1714 242 1800 jus
305 1731 412 1778 eas
453 1707 741 1778 habendi
783 1716 1090 1799 tanquam
1141 1712 1461 1803 proprias,
1516 1719 1582 1782 et
1632 1711 1713 1784 iis
1764 1719 2083 1805 tanquam
2142 1715 2421 1805 propriis

153 1826 410 1905 utendi:
445 1845 861 1915 nequaquam
913 1826 1092 1894 enim
1147 1845 1395 1917 pauper
1443 1826 1575 1897 dici
1598 1835 1801 1919 potest
1814 1829 1947 1918 qui
1961 1831 2071 1918 jus
2114 1827 2277 1898 illud
2300 1828 2419 1896 sibi

151 1938 400 2006 retinet.

233 2051 448 2122 Solent
469 2059 770 2122 auctores
797 2052 1160 2120 materiam
1186 2063 1519 2122 remotam
1554 2051 1947 2144 paupertatis
1980 2071 2204 2120 vocare
2228 2050 2425 2140 ipsas-

148 2171 272 2232 met
287 2165 567 2247 divitias,
601 2183 718 2232 seu
745 2185 848 2232 res
899 2164 1063 2252 illas,
1117 2186 1395 2254 quarum
1444 2166 1727 2234 carentia
1774 2169 2211 2255 paupertatem
2268 2184 2425 2232 con-

147 2290 338 2358 stituit
369 2315 387 2358 ε
439 2288 804 2358 materiam
833 2271 1048 2358 autem
1079 2290 1499 2381 proximam,
1528 2289 1704 2358 varia
1746 2292 1895 2380 jura
1930 2295 1993 2357 et
2014 2288 2223 2358 varios
2246 2295 2427 2358 actus

151 2405 308 2474 circa
339 2407 620 2476 divitias,
677 2404 946 2475 «Potest
993 2405 1130 2476 haec
1184 2407 1476 2494 matoria,
1516 2407 1735 2498 inquit
1770 2405 2033 2492 Suarez,
2081 2404 2317 2494 duplex
2364 2405 2427 2472 in

151 2545 186 2584 α
209 2527 354 2590 voto
375 2520 744 2610 distingui:
803 2526 1050 2591 remota
1101 2521 1348 2592 scilicet
1396 2527 1459 2590 et
1498 2522 1827 2612 proxima.
1878 2524 2227 2591 Remotam
2269 2542 2429 2589 voco

161 2659 198 2698 α
229 2654 328 2702 res
351 2634 526 2714 illas,
577 2657 686 2702 scu
727 2636 1006 2723 divitias,
1051 2637 1120 2706 in
1173 2657 1455 2725 quarum
1502 2638 1780 2704 carentia
1832 2644 2173 2727 paupertas
2222 2637 2433 2706 consi-

161 2750 374 2818 «stitz
421 2751 796 2839 proximam
837 2758 1084 2836 autem,
1131 2751 1581 2820 habitudinem
1610 2751 1791 2820 illam
1836 2751 1937 2818 vel
1966 2754 2281 2820 actionem
2310 2752 2433 2819 ho-

165 2889 202 2928 «
231 2863 414 2932 minis
433 2865 600 2934 circa
639 2863 826 2934 talem
873 2889 1018 2936 rem
1067 2869 1424 2958 paupertati
1472 2871 1997 2956 repugnantem
2054 2865 2427 2953 cujusmodi

173 3005 206 3043 ιι
236 2985 328 3080 est
345 2979 708 3050 dominium
743 2981 864 3065 rei,
906 2982 1006 3052 vel
1040 2985 1150 3072 Jus
1201 2989 1314 3052 aut
1363 3005 1523 3052 usus
1560 2982 1659 3051 illi
1686 2981 2077 3072 aequivaleus
2121 2980 2223 3049 vel
2262 2980 2427 3049 illud

167 3119 204 3160 «
229 3099 640 3188 participans.
665 3122 702 3164 »
729 3099 852 3188 (De
871 3099 1233 3190 Relsqione,
1261 3105 1533 3168 tractatu
1553 3102 1619 3184 7,
1649 3099 1768 3167 lib.
1796 3099 1863 3182 a,
1888 3121 1949 3166 c.
1978 3098 2075 3186 4.)
2472 3079 2477 3086 ’

239 3211 410 3281 Licet
447 3219 672 3284 autem
747 3233 828 3287 ex
889 3216 1294 3284 unanimiter
1345 3220 1605 3304 recepto
1662 3213 1957 3306 ¹vocabuli
2005 3214 2431 3305 paupertatis·

157 3347 340 3396 seusu
375 3335 548 3398 extra
587 3331 1092 3400 controversiam
1145 3329 1252 3412 sit,
1305 3351 1453 3400 eam
1492 3331 1839 3400 consistere
1886 3331 1955 3397 in
1998 3329 2283 3419 quadam
2328 3353 2430 3399 ca-

155 3443 346 3512 rentia
375 3444 788 3530 divitiarum,
836 3450 899 3512 et
936 3447 1110 3536 juris
1161 3445 1232 3514 in
1259 3467 1392 3531 eas,
1421 3467 1576 3514 -uon
1626 3447 1715 3514 ita
1752 3444 1943 3514 facile
1990 3436 2197 3538 liquet
2249 3466 2431 3535 quae-

159 3559 620 3650 nam-praecise
681 3581 784 3630 res
839 3581 956 3651 pro
1016 3559 1260 3631 divitiis
1332 3561 1692 3651 paupertati
1742 3561 2256 3653 repugnantibus
2311 3559 2430 3625 ha·

159 3667 372 3742 bendae
395 3673 552 3757 sint,
605 3695 720 3742 eeu
763 3695 1064 3764 quaenam
1108 3695 1209 3744 res
1259 3676 1597 3744 materiam
1652 3677 2045 3767 paupertatis
2104 3682 2431 3740 remotam

159 3789 562 3857 constituant.
617 3786 780 3856 Item
849 3809 980 3860 non
1063 3792 1278 3859 statim
1359 3789 1747 3881 perspicitur
1808 3809 2106 3881 quaenam
2157 3788 2309 3874 jura
2370 3794 2435 3854 et

159 3901 418 3989 quinam
445 3909 630 3974 actus
671 3906 844 3974 circa
881 3905 1140 3974 divitias
1179 3909 1539 3997 paupertati
1578 3911 1966 3997 repugnent,
2016 3923 2129 3968 seu
2180 3901 2249 3968 in
2300 3923 2433 3992 quo

165 4019 418 4104 praecize
463 4020 810 4090 consistere
851 4021 1172 4090 censenda
1219 4021 1304 4090 sit
1351 4022 1619 4091 materia
1650 4017 2041 4113 paupertatis
2082 4017 2427 4107 proxima.

169 4127 326 4202 Hinc
359 4133 520 4203 solet
545 4141 823 4225 utraque
867 4137 1008 4208 haec
1056 4138 1325 4228 quaestio
1371 4137 1456 4206 ab
1508 4135 1883 4206 auctoribus
1929 4129 2269 4222 diligenter
2328 4155 2435 4202 ex-

169 4245 390 4328 pendi:
421 4247 599 4338 quod
619 4254 690 4318 et
709 4269 830 4320 nos
861 4249 988 4320 sub
1014 4251 1314 4342 praesenti
1359 4246 1761 4342 paragrapho
1808 4243 2243 4337 praeetandum
2282 4265 2432 4314 sus-

173 4361 454 4446 cipimus,
