2834 4959
369 355 496 412 552
941 357 1281 408 TMcTA‘ms
1323 359 1404 408 m:
1446 359 1598 408 lunt
1639 357 2055 407 mummia.

365 485 689 555 dictorum
713 485 1036 574 juvenum
1061 480 1324 550 libertas
1357 481 1439 552 ad
1480 479 1901 550 consiliorum
1944 478 2454 569 evangelicorum
2485 505 2671 573 pro-

365 601 708 670 fessionem
739 597 1120 680 nivei-tendi.

451 714 538 783 Et
559 715 661 784 hae
683 713 950 803 quidem
967 711 1246 782 rationes
1279 715 1506 800 magni
1546 710 1851 802 ponderis
1896 711 2067 780 mibi
2087 711 2412 782 videntur.

451 830 838 900 Pnorosrrio
867 828 1006 899 VI‘.
1031 867 1124 882 -
1155 827 1269 898 Pii
1289 831 1400 896 IX
1426 817 1823 897 auctoritate
1864 839 2201 898 statutum
2240 843 2365 916 ert,
2394 853 2471 900 ne
2494 836 2663 923 quis

361 957 584 1038 posset
603 944 677 1012 in
712 943 1036 1035 reliqiosis
1071 941 1419 1012 ordinibus
1450 955 1519 1010 et
1554 943 2181 1034 conqreqationibus
2218 945 2321 1018 ad
2342 947 2667 1018 habitum

363 1051 668 1136 admitti,
693 1053 940 1143 absque
981 1049 1540 1120 testimonialibus
1584 1049 1827 1118 litteris
1871 1063 2017 1118 tum
2048 1050 2409 1120 Ordinarii
2448 1055 2661 1146 oriqi-

363 1160 493 1240 nis,
525 1169 670 1228 tum
727 1157 1075 1228 ordinarii
1133 1157 1268 1226 loci
1309 1157 1381 1226 in
1407 1177 1537 1247 quo
1570 1155 1923 1248 postulans
1974 1155 2167 1226 ultra
2200 1180 2465 1228 annum
2510 1185 2665 1229 nio-

365 1287 558 1344 ratus
585 1275 818 1366 fuerit.
841 1311 934 1330 «-
951 1273 1196 1349 Latum
1234 1281 1330 1341 est
1353 1273 1479 1341 hoc
1506 1271 1839 1342 decretum
1870 1272 1978 1342 die
2002 1272 2091 1344 25
2107 1275 2401 1364 januarii
2435 1276 2655 1365 18483

362 1394 523 1462 etin
555 1398 810 1460 extenso
837 1389 1086 1458 editum
1119 1388 1398 1458 habetur
1428 1390 1497 1476 in
1526 1387 1963 1478 publicatione
2000 1389 2351 1478 periodica,
2378 1413 2529 1481 quae
2554 1393 2665 1460 in-

359 1507 694 1592 scribitur,
725 1503 1296 1597 Correspondance
1347 1502 1430 1572 de
1474 1505 1683 1572 Rome
1730 1503 2031 1594 (seconde
2078 1503 2340 1592 edition,
2364 1527 2527 1598 pag.
2570 1507 2660 1578 13

361 1631 424 1694 et
447 1623 634 1713 seq.).
663 1621 742 1690 ln
777 1643 854 1692 eo
901 1621 994 1690 sic
1019 1621 1392 1711 disponitur
1417 1643 1439 1688 z
1474 1644 1510 1684 α
1535 1618 1863 1688 Dominus
1882 1617 2115 1690 Noster
2138 1617 2281 1690 Pius
2306 1617 2477 1711 Papa
2514 1621 2655 1706 lx,

368 1767 404 1804 α
427 1737 644 1808 audito
672 1743 818 1808 voto
839 1744 1078 1808 sanctae
1097 1735 1406 1808 Romanae
1428 1731 1735 1804 Ecclesiae
1749 1734 2199 1804 Cardinalium
2212 1735 2405 1825 huius
2422 1735 2660 1806 Sacrae

369 1877 406 1921 α
437 1852 974 1945 Congregationis
1035 1873 1234 1944 super
1257 1856 1429 1920 statu
1480 1850 1908 1941 regularium,
1936 1833 2337 1940 attentisque
2354 1851 2661 1942 postula·—

369 1994 405 2036 α
431 1967 722 2039 tionibus
751 1965 1226 2040 nonnullorum
1279 1965 1773 2057 Episcoporum,
1818 1966 2121 2055 praesenii
2173 1965 2465 2050 decreto,
2502 1967 2663 2036 ubi—

368 2109 404 2150 «
439 2105 568 2173 que
618 2083 796 2152 locor
807 2105 924 2152 um
965 2082 1296 2174 perpetuis
1364 2080 1603 2150 futuris
1661 2080 2065 2170 temporibus
2120 2081 2457 2159 servando,
2504 2079 2655 2149 baec

368 2222 404 2262 tt
433 2216 582 2284 quoe
609 2202 976 2284 sequuntur
1012 2178 1395 2287 Apostolica
1436 2195 1809 2265 auctoritate
1834 2194 2057 2264 statuit
2093 2201 2279 2284 atque
2300 2191 2599 2262 decernit
2632 2219 2661 2261 2

379 2335 416 2376 ι
445 2309 496 2378 Ι.
551 2306 627 2377 ln
672 2329 1068 2399 quocunque
1107 2309 1362 2394 ordine,
1395 2309 1917 2400 congregatione,
1950 2311 2275 2396 societate,
2330 2309 2657 2393 instituto,

377 2453 413 2492 α
443 2424 856 2502 monasterio,
897 2422 1117 2504 domo,
1144 2425 1278 2490 sive
1327 2425 1398 2492 in
1450 2424 1531 2494 iis
1574 2423 1951 2492 emittantur
1976 2431 2123 2492 vota
2156 2423 2493 2510 solemnia,
2516 2425 2663 2494 sive

375 2563 410 2604 α
445 2536 888 2629 simplicia...,
917 2555 1112 2606 nemo
1140 2538 1220 2606 ad
1251 2537 1547 2608 habitum
1590 2538 1966 2608 admittatur
1990 2538 2233 2629 absque
2258 2541 2669 2608 testimonia-

373 2677 410 2721 «
433 2651 610 2722 libus
647 2651 898 2736 litteris,
967 2655 1108 2720 tum
1157 2650 1836 2744 ordinarii—originis,
1882 2660 2025 2724 tum
2080 2655 2281 2724 etiam
2330 2653 2661 2726 ordinarii

375 2795 412 2835 a
448 2769 602 2854 loci,
661 2768 730 2837 in
796 2787 926 2857 quo
986 2767 1342 2858 postulans,
1400 2773 1547 2860 post
1586 2769 1913 2860 expletum
1958 2770 2299 2840 decimum
2350 2772 2664 2861 quintum

379 2911 415 2952 «
443 2907 697 2954 annum
719 2884 923 2953 fetatis
949 2903 1085 2952 suae
1111 2885 1282 2954 ultra
1309 2905 1567 2954 annum
1606 2893 1896 2956 moratus
1944 2879 2165 2956 fuerit.
2216 2885 2299 2954 ΙΙ.
2330 2883 2663 2956 ordinarii

383 3027 420 3070 α
449 3004 518 3071 in
547 3000 825 3092 praetatis
847 2998 1076 3070 litteris
1101 3001 1667 3082 testimonialibus,
1704 3006 2043 3093 postquam
2064 2999 2417 3092 diligenter
2428 3003 2665 3092 exqui-

385 3142 421 3184 α
451 3117 743 3200 siverint,
770 3117 967 3184 etiam
997 3136 1113 3206 per
1137 3121 1412 3184 secretas
1440 3115 1955 3202 informationes,
1984 3113 2067 3184 de
2092 3115 2478 3207 postulantis
2498 3137 2667 3206 qua·

380 3258 420 3296 (ι
449 3231 760 3313 litatibus,
791 3230 1028 3300 referre
1073 3227 1346 3298 debeant
1393 3229 1473 3301 de
1521 3233 1661 3321 ejus
1706 3231 2056 3321 natalibus,
2094 3237 2299 3314 aetate,
2326 3231 2661 3314 moribus,

383 3370 421 3413 ι
447 3344 601 3427 vita,
631 3344 831 3430 fama,
857 3344 1253 3432 conditione,
1275 3345 1683 3428 educatione,
1712 3347 2019 3430 scientia3
2044 3368 2134 3416 an
2150 3349 2240 3416 sit
2274 3346 2663 3439 inquisitae,

389 3483 425 3526 α
451 3457 667 3548 aliqua
701 3479 999 3542 censura,
1031 3457 1525 3550 irregularitate,
1558 3468 1671 3532 aut
1700 3461 1827 3532 alio
1850 3462 2163 3532 canonico
2190 3463 2669 3554 impedimento

388 3599 422 3642 (ι
453 3575 762 3660 irretitus,
795 3595 920 3642 aere
945 3571 1158 3642 alieno
1183 3583 1511 3664 gravatus,
1561 3575 1907 3646 reddenda}
1940 3576 2219 3668 alicujus
2244 3576 2673 3650 administra-

389 3713 424 3756 α
455 3689 650 3760 tionis
691 3689 926 3758 rationi
985 3688 1320 3758 obnoxius.
1377 3689 1464 3760 Et
1508 3690 1717 3761 sciant
1784 3688 2135 3775 Ordinarii,
2190 3709 2429 3760 eorum
2494 3707 2669 3757 con-

391 3827 425 3870 «
455 3804 792 3872 scientiam
851 3821 1047 3892 super
1096 3801 1356 3874 veritate
1411 3804 1845 3896 expositorum
1912 3811 2243 3874 oneratam
2296 3823 2663 3882 remanere,

391 3944 430 3984 a
457 3939 578 3988 nec
605 3918 760 4008 ipsis
792 3936 1084 4007 unquam
1113 3915 1396 3988 liberum
1443 3940 1581 3989 esse
1629 3916 2005 4008 hujusmodi
2050 3916 2513 3988 testimoniales
2552 3915 2673 3982 lit-

391 4056 430 4098 a
458 4039 624 4102 teras
665 4031 1004 4121 denegare.
1041 4055 1078 4098 »
1106 4029 1326 4102 Postea
1367 4041 1591 4102 contra
1656 4033 2002 4122 regulares,
2034 4033 2149 4122 qui
2177 4032 2307 4104 hoc
2328 4034 2675 4102 dect-etum

385 4167 520 4220 non
579 4155 932 4230 servarent,
983 4149 1283 4218 statuitur
1335 4169 1527 4240 poena
1588 4150 1967 4240 privationis
2018 4147 2411 4227 officiorum,
2450 4149 2678 4218 vocis-

383 4286 512 4354 que
543 4265 793 4344 activae,
819 4284 1080 4336 necnon
1122 4263 1470 4336 habilitatis
1519 4264 1600 4335 ad
1644 4265 1771 4334 alia
1792 4265 2003 4336 officia
2036 4267 2107 4334 in
2129 4273 2461 4357 posterum
2502 4263 2682 4334 obti-
2825 4277 2826 4360 ᾗ

385 4378 620 4446 nenda.
2825 4399 2826 4418 ¹
