2834 4959
419 279 544 340 386
985 287 1324 335 raacrarus
1367 287 1450 334 nn
1498 287 1647 335 suna
1694 289 2111 340 assummum.

415 417 710 492 vincialis
765 417 1124 488 auctoritati
1175 439 1251 487 ac
1291 417 1597 507 regimini
1644 419 1981 510 subjecta3
2025 419 2181 511 quia
2225 445 2347 492 nec
2389 425 2503 514 jus
2544 427 2705 500 illud

413 533 724 604 canonice
759 529 1174 621 acquisitum,
1217 529 1502 598 habendi
1542 551 1777 620 nempe
1805 531 1875 598 in
1922 528 2033 599 tali
2082 533 2335 603 civitate
2384 537 2703 628 ejusmodi

412 647 801 718 nmnialium
858 646 980 716 sibi
1039 643 1480 735 subjectarum
1518 645 2013 731 monasterinm,
2056 644 2359 718 Patribus
2392 649 2699 724 Carmeli-

411 764 580 832 tanis
605 761 864 854 periisse
886 761 1284 829 censendum
1309 767 1425 828 est.
1460 759 1527 830 3⁰
1554 758 1739 841 Quod
1764 759 2048 830 diximus
2062 761 2149 830 de
2175 763 2405 834 ordine
2430 764 2692 838 Patrum

411 879 943 962 carmelitarum,
972 874 1430 968 applicandum
1458 875 1636 944 venit
1665 876 1913 945 caeteris
1940 877 2285 948 ordinibus
2322 887 2387 948 et
2424 904 2689 973 congre-

409 995 784 1089 gationibus
811 993 1151 1084 religiosis.
1200 991 1309 1061 Eae
1337 991 1584 1061 scilicet
1636 991 2190 1082 congregationes,
2224 1017 2372 1086 quae
2398 1019 2519 1066 nec
2548 1021 2687 1090 sup-

409 1131 644 1206 pressas
669 1131 786 1180 nec
803 1111 1095 1179 extinctoe
1119 1113 1297 1196 sunt,
1314 1111 1376 1175 et
1393 1107 1768 1176 habuerunt
1796 1107 1866 1176 in
1885 1108 2110 1199 aliqua
2137 1109 2389 1180 civitate
2416 1115 2681 1181 instituti

407 1228 514 1297 sui
541 1231 957 1313 conventum,
991 1223 1236 1293 ibidem
1285 1228 1556 1314 possunt
1614 1222 1809 1292 hodie
1865 1223 2111 1314 absque
2148 1245 2313 1295 nova
2362 1226 2683 1298 Ordinarii

407 1342 696 1428 licentia,
741 1341 908 1410 aedes
969 1337 1356 1407 monasticas
1405 1335 1533 1406 sibi
1581 1357 1987 1430 comparare,
2042 1342 2115 1409 in
2162 1343 2403 1432 quibus
2453 1345 2683 1416 iterum

407 1453 608 1527 'vitam
643 1453 1134 1526 conventualem
1186 1458 1404 1543 agant.
1458 1453 1525 1522 4⁰
1570 1452 1645 1522 ln
1690 1454 2115 1525 conventibus
2166 1457 2257 1525 sic
2286 1458 2683 1546 instauratis,

405 1571 740 1660 regulares
769 1570 966 1662 potiri
1007 1568 1311 1638 censendi
1337 1573 1531 1637 erunt
1562 1569 1874 1639 omnibus
1916 1569 2143 1662 priscis
2172 1572 2300 1640 suis
2319 1573 2577 1664 juribus
2601 1597 2682 1645 ac

407 1687 790 1781 privilegiis,
837 1685 1074 1776 quibus
1103 1689 1250 1754 ante
1295 1685 1743 1776 expulsionem
1784 1686 1945 1755 olim
1999 1685 2383 1779 gaudebant,
2422 1695 2684 1778 excepto

400 1807 548 1896 jure
591 1805 664 1872 in
717 1803 888 1872 bona
951 1802 1328 1893 temporalia
1371 1801 1659 1892 legitime
1713 1803 2008 1873 alienata.
2072 1803 2137 1874 5⁰
2180 1803 2445 1876 Salvum
2472 1809 2683 1873 tamen

407 1935 660 2011 semper
719 1917 1115 1988 censendum
1159 1923 1252 1987 est
1307 1917 1415 2010 jus
1480 1917 1840 2006 ordinarii,
1890 1924 1964 1987 ut
2018 1919 2243 1988 nullus
2292 1917 2678 2010 regularium

405 2035 650 2126 absque
687 2035 1034 2126 episcopali
1085 2032 1544 2124 approbatione
1600 2033 1807 2102 valeat
1862 2035 2239 2129 praedicare,
2279 2037 2391 2102 aut
2440 2035 2679 2103 confes-

409 2149 622 2218 siones
658 2149 882 2218 audire
929 2169 1505 2240 quorumcunque,
1535 2153 1767 2240 praeter
1794 2149 2259 2238 religiosorum
2286 2147 2389 2218 sui
2418 2147 2673 2217 ordinis.

409 2257 478 2328 6ο
507 2257 710 2330 Dictae
738 2257 1184 2328 conclusiones
1214 2257 1615 2350 applicandae
1653 2279 1787 2328 non
1820 2264 1974 2329 sunt
2004 2258 2287 2329 societati
2312 2257 2489 2328 Jesu.
2524 2257 2679 2328 Ordo

405 2375 587 2444 enim
643 2369 1060 2458 Jesuitarum,
1095 2396 1132 2442 a
1157 2371 1490 2442 Clemente
1540 2371 1699 2444 XIV
1749 2395 2133 2467 suppressus
2185 2379 2301 2442 est.
2350 2369 2678 2464 Perempta
2788 2417 2790 2420 <

407 2489 680 2582 proinde
725 2489 1016 2581 ipsorum
1036 2491 1208 2580 jura.
1247 2485 1432 2558 Unde
1470 2487 1663 2558 hodie
1707 2487 1952 2558 nullibi
1992 2488 2287 2559 inchoari
2338 2493 2541 2581 potest
2566 2489 2677 2556 hu-

401 2609 584 2698 jusce
605 2605 886 2676 instituti
912 2609 1293 2692 conventus,
1321 2605 1567 2696 absque
1594 2603 1925 2675 Ordinarii
1950 2603 2230 2694 licentia,
2261 2613 2325 2674 et
2348 2606 2587 2676 caeteris
2602 2605 2675 2674 ad
2782 2643 2784 2660 2

410 2721 562 2793 novi
586 2726 940 2792 conventus
964 2715 1355 2791 erectionem
1383 2721 1715 2810 requisitis
1748 2711 2250 2792 formalitatibus
2289 2721 2403 2814 (1).
2430 2720 2505 2790 6⁰
2528 2719 2677 2790 Tan-

408 2835 558 2907 dem
587 2836 762 2928 quod
789 2835 870 2905 de
896 2833 1120 2926 Belgio
1147 2835 1398 2904 dictum
1440 2841 1560 2923 est,
1586 2831 1813 2906 Galliae
1854 2836 2051 2907 etiam
2078 2843 2173 2908 est
2197 2837 2669 2928 applicandum,
2776 2855 2778 2858 ⁴

412 2956 485 3022 ut
509 2956 706 3044 patet.
1257 2945 1269 2961 '

498 3063 645 3136 Non
673 3065 1050 3158 ignoramus
1095 3066 1178 3136 de
1203 3065 1381 3135 hisce
1411 3065 1827 3155 regularibus
1854 3063 2155 3158 dispersis
2190 3072 2253 3136 et
2289 3066 2369 3136 ad
2410 3065 2677 3158 pristina

409 3203 525 3252 sua
553 3181 694 3262 loca
729 3181 1166 3252 remeantibus
1195 3181 1586 3251 contrariam
1611 3182 1976 3252 doctrinam
2008 3181 2293 3251 tenuisse
2319 3179 2669 3252 Marianum

413 3293 790 3367 Verhoeven
821 3297 924 3389 (de
945 3295 1388 3389 Reqularium
1417 3309 1483 3366 et
1521 3296 1947 3367 saecularium
1972 3297 2361 3367 clericorum
2384 3297 2668 3388 juribus,

405 3413 648 3507 pagina
692 3409 780 3482 86
815 3419 878 3483 et
937 3411 1127 3504 seq.).
1178 3411 1304 3481 Sed
1353 3419 1578 3483 auctor
1620 3413 1729 3483 ille
1753 3414 2120 3494 asserendo,
2148 3435 2281 3482 non
2322 3411 2665 3504 probanda,

407 3547 594 3601 suam
633 3531 758 3600 hac
803 3530 882 3599 de
907 3551 977 3599 re
1005 3531 1389 3599 sententiam
1435 3527 1736 3622 protulit;
1768 3535 1829 3598 et
1860 3529 2286 3602 deserendum
2310 3551 2464 3600 eum
2496 3545 2667 3618 supra

409 3645 699 3717 deductae
749 3645 1030 3714 rationes
1063 3643 1252 3714 facile
1279 3645 1574 3715 suadent.

471 3755 677 3828 Nota.
691 3751 846 3822 -ln
864 3751 1162 3844 praesenti
1177 3752 1581 3849 paragrapho
1594 3757 1903 3848 tanquam
1922 3759 2171 3826 eertum
2192 3753 2659 3847 supposuimus²

407 3869 546 3941 dari
575 3887 760 3962 posse
789 3866 984 3938 hodie
1009 3869 1082 3938 in
1119 3867 1342 3960 Belgio
1377 3875 1441 3939 et
1474 3869 1683 3942 Gallia
1702 3891 1891 3942 veros
1912 3891 1989 3942 ac
2024 3871 2281 3965 proprie
2306 3871 2513 3940 dictos
2540 3867 2664 3937 reli-

403 3987 641 4078 giosos,
659 3987 774 4077 qui
797 4005 1033 4077 nempe
1059 3988 1123 4054 et
1147 3989 1349 4056 status
1371 3985 1660 4078 religiosi
1688 3990 2067 4074 essentiam,
2078 3993 2143 4057 et
2166 3994 2466 4058 votorum
2491 3985 2661 4056 etiam

399 4097 870 4168 solemnitatem
895 4097 1196 4168 habeant.
1230 4095 1297 4167 ld
1329 4107 1547 4168 autem
1574 4097 1882 4190 probatur
1912 4101 2209 4194 sequenti
2234 4099 2537 4172 sectione.

457 4287 524 4348 (1)
550 4284 792 4352 Intemge,
838 4287 902 4338 de
937 4285 1059 4350 iure
1097 4287 1366 4351 communi,
1415 4289 1467 4340 et
1506 4287 1843 4342 abstrahendo
1872 4289 1939 4342 ab
1976 4288 2235 4342 hodiernis
2256 4288 2395 4342 ultus
2424 4284 2659 4340 societatis

397 4371 695 4438 privilegus.
