2834 4959
1108 320 1260 370 mus
1305 321 1548 372 mna.
2349 321 2463 380 39¹
2528 367 2534 374 .

163 447 594 520 familiarum
653 442 726 510 in
791 440 1072 532 praetatis
1115 441 1493 532 regionibus
1540 441 1930 514 conditione.
1968 443 2179 526 Quam
2228 451 2481 536 gravis..

162 567 418 636 simam
486 555 1026 650 disceptationem
1082 557 1378 648 sequenti
1433 559 1721 650 capitum
1773 561 1937 629 serie
1987 562 2407 656 expediemus
2454 595 2474 637 ι

169 685 230 751 10
281 683 398 753 lex
435 672 766 749 saecularis
793 672 1128 764 religiosos
1175 677 1250 742 ut
1294 673 1453 744 tales
1498 695 1630 745 non
1676 695 2033 766 agnoscens
2058 699 2477 771 nequaquam

163 796 462 890 impedit
503 792 670 884 quin
703 789 838 860 sint
859 787 997 858 veri
1025 788 1314 878 religiosi
1361 816 1378 860 ε
1424 791 1491 858 20
1520 790 1679 860 item
1709 811 1843 862 non
1872 793 2167 884 impedit,
2214 799 2487 886 quomi-

165 935 310 984 nus
363 913 442 982 in
484 905 824 978 communi
873 901 1202 996 possidere
1248 904 1505 974 valeant
1559 928 1577 974 ε
1636 905 1703 978 3⁰
1762 906 1919 978 item
1974 929 2109 978 non
2176 911 2471 1002 impedit,

169 1027 404 1120 quoad
451 1023 786 1113 religiosos
837 1021 960 1090 rite
1005 1019 1348 1111 professos,
1395 1022 1886 1112 incapacitatem
1934 1024 2215 1094 dominii
2262 1032 2327 1097 et
2367 1047 2483 1099 vo·-

169 1151 410 1214 torum
444 1137 922 1211 solemnitatem
953 1159 971 1206 ε
1005 1137 1075 1206 4⁰
1098 1135 1609 1227 independenter
1636 1158 1675 1206 a
1716 1139 1857 1228 lege
1896 1140 2217 1226 soeculari,
2250 1141 2482 1214 induci

173 1264 399 1352 potest
444 1259 579 1346 jus,
635 1275 764 1345 quo
822 1252 998 1322 bona
1051 1251 1368 1342 religiosis
1438 1254 1737 1344 professis
1802 1277 2201 1348 quocunque
2256 1258 2473 1348 titulo,

173 1375 394 1445 etiam
469 1372 554 1442 ab
609 1371 930 1453 intestato,
1007 1367 1446 1457 obvenientia,
1510 1370 1591 1440 ad
1659 1373 2193 1442 communitatem
2258 1374 2479 1444 (1εωί-

177 1495 434 1560 vantur
483 1511 503 1556 ε
563 1488 630 1556 5⁰
695 1461 1026 1554 simulatis
1077 1487 1348 1576 potestas
1391 1505 1607 1576 neque
1656 1487 2147 1579 incapacitatem
2201 1489 2479 1562 dominii

175 1608 252 1674 in
283 1603 638 1693 religiosis,
693 1621 906 1692 neque
948 1599 1272 1670 bonorum
1301 1600 1459 1692 ipsis
1480 1602 1969 1674 obvenientium
1997 1605 2477 1676 devolutionem

177 1723 260 1792 ad
309 1720 612 1812 ipsorum
658 1719 1164 1788 communitates
1217 1715 1427 1787 valide
1481 1723 1685 1808 potest
1727 1717 2069 1790 decernere
2106 1721 2217 1792 :6⁰
2250 1743 2361 1807 an,
2390 1721 2479 1792 ob

175 1836 604 1906 difficultates
651 1855 726 1904 ex
765 1833 912 1924 lege
957 1832 1248 1902 saeculari
1299 1831 1527 1902 Galliae
1567 1835 2036 1924 provenientes,
2074 1842 2291 1904 votum
2316 1857 2481 1927 pan-

173 1951 460 2043 pertatis
505 1949 814 2034 solemne,
851 1969 966 2018 sen
1015 1969 1171 2017 cum
1215 1949 1637 2038 incapacitate
1683 1948 1961 2020 dominii
2017 1950 2475 2038 conjunctum,

174 2067 446 2138 desinat
499 2085 634 2134 esse
685 2065 762 2134 de
816 2086 888 2133 re
935 2063 1220 2150 meliori,
1281 2069 1344 2133 et
1391 2069 1861 2154 consequenter
1908 2065 1993 2132 sit
2048 2063 2415 2134 invalidum
2441 2067 2473 2130 ἲ

179 2185 245 2252 7⁰
301 2179 721 2252 concluditur
763 2185 1009 2250 exstare
1066 2178 1268 2248 hodie
1309 2179 1382 2248 in
1424 2177 1637 2248 Gallia
1684 2200 1869 2248 veros
1902 2178 2233 2266 religiosos
2276 2180 2479 2250 etiam

177 2317 340 2368 cnm
366 2298 538 2367 votis
565 2295 966 2365 solemnibus
1001 2319 1022 2365 t
1073 2296 1138 2364 80
1178 2296 1260 2364 de
1305 2295 1675 2366 conditione
1720 2296 1981 2386 speciali
2008 2296 2479 2368 hodiernorum

177 2412 668 2504 Trappensium
717 2409 946 2480 Galliae
979 2437 995 2479 ε
1029 2411 1100 2480 90
1129 2410 1488 2480 ostenditur
1516 2409 1961 2502 multipliciter
1986 2431 2231 2482 errasse
2258 2411 2338 2482 R.
2380 2410 2467 2482 D.

179 2527 506 2611 Carriere,
535 2529 610 2595 in
640 2525 1058 2617 expendenda
1082 2527 1466 2616 quaestione,
1516 2548 1599 2596 an
1648 2524 1956 2596 solemnia
1988 2529 2119 2598 sint
2164 2528 2359 2598 hodie
2404 2529 2474 2595 in

179 2643 408 2714 Gallia
431 2643 886 2734 religiosorum
913 2647 1083 2712 vota.

1143 2917 1419 2993 CAPUT
1468 2918 1525 2987 I.

181 3115 308 3160 mx
351 3114 730 3175 sAEctJLAn18‚
777 3111 1126 3161 RELIGIOSOS
1169 3111 1248 3156 m·
1287 3109 1479 3156 TALES
1521 3106 1641 3154 NON
1676 3105 2049 3168 AGNOSCENS,
2096 3105 2471 3160 NEQUAQUAM

664 3212 918 3272 menon*
965 3207 1274 3264 QUOMINUS
1324 3207 1463 3254 SINT
1506 3205 1651 3252 VERI
1694 3203 2013 3251 RELIGIOSI.

283 3441 478 3527 Nam,
531 3463 608 3512 ex
651 3443 1106 3514 demonstratis
1161 3441 1232 3510 in
1291 3436 1735 3530 superioribus
1796 3433 2213 3519 sectionibus,
2258 3435 2339 3505 ad
2384 3457 2483 3506 es·

178 3558 474 3630 sentiam
517 3557 807 3649 religiosi
837 3564 1038 3628 status
1081 3555 1350 3643 sufficit,
1398 3561 1475 3622 ut
1510 3553 1658 3642 quis
1702 3572 1839 3621 sese
1878 3548 2037 3640 liget
2073 3552 2277 3618 tribus
2313 3547 2479 3620 votis

175 3674 602 3765 simplicibus
641 3675 1064 3766 paupertatis,
1097 3671 1425 3755 castitatis,
1456 3675 1517 3737 et
1560 3667 1963 3750 obedientiis,
2010 3664 2082 3731 in
2118 3662 2333 3752 aliqua
2374 3684 2483 3732 re-

173 3789 440 3877 ligione
481 3789 566 3860 ab
611 3788 894 3860 Ecclesia
940 3787 1317 3881 approbata,
1353 3805 1507 3854 cum
1557 3783 1901 3854 traditione
1952 3781 2053 3852 sui
2100 3778 2233 3848 Deo
2284 3779 2475 3863 facta,

173 3910 250 3973 et
297 3903 383 3971 ab
412 3903 653 3996 aliquo,
695 3907 966 3976 nomine
995 3903 1142 3986 Dei,
1169 3907 1517 3994 acceptata.
1568 3899 1767 3970 Porro
1816 3900 1915 3968 lex
1958 3895 2281 3968 saecularis
2309 3891 2481 3964 nihil

170 4021 440 4091 horum
487 4021 804 4113 impedire
847 4029 1078 4113 potest,
1125 4017 1548 4110 quantumvis
1590 4020 1821 4086 renuat
1864 4013 2195 4102 religiosos
2224 4015 2299 4080 ut
2325 4007 2483 4080 tales

177 4157 568 4229 agnoscere.
600 4135 860 4209 Etenim

281 4255 351 4323 1⁰
401 4251 728 4346 impedire
777 4254 1005 4344 nequit
1048 4251 1210 4342 quin
1264 4271 1401 4320 sese
1446 4247 1689 4338 obliget
1730 4244 2030 4315 castitatis
2070 4249 2239 4314 voto.
2310 4239 2479 4310 Nam

171 4369 412 4441 statim
455 4373 530 4440 ut
555 4368 703 4459 quis
741 4367 876 4439 Deo
905 4367 1256 4438 castitatem
1289 4363 1611 4456 promisit,
1652 4361 1733 4432 ad
1773 4359 1904 4429 voti
1945 4359 2143 4450 huJus
2178 4357 2481 4428 observa-
