<?xml version="1.0" encoding="UTF-8"?>
<!DOCTYPE html PUBLIC "-//W3C//DTD XHTML 1.0 Transitional//EN"
    "http://www.w3.org/TR/xhtml1/DTD/xhtml1-transitional.dtd">
<html xmlns="http://www.w3.org/1999/xhtml" xml:lang="en" lang="en">
 <head>
  <title>
</title>
<meta http-equiv="Content-Type" content="text/html;charset=utf-8" />
  <meta name='ocr-system' content='tesseract 3.04.00' />
  <meta name='ocr-capabilities' content='ocr_page ocr_carea ocr_par ocr_line ocrx_word'/>
</head>
<body>
  <div class='ocr_page' id='page_1' title='image "./tractatusdejure01unkngoog_0307.png"; bbox 0 0 2834 4959; ppageno 0'>
   <div class='ocr_carea' id='block_1_1' title="bbox 1056 358 2478 438">
    <p class='ocr_par' dir='ltr' id='par_1_1' title="bbox 1056 358 2478 438">
     <span class='ocr_line' id='line_1_1' title="bbox 1056 358 2478 438; baseline 0.012 -33"><span class='ocrx_word' id='word_1_1' title='bbox 1056 358 1206 406; x_wconf 61' lang='lat' dir='ltr'><strong>rans</strong></span> <span class='ocrx_word' id='word_1_2' title='bbox 1252 359 1546 409; x_wconf 59' lang='lat' dir='ltr'><strong>sacuam.</strong></span> <span class='ocrx_word' id='word_1_3' title='bbox 2307 376 2429 438; x_wconf 79' lang='lat'><strong>289</strong></span> <span class='ocrx_word' id='word_1_4' title='bbox 2465 407 2478 422; x_wconf 86' lang='lat'><strong>.</strong></span> 
     </span>
    </p>
   </div>
   <div class='ocr_carea' id='block_1_2' title="bbox 128 479 2512 4385">
    <p class='ocr_par' dir='ltr' id='par_1_2' title="bbox 143 479 2428 810">
     <span class='ocr_line' id='line_1_2' title="bbox 150 479 2427 606; baseline 0.017 -59"><span class='ocrx_word' id='word_1_5' title='bbox 150 479 293 548; x_wconf 88' lang='lat' dir='ltr'><strong>Non</strong></span> <span class='ocrx_word' id='word_1_6' title='bbox 315 480 511 550; x_wconf 89' lang='lat' dir='ltr'><strong>aliter</strong></span> <span class='ocrx_word' id='word_1_7' title='bbox 534 483 857 554; x_wconf 89' lang='lat' dir='ltr'><strong>intellecta</strong></span> <span class='ocrx_word' id='word_1_8' title='bbox 878 494 941 556; x_wconf 89' lang='lat' dir='ltr'><strong>et</strong></span> <span class='ocrx_word' id='word_1_9' title='bbox 968 495 1343 560; x_wconf 87' lang='lat' dir='ltr'><strong>enumerata</strong></span> <span class='ocrx_word' id='word_1_10' title='bbox 1363 491 1516 582; x_wconf 85' lang='lat' dir='ltr'><strong>jura</strong></span> <span class='ocrx_word' id='word_1_11' title='bbox 1544 497 1932 584; x_wconf 81' lang='lat' dir='ltr'><strong>parochialia</strong></span> <span class='ocrx_word' id='word_1_12' title='bbox 1955 508 2232 597; x_wconf 84' lang='lat' dir='ltr'><strong>reperies</strong></span> <span class='ocrx_word' id='word_1_13' title='bbox 2256 518 2427 606; x_wconf 89' lang='lat' dir='ltr'><strong>apud</strong></span> 
     </span>
     <span class='ocr_line' id='line_1_3' title="bbox 147 590 2428 703; baseline 0.016 -43"><span class='ocrx_word' id='word_1_14' title='bbox 147 590 519 680; x_wconf 74' lang='lat' dir='ltr'><strong>Girafflum,</strong></span> <span class='ocrx_word' id='word_1_15' title='bbox 578 597 755 687; x_wconf 90' lang='lat' dir='ltr'><strong>apud</strong></span> <span class='ocrx_word' id='word_1_16' title='bbox 805 597 1068 685; x_wconf 86' lang='lat' dir='ltr'><strong>Rotam,</strong></span> <span class='ocrx_word' id='word_1_17' title='bbox 1098 607 1163 668; x_wconf 90' lang='lat' dir='ltr'><strong>et</strong></span> <span class='ocrx_word' id='word_1_18' title='bbox 1206 601 1490 672; x_wconf 89' lang='lat' dir='ltr'><strong>Lucium</strong></span> <span class='ocrx_word' id='word_1_19' title='bbox 1537 605 1822 681; x_wconf 78' lang='lat' dir='ltr'><strong>Ferraria</strong></span> <span class='ocrx_word' id='word_1_20' title='bbox 1871 615 2040 703; x_wconf 80' lang='lat' dir='ltr'><strong>(vide</strong></span> <span class='ocrx_word' id='word_1_21' title='bbox 2084 619 2204 690; x_wconf 91' lang='lat' dir='ltr'><strong>hac</strong></span> <span class='ocrx_word' id='word_1_22' title='bbox 2239 624 2318 692; x_wconf 92' lang='lat' dir='ltr'><strong>de</strong></span> <span class='ocrx_word' id='word_1_23' title='bbox 2359 649 2428 698; x_wconf 89' lang='lat' dir='ltr'><strong>re</strong></span> 
     </span>
     <span class='ocr_line' id='line_1_4' title="bbox 143 708 1373 810; baseline 0.008 -33"><span class='ocrx_word' id='word_1_24' title='bbox 143 708 311 778; x_wconf 84' lang='lat' dir='ltr'><strong>dicta</strong></span> <span class='ocrx_word' id='word_1_25' title='bbox 338 708 415 778; x_wconf 89' lang='lat' dir='ltr'><strong>in</strong></span> <span class='ocrx_word' id='word_1_26' title='bbox 444 731 594 779; x_wconf 89' lang='lat' dir='ltr'><strong>meo</strong></span> <span class='ocrx_word' id='word_1_27' title='bbox 618 716 892 782; x_wconf 86' lang='lat' dir='ltr'><strong>tractatu</strong></span> <span class='ocrx_word' id='word_1_28' title='bbox 914 711 995 782; x_wconf 83' lang='lat' dir='ltr'><strong>de</strong></span> <span class='ocrx_word' id='word_1_29' title='bbox 1019 717 1373 810; x_wconf 77' lang='lat' dir='ltr'><strong>Paroclzo).</strong></span> 
     </span>
    </p>

    <p class='ocr_par' dir='ltr' id='par_1_3' title="bbox 136 824 2512 3682">
     <span class='ocr_line' id='line_1_5' title="bbox 226 824 2428 945; baseline 0.011 -51"><span class='ocrx_word' id='word_1_30' title='bbox 226 824 407 894; x_wconf 89' lang='lat' dir='ltr'><strong>Hinc</strong></span> <span class='ocrx_word' id='word_1_31' title='bbox 461 825 879 896; x_wconf 84' lang='lat' dir='ltr'><strong>inferendum</strong></span> <span class='ocrx_word' id='word_1_32' title='bbox 924 831 1127 916; x_wconf 82' lang='lat' dir='ltr'><strong>venit,</strong></span> <span class='ocrx_word' id='word_1_33' title='bbox 1172 832 1314 901; x_wconf 89' lang='lat' dir='ltr'><strong>dari</strong></span> <span class='ocrx_word' id='word_1_34' title='bbox 1360 836 1706 925; x_wconf 86' lang='lat' dir='ltr'><strong>nonnulla,</strong></span> <span class='ocrx_word' id='word_1_35' title='bbox 1757 863 1928 933; x_wconf 81' lang='lat' dir='ltr'><strong>quae,</strong></span> <span class='ocrx_word' id='word_1_36' title='bbox 1971 847 2121 919; x_wconf 89' lang='lat' dir='ltr'><strong>licet</strong></span> <span class='ocrx_word' id='word_1_37' title='bbox 2150 857 2428 945; x_wconf 74' lang='lat' dir='ltr'><strong>parocho</strong></span> 
     </span>
     <span class='ocr_line' id='line_1_6' title="bbox 140 938 2426 1062; baseline 0.015 -55"><span class='ocrx_word' id='word_1_38' title='bbox 140 938 249 1008; x_wconf 77' lang='lat' dir='ltr'><strong>vel</strong></span> <span class='ocrx_word' id='word_1_39' title='bbox 276 940 635 1031; x_wconf 80' lang='lat' dir='ltr'>parochiali</span> <span class='ocrx_word' id='word_1_40' title='bbox 691 943 973 1014; x_wconf 73' lang='lat' dir='ltr'><strong>ecclesiae</strong></span> <span class='ocrx_word' id='word_1_41' title='bbox 1018 945 1331 1035; x_wconf 87' lang='lat' dir='ltr'><strong>proficua,</strong></span> <span class='ocrx_word' id='word_1_42' title='bbox 1378 971 1512 1019; x_wconf 85' lang='lat' dir='ltr'><strong>non</strong></span> <span class='ocrx_word' id='word_1_43' title='bbox 1553 957 1766 1024; x_wconf 86' lang='lat' dir='ltr'><strong>tamen</strong></span> <span class='ocrx_word' id='word_1_44' title='bbox 1801 963 2278 1048; x_wconf 81' lang='lat' dir='ltr'>parochialibus</span> <span class='ocrx_word' id='word_1_45' title='bbox 2318 973 2426 1062; x_wconf 84' lang='lat' dir='ltr'><strong>ju-</strong></span> 
     </span>
     <span class='ocr_line' id='line_1_7' title="bbox 143 1051 2422 1160; baseline 0.016 -40"><span class='ocrx_word' id='word_1_46' title='bbox 143 1053 337 1122; x_wconf 85' lang='lat' dir='ltr'>ribus</span> <span class='ocrx_word' id='word_1_47' title='bbox 372 1056 763 1125; x_wconf 82' lang='lat' dir='ltr'><strong>accensenda</strong></span> <span class='ocrx_word' id='word_1_48' title='bbox 789 1051 965 1126; x_wconf 62' lang='lat' dir='ltr'><strong>suntss</strong></span> <span class='ocrx_word' id='word_1_49' title='bbox 998 1057 1183 1130; x_wconf 86' lang='lat' dir='ltr'><strong>Tales</strong></span> <span class='ocrx_word' id='word_1_50' title='bbox 1224 1069 1402 1144; x_wconf 85' lang='lat' dir='ltr'><strong>sunt,</strong></span> <span class='ocrx_word' id='word_1_51' title='bbox 1426 1057 1615 1135; x_wconf 78' lang='lat' dir='ltr'><strong>&#39;verbi</strong></span> <span class='ocrx_word' id='word_1_52' title='bbox 1646 1073 1878 1160; x_wconf 87' lang='lat' dir='ltr'><strong>gratia,</strong></span> <span class='ocrx_word' id='word_1_53' title='bbox 1917 1075 2207 1150; x_wconf 88' lang='lat' dir='ltr'><strong>fidelium</strong></span> <span class='ocrx_word' id='word_1_54' title='bbox 2237 1075 2422 1158; x_wconf 82' lang='lat' dir='ltr'><strong>obla-</strong></span> 
     </span>
     <span class='ocr_line' id='line_1_8' title="bbox 143 1169 2512 1291; baseline 0.014 -56"><span class='ocrx_word' id='word_1_55' title='bbox 143 1169 362 1238; x_wconf 79' lang='lat' dir='ltr'><strong>tiones</strong></span> <span class='ocrx_word' id='word_1_56' title='bbox 386 1176 769 1262; x_wconf 68' lang='lat' dir='ltr'><strong>spontaneae,</strong></span> <span class='ocrx_word' id='word_1_57' title='bbox 792 1173 857 1241; x_wconf 91' lang='lat' dir='ltr'><strong>id</strong></span> <span class='ocrx_word' id='word_1_58' title='bbox 887 1181 1004 1259; x_wconf 87' lang='lat' dir='ltr'><strong>est,</strong></span> <span class='ocrx_word' id='word_1_59' title='bbox 1040 1198 1185 1266; x_wconf 84' lang='lat' dir='ltr'><strong>quae</strong></span> <span class='ocrx_word' id='word_1_60' title='bbox 1212 1179 1493 1268; x_wconf 84' lang='lat' dir='ltr'><strong>parocho</strong></span> <span class='ocrx_word' id='word_1_61' title='bbox 1521 1184 1893 1274; x_wconf 77' lang='lat' dir='ltr'><strong>exjustitia</strong></span> <span class='ocrx_word' id='word_1_62' title='bbox 1921 1212 2050 1261; x_wconf 88' lang='lat' dir='ltr'><strong>non</strong></span> <span class='ocrx_word' id='word_1_63' title='bbox 2077 1195 2417 1291; x_wconf 78' lang='lat' dir='ltr'><strong>debentur,</strong></span> <span class='ocrx_word' id='word_1_64' title='bbox 2505 1247 2512 1268; x_wconf 89' lang='lat'><strong>.</strong></span> 
     </span>
     <span class='ocr_line' id='line_1_9' title="bbox 146 1283 2422 1390; baseline 0.017 -39"><span class='ocrx_word' id='word_1_65' title='bbox 146 1283 262 1352; x_wconf 86' lang='lat' dir='ltr'><strong>sed</strong></span> <span class='ocrx_word' id='word_1_66' title='bbox 316 1306 391 1354; x_wconf 83' lang='lat' dir='ltr'><strong>ex</strong></span> <span class='ocrx_word' id='word_1_67' title='bbox 464 1305 637 1356; x_wconf 88' lang='lat' dir='ltr'><strong>mera</strong></span> <span class='ocrx_word' id='word_1_68' title='bbox 689 1288 1069 1360; x_wconf 75' lang='lat' dir='ltr'><strong>liberalitate</strong></span> <span class='ocrx_word' id='word_1_69' title='bbox 1134 1293 1258 1383; x_wconf 83' lang='lat' dir='ltr'><strong>ipsi</strong></span> <span class='ocrx_word' id='word_1_70' title='bbox 1301 1304 1674 1385; x_wconf 83' lang='lat' dir='ltr'><strong>erogantur.</strong></span> <span class='ocrx_word' id='word_1_71' title='bbox 1735 1299 1986 1374; x_wconf 88' lang='lat' dir='ltr'><strong>Harum</strong></span> <span class='ocrx_word' id='word_1_72' title='bbox 2041 1309 2422 1390; x_wconf 87' lang='lat' dir='ltr'><strong>imminutio</strong></span> 
     </span>
     <span class='ocr_line' id='line_1_10' title="bbox 150 1402 2418 1505; baseline 0.018 -41"><span class='ocrx_word' id='word_1_73' title='bbox 150 1419 383 1467; x_wconf 82' lang='lat' dir='ltr'><strong>verum</strong></span> <span class='ocrx_word' id='word_1_74' title='bbox 458 1402 733 1492; x_wconf 85' lang='lat' dir='ltr'><strong>parocho</strong></span> <span class='ocrx_word' id='word_1_75' title='bbox 786 1407 1241 1496; x_wconf 81' lang='lat' dir='ltr'><strong>proejudicium</strong></span> <span class='ocrx_word' id='word_1_76' title='bbox 1294 1409 1532 1481; x_wconf 85' lang='lat' dir='ltr'><strong>infert:</strong></span> <span class='ocrx_word' id='word_1_77' title='bbox 1587 1415 1952 1489; x_wconf 84' lang='lat' dir='ltr'><strong>nullatenus</strong></span> <span class='ocrx_word' id='word_1_78' title='bbox 2015 1429 2228 1498; x_wconf 89' lang='lat' dir='ltr'><strong>tamen</strong></span> <span class='ocrx_word' id='word_1_79' title='bbox 2296 1433 2418 1505; x_wconf 88' lang='lat' dir='ltr'><strong>hac</strong></span> 
     </span>
     <span class='ocr_line' id='line_1_11' title="bbox 142 1513 2416 1641; baseline 0.017 -61"><span class='ocrx_word' id='word_1_80' title='bbox 142 1513 609 1586; x_wconf 85' lang='lat' dir='ltr'><strong>imminutione</strong></span> <span class='ocrx_word' id='word_1_81' title='bbox 642 1518 899 1590; x_wconf 82' lang='lat' dir='ltr'><strong>loeditur</strong></span> <span class='ocrx_word' id='word_1_82' title='bbox 920 1523 1029 1612; x_wconf 76' lang='lat' dir='ltr'><strong>ius</strong></span> <span class='ocrx_word' id='word_1_83' title='bbox 1065 1522 1265 1614; x_wconf 86' lang='lat' dir='ltr'><strong>ipsius</strong></span> <span class='ocrx_word' id='word_1_84' title='bbox 1290 1527 1686 1618; x_wconf 88' lang='lat' dir='ltr'><strong>parochiale,</strong></span> <span class='ocrx_word' id='word_1_85' title='bbox 1717 1554 1869 1602; x_wconf 88' lang='lat' dir='ltr'><strong>cum</strong></span> <span class='ocrx_word' id='word_1_86' title='bbox 1915 1535 2013 1628; x_wconf 88' lang='lat' dir='ltr'><strong>(ex</strong></span> <span class='ocrx_word' id='word_1_87' title='bbox 2053 1540 2416 1641; x_wconf 76' lang='lat' dir='ltr'><strong>hypothesi)</strong></span> 
     </span>
     <span class='ocr_line' id='line_1_12' title="bbox 140 1629 2416 1745; baseline 0.018 -49"><span class='ocrx_word' id='word_1_88' title='bbox 140 1629 241 1716; x_wconf 84' lang='lat' dir='ltr'><strong>jus</strong></span> <span class='ocrx_word' id='word_1_89' title='bbox 276 1631 347 1698; x_wconf 86' lang='lat' dir='ltr'><strong>in</strong></span> <span class='ocrx_word' id='word_1_90' title='bbox 378 1652 489 1700; x_wconf 78' lang='lat' dir='ltr'><strong>eas</strong></span> <span class='ocrx_word' id='word_1_91' title='bbox 537 1632 893 1705; x_wconf 86' lang='lat' dir='ltr'><strong>oblationes</strong></span> <span class='ocrx_word' id='word_1_92' title='bbox 934 1658 1065 1706; x_wconf 86' lang='lat' dir='ltr'><strong>non</strong></span> <span class='ocrx_word' id='word_1_93' title='bbox 1102 1639 1353 1708; x_wconf 90' lang='lat' dir='ltr'><strong>habeat.</strong></span> <span class='ocrx_word' id='word_1_94' title='bbox 1400 1640 1562 1712; x_wconf 87' lang='lat' dir='ltr'><strong>Item</strong></span> <span class='ocrx_word' id='word_1_95' title='bbox 1591 1667 1868 1737; x_wconf 88' lang='lat' dir='ltr'><strong>magnus</strong></span> <span class='ocrx_word' id='word_1_96' title='bbox 1893 1658 2114 1745; x_wconf 88' lang='lat' dir='ltr'><strong>populi</strong></span> <span class='ocrx_word' id='word_1_97' title='bbox 2141 1682 2416 1735; x_wconf 90' lang='lat' dir='ltr'><strong>concur·</strong></span> 
     </span>
     <span class='ocr_line' id='line_1_13' title="bbox 142 1745 2414 1854; baseline 0.017 -43"><span class='ocrx_word' id='word_1_98' title='bbox 142 1765 243 1812; x_wconf 85' lang='lat' dir='ltr'><strong>sus</strong></span> <span class='ocrx_word' id='word_1_99' title='bbox 266 1745 347 1813; x_wconf 87' lang='lat' dir='ltr'><strong>ad</strong></span> <span class='ocrx_word' id='word_1_100' title='bbox 402 1749 803 1818; x_wconf 88' lang='lat' dir='ltr'><strong>audiendum</strong></span> <span class='ocrx_word' id='word_1_101' title='bbox 844 1752 915 1820; x_wconf 92' lang='lat' dir='ltr'><strong>in</strong></span> <span class='ocrx_word' id='word_1_102' title='bbox 959 1754 1315 1842; x_wconf 88' lang='lat' dir='ltr'><strong>parochiali</strong></span> <span class='ocrx_word' id='word_1_103' title='bbox 1341 1757 1610 1828; x_wconf 86' lang='lat' dir='ltr'><strong>ecclesia</strong></span> <span class='ocrx_word' id='word_1_104' title='bbox 1635 1783 1917 1854; x_wconf 86' lang='lat' dir='ltr'><strong>sacrum,</strong></span> <span class='ocrx_word' id='word_1_105' title='bbox 1959 1771 2167 1842; x_wconf 90' lang='lat' dir='ltr'><strong>eidem</strong></span> <span class='ocrx_word' id='word_1_106' title='bbox 2209 1781 2414 1850; x_wconf 91' lang='lat' dir='ltr'><strong>eccle-</strong></span> 
     </span>
     <span class='ocr_line' id='line_1_14' title="bbox 145 1863 2416 1964; baseline 0.015 -34"><span class='ocrx_word' id='word_1_107' title='bbox 145 1863 247 1931; x_wconf 82' lang='lat' dir='ltr'><strong>siae</strong></span> <span class='ocrx_word' id='word_1_108' title='bbox 278 1885 419 1932; x_wconf 86' lang='lat' dir='ltr'><strong>non</strong></span> <span class='ocrx_word' id='word_1_109' title='bbox 474 1885 707 1956; x_wconf 89' lang='lat' dir='ltr'><strong>parum</strong></span> <span class='ocrx_word' id='word_1_110' title='bbox 749 1867 1077 1959; x_wconf 84' lang='lat' dir='ltr'><strong>proficuus</strong></span> <span class='ocrx_word' id='word_1_111' title='bbox 1126 1876 1240 1939; x_wconf 88' lang='lat' dir='ltr'><strong>est.</strong></span> <span class='ocrx_word' id='word_1_112' title='bbox 1284 1869 1488 1964; x_wconf 83' lang='lat' dir='ltr'><strong>Major</strong></span> <span class='ocrx_word' id='word_1_113' title='bbox 1535 1877 1861 1964; x_wconf 84' lang='lat' dir='ltr'><strong>siquidem</strong></span> <span class='ocrx_word' id='word_1_114' title='bbox 1907 1886 2064 1954; x_wconf 92' lang='lat' dir='ltr'><strong>tunc</strong></span> <span class='ocrx_word' id='word_1_115' title='bbox 2118 1911 2192 1958; x_wconf 87' lang='lat' dir='ltr'><strong>ex</strong></span> <span class='ocrx_word' id='word_1_116' title='bbox 2236 1894 2416 1962; x_wconf 86' lang='lat' dir='ltr'><strong>sedi—</strong></span> 
     </span>
     <span class='ocr_line' id='line_1_15' title="bbox 144 1976 2410 2093; baseline 0.016 -50"><span class='ocrx_word' id='word_1_117' title='bbox 144 1976 305 2046; x_wconf 87' lang='lat' dir='ltr'><strong>lium</strong></span> <span class='ocrx_word' id='word_1_118' title='bbox 330 1978 649 2049; x_wconf 86' lang='lat' dir='ltr'><strong>locatione</strong></span> <span class='ocrx_word' id='word_1_119' title='bbox 692 1983 1000 2054; x_wconf 87' lang='lat' dir='ltr'><strong>redditus.</strong></span> <span class='ocrx_word' id='word_1_120' title='bbox 1042 1984 1113 2054; x_wconf 93' lang='lat' dir='ltr'><strong>Si</strong></span> <span class='ocrx_word' id='word_1_121' title='bbox 1155 1992 1370 2055; x_wconf 85' lang='lat' dir='ltr'><strong>tamen</strong></span> <span class='ocrx_word' id='word_1_122' title='bbox 1419 1991 1700 2082; x_wconf 84' lang='lat' dir='ltr'><strong>populus</strong></span> <span class='ocrx_word' id='word_1_123' title='bbox 1728 2015 1966 2086; x_wconf 87' lang='lat' dir='ltr'><strong>magna</strong></span> <span class='ocrx_word' id='word_1_124' title='bbox 1993 2021 2069 2068; x_wconf 83' lang='lat' dir='ltr'><strong>ex</strong></span> <span class='ocrx_word' id='word_1_125' title='bbox 2113 2011 2296 2093; x_wconf 88' lang='lat' dir='ltr'><strong>parte</strong></span> <span class='ocrx_word' id='word_1_126' title='bbox 2329 2013 2410 2080; x_wconf 90' lang='lat' dir='ltr'><strong>ad</strong></span> 
     </span>
     <span class='ocr_line' id='line_1_16' title="bbox 144 2091 2410 2212; baseline 0.015 -54"><span class='ocrx_word' id='word_1_127' title='bbox 144 2091 285 2162; x_wconf 86' lang='lat' dir='ltr'><strong>alias</strong></span> <span class='ocrx_word' id='word_1_128' title='bbox 326 2095 631 2166; x_wconf 84' lang='lat' dir='ltr'><strong>ecclesias</strong></span> <span class='ocrx_word' id='word_1_129' title='bbox 674 2098 971 2188; x_wconf 81' lang='lat' dir='ltr'><strong>divertat,</strong></span> <span class='ocrx_word' id='word_1_130' title='bbox 1021 2100 1287 2171; x_wconf 90' lang='lat' dir='ltr'><strong>nullum</strong></span> <span class='ocrx_word' id='word_1_131' title='bbox 1344 2105 1708 2194; x_wconf 87' lang='lat' dir='ltr'><strong>parochiale</strong></span> <span class='ocrx_word' id='word_1_132' title='bbox 1748 2111 1856 2198; x_wconf 88' lang='lat' dir='ltr'><strong>jus</strong></span> <span class='ocrx_word' id='word_1_133' title='bbox 1896 2111 2200 2200; x_wconf 76' lang='lat' dir='ltr'><strong>laeditur3</strong></span> <span class='ocrx_word' id='word_1_134' title='bbox 2254 2123 2410 2212; x_wconf 90' lang='lat' dir='ltr'><strong>quia</strong></span> 
     </span>
     <span class='ocr_line' id='line_1_17' title="bbox 144 2206 2412 2313; baseline 0.015 -40"><span class='ocrx_word' id='word_1_135' title='bbox 144 2206 435 2279; x_wconf 84' lang='lat' dir='ltr'><strong>fidelibus</strong></span> <span class='ocrx_word' id='word_1_136' title='bbox 491 2211 772 2283; x_wconf 89' lang='lat' dir='ltr'><strong>liberum</strong></span> <span class='ocrx_word' id='word_1_137' title='bbox 824 2220 919 2284; x_wconf 89' lang='lat' dir='ltr'><strong>est</strong></span> <span class='ocrx_word' id='word_1_138' title='bbox 962 2215 1117 2286; x_wconf 88' lang='lat' dir='ltr'><strong>alibi</strong></span> <span class='ocrx_word' id='word_1_139' title='bbox 1162 2240 1363 2309; x_wconf 87' lang='lat' dir='ltr'><strong>quarn</strong></span> <span class='ocrx_word' id='word_1_140' title='bbox 1408 2220 1477 2288; x_wconf 90' lang='lat' dir='ltr'><strong>in</strong></span> <span class='ocrx_word' id='word_1_141' title='bbox 1527 2222 1880 2313; x_wconf 90' lang='lat' dir='ltr'><strong>parochiali</strong></span> <span class='ocrx_word' id='word_1_142' title='bbox 1925 2230 2194 2301; x_wconf 89' lang='lat' dir='ltr'><strong>ecclesia</strong></span> <span class='ocrx_word' id='word_1_143' title='bbox 2247 2240 2412 2308; x_wconf 87' lang='lat' dir='ltr'><strong>sacri</strong></span> 
     </span>
     <span class='ocr_line' id='line_1_18' title="bbox 144 2325 2408 2436; baseline 0.015 -46"><span class='ocrx_word' id='word_1_144' title='bbox 144 2325 441 2398; x_wconf 87' lang='lat' dir='ltr'><strong>audiendi</strong></span> <span class='ocrx_word' id='word_1_145' title='bbox 481 2339 800 2422; x_wconf 83' lang='lat' dir='ltr'><strong>praecepto</strong></span> <span class='ocrx_word' id='word_1_146' title='bbox 848 2333 1223 2403; x_wconf 83' lang='lat' dir='ltr'><strong>satisfacere.</strong></span> <span class='ocrx_word' id='word_1_147' title='bbox 1282 2333 1441 2404; x_wconf 89' lang='lat' dir='ltr'><strong>ltem</strong></span> <span class='ocrx_word' id='word_1_148' title='bbox 1483 2339 1764 2428; x_wconf 91' lang='lat' dir='ltr'><strong>parocho</strong></span> <span class='ocrx_word' id='word_1_149' title='bbox 1805 2347 1870 2410; x_wconf 86' lang='lat' dir='ltr'><strong>et</strong></span> <span class='ocrx_word' id='word_1_150' title='bbox 1895 2349 2254 2436; x_wconf 89' lang='lat' dir='ltr'><strong>parochiali</strong></span> <span class='ocrx_word' id='word_1_151' title='bbox 2293 2375 2408 2422; x_wconf 90' lang='lat' dir='ltr'><strong>ec—</strong></span> 
     </span>
     <span class='ocr_line' id='line_1_19' title="bbox 144 2441 2409 2562; baseline 0.014 -54"><span class='ocrx_word' id='word_1_152' title='bbox 144 2441 339 2513; x_wconf 80' lang='lat' dir='ltr'><strong>clesiae</strong></span> <span class='ocrx_word' id='word_1_153' title='bbox 391 2445 759 2536; x_wconf 85' lang='lat' dir='ltr'><strong>proficuum</strong></span> <span class='ocrx_word' id='word_1_154' title='bbox 804 2455 929 2530; x_wconf 80' lang='lat' dir='ltr'><strong>est,</strong></span> <span class='ocrx_word' id='word_1_155' title='bbox 953 2450 1127 2540; x_wconf 90' lang='lat' dir='ltr'><strong>quod</strong></span> <span class='ocrx_word' id='word_1_156' title='bbox 1171 2451 1389 2522; x_wconf 87' lang='lat' dir='ltr'><strong>fideles</strong></span> <span class='ocrx_word' id='word_1_157' title='bbox 1421 2475 1551 2523; x_wconf 90' lang='lat' dir='ltr'><strong>non</strong></span> <span class='ocrx_word' id='word_1_158' title='bbox 1599 2457 1670 2523; x_wconf 89' lang='lat' dir='ltr'><strong>in</strong></span> <span class='ocrx_word' id='word_1_159' title='bbox 1711 2456 1840 2528; x_wconf 91' lang='lat' dir='ltr'><strong>alia</strong></span> <span class='ocrx_word' id='word_1_160' title='bbox 1879 2482 2080 2550; x_wconf 89' lang='lat' dir='ltr'><strong>quam</strong></span> <span class='ocrx_word' id='word_1_161' title='bbox 2113 2465 2178 2535; x_wconf 90' lang='lat' dir='ltr'><strong>in</strong></span> <span class='ocrx_word' id='word_1_162' title='bbox 2222 2493 2409 2562; x_wconf 89' lang='lat' dir='ltr'><strong>paro-</strong></span> 
     </span>
     <span class='ocr_line' id='line_1_20' title="bbox 140 2557 2406 2668; baseline 0.013 -45"><span class='ocrx_word' id='word_1_163' title='bbox 140 2557 333 2626; x_wconf 85' lang='lat' dir='ltr'><strong>chiali</strong></span> <span class='ocrx_word' id='word_1_164' title='bbox 373 2561 636 2631; x_wconf 60' lang='lat' dir='ltr'><strong>ecclesia</strong></span> <span class='ocrx_word' id='word_1_165' title='bbox 665 2563 1064 2655; x_wconf 89' lang='lat' dir='ltr'><strong>sepulturam</strong></span> <span class='ocrx_word' id='word_1_166' title='bbox 1112 2567 1501 2656; x_wconf 90' lang='lat' dir='ltr'><strong>plerumque</strong></span> <span class='ocrx_word' id='word_1_167' title='bbox 1542 2571 1806 2659; x_wconf 83' lang='lat' dir='ltr'><strong>eligant.</strong></span> <span class='ocrx_word' id='word_1_168' title='bbox 1856 2576 1915 2643; x_wconf 88' lang='lat' dir='ltr'><strong>A</strong></span> <span class='ocrx_word' id='word_1_169' title='bbox 1963 2600 2092 2668; x_wconf 87' lang='lat' dir='ltr'><strong>quo</strong></span> <span class='ocrx_word' id='word_1_170' title='bbox 2137 2605 2320 2656; x_wconf 88' lang='lat' dir='ltr'><strong>more</strong></span> <span class='ocrx_word' id='word_1_171' title='bbox 2351 2590 2406 2658; x_wconf 85' lang='lat' dir='ltr'><strong>si</strong></span> 
     </span>
     <span class='ocr_line' id='line_1_21' title="bbox 144 2673 2402 2789; baseline 0.013 -48"><span class='ocrx_word' id='word_1_172' title='bbox 144 2673 437 2744; x_wconf 75' lang='lat' dir='ltr'><strong>recedant</strong></span> <span class='ocrx_word' id='word_1_173' title='bbox 478 2677 717 2758; x_wconf 82' lang='lat' dir='ltr'><strong>fideles,</strong></span> <span class='ocrx_word' id='word_1_174' title='bbox 768 2685 831 2748; x_wconf 89' lang='lat' dir='ltr'><strong>et</strong></span> <span class='ocrx_word' id='word_1_175' title='bbox 866 2680 935 2748; x_wconf 91' lang='lat' dir='ltr'><strong>in</strong></span> <span class='ocrx_word' id='word_1_176' title='bbox 974 2701 1139 2749; x_wconf 79' lang='lat' dir='ltr'><strong>nova</strong></span> <span class='ocrx_word' id='word_1_177' title='bbox 1177 2682 1395 2771; x_wconf 89' lang='lat' dir='ltr'><strong>aliqua</strong></span> <span class='ocrx_word' id='word_1_178' title='bbox 1420 2682 1682 2752; x_wconf 88' lang='lat' dir='ltr'><strong>ecclesia</strong></span> <span class='ocrx_word' id='word_1_179' title='bbox 1723 2687 1980 2776; x_wconf 87' lang='lat' dir='ltr'><strong>sepeliri</strong></span> <span class='ocrx_word' id='word_1_180' title='bbox 2031 2708 2402 2789; x_wconf 87' lang='lat' dir='ltr'><strong>procurent,</strong></span> 
     </span>
     <span class='ocr_line' id='line_1_22' title="bbox 144 2791 2404 2888; baseline 0.011 -30"><span class='ocrx_word' id='word_1_181' title='bbox 144 2809 373 2860; x_wconf 80' lang='lat' dir='ltr'><strong>verum</strong></span> <span class='ocrx_word' id='word_1_182' title='bbox 412 2791 558 2861; x_wconf 84' lang='lat' dir='ltr'><strong>inde</strong></span> <span class='ocrx_word' id='word_1_183' title='bbox 597 2802 860 2886; x_wconf 81' lang='lat' dir='ltr'><strong>exurget</strong></span> <span class='ocrx_word' id='word_1_184' title='bbox 902 2797 1168 2887; x_wconf 88' lang='lat' dir='ltr'><strong>parochi</strong></span> <span class='ocrx_word' id='word_1_185' title='bbox 1213 2801 1277 2867; x_wconf 87' lang='lat' dir='ltr'><strong>et</strong></span> <span class='ocrx_word' id='word_1_186' title='bbox 1304 2797 1694 2888; x_wconf 87' lang='lat' dir='ltr'><strong>parochialis</strong></span> <span class='ocrx_word' id='word_1_187' title='bbox 1731 2800 2016 2873; x_wconf 78' lang='lat' dir='ltr'><strong>ecclesioe</strong></span> <span class='ocrx_word' id='word_1_188' title='bbox 2043 2808 2404 2882; x_wconf 87' lang='lat' dir='ltr'><strong>detrimen-</strong></span> 
     </span>
     <span class='ocr_line' id='line_1_23' title="bbox 146 2909 2406 3015; baseline 0.011 -45"><span class='ocrx_word' id='word_1_189' title='bbox 146 2909 329 2974; x_wconf 85' lang='lat' dir='ltr'><strong>tum:</strong></span> <span class='ocrx_word' id='word_1_190' title='bbox 360 2915 425 2976; x_wconf 88' lang='lat' dir='ltr'><strong>at</strong></span> <span class='ocrx_word' id='word_1_191' title='bbox 464 2910 719 2979; x_wconf 89' lang='lat' dir='ltr'><strong>nullum</strong></span> <span class='ocrx_word' id='word_1_192' title='bbox 750 2909 1094 3015; x_wconf 65' lang='lat' dir='ltr'><strong>violabitur</strong></span> <span class='ocrx_word' id='word_1_193' title='bbox 1135 2911 1505 3005; x_wconf 84' lang='lat' dir='ltr'><strong>parochiale</strong></span> <span class='ocrx_word' id='word_1_194' title='bbox 1525 2911 1682 3003; x_wconf 84' lang='lat' dir='ltr'><strong>jus3</strong></span> <span class='ocrx_word' id='word_1_195' title='bbox 1715 2914 1872 3005; x_wconf 89' lang='lat' dir='ltr'><strong>quia</strong></span> <span class='ocrx_word' id='word_1_196' title='bbox 1899 2918 2009 3005; x_wconf 87' lang='lat' dir='ltr'><strong>jus</strong></span> <span class='ocrx_word' id='word_1_197' title='bbox 2054 2919 2288 2992; x_wconf 89' lang='lat' dir='ltr'><strong>habent</strong></span> <span class='ocrx_word' id='word_1_198' title='bbox 2327 2927 2406 2993; x_wconf 88' lang='lat' dir='ltr'><strong>fi·</strong></span> 
     </span>
     <span class='ocr_line' id='line_1_24' title="bbox 142 3020 2398 3128; baseline 0.011 -42"><span class='ocrx_word' id='word_1_199' title='bbox 142 3020 305 3090; x_wconf 88' lang='lat' dir='ltr'><strong>deles</strong></span> <span class='ocrx_word' id='word_1_200' title='bbox 330 3022 479 3092; x_wconf 89' lang='lat' dir='ltr'><strong>alibi</strong></span> <span class='ocrx_word' id='word_1_201' title='bbox 508 3024 707 3116; x_wconf 84' lang='lat' dir='ltr'><strong>quam</strong></span> <span class='ocrx_word' id='word_1_202' title='bbox 745 3027 817 3094; x_wconf 90' lang='lat' dir='ltr'><strong>in</strong></span> <span class='ocrx_word' id='word_1_203' title='bbox 864 3026 1219 3119; x_wconf 88' lang='lat' dir='ltr'><strong>parochiali</strong></span> <span class='ocrx_word' id='word_1_204' title='bbox 1248 3027 1516 3098; x_wconf 88' lang='lat' dir='ltr'><strong>ecclesia</strong></span> <span class='ocrx_word' id='word_1_205' title='bbox 1545 3030 1942 3121; x_wconf 85' lang='lat' dir='ltr'><strong>sepulturam</strong></span> <span class='ocrx_word' id='word_1_206' title='bbox 1987 3032 2108 3103; x_wconf 86' lang='lat' dir='ltr'><strong>sibi</strong></span> <span class='ocrx_word' id='word_1_207' title='bbox 2137 3039 2398 3128; x_wconf 85' lang='lat' dir='ltr'><strong>eligere.</strong></span> 
     </span>
     <span class='ocr_line' id='line_1_25' title="bbox 140 3133 2401 3242; baseline 0.009 -39"><span class='ocrx_word' id='word_1_208' title='bbox 140 3133 284 3207; x_wconf 89' lang='lat' dir='ltr'><strong>ltem</strong></span> <span class='ocrx_word' id='word_1_209' title='bbox 319 3141 389 3209; x_wconf 91' lang='lat' dir='ltr'><strong>in</strong></span> <span class='ocrx_word' id='word_1_210' title='bbox 434 3142 753 3211; x_wconf 86' lang='lat' dir='ltr'><strong>honorem</strong></span> <span class='ocrx_word' id='word_1_211' title='bbox 800 3143 1065 3235; x_wconf 86' lang='lat' dir='ltr'><strong>parochi</strong></span> <span class='ocrx_word' id='word_1_212' title='bbox 1100 3145 1292 3233; x_wconf 86' lang='lat' dir='ltr'><strong>cedit,</strong></span> <span class='ocrx_word' id='word_1_213' title='bbox 1328 3168 1403 3214; x_wconf 91' lang='lat' dir='ltr'><strong>ac</strong></span> <span class='ocrx_word' id='word_1_214' title='bbox 1446 3147 1712 3235; x_wconf 89' lang='lat' dir='ltr'><strong>proinde</strong></span> <span class='ocrx_word' id='word_1_215' title='bbox 1763 3149 1832 3216; x_wconf 89' lang='lat' dir='ltr'><strong>in</strong></span> <span class='ocrx_word' id='word_1_216' title='bbox 1871 3149 2158 3240; x_wconf 89' lang='lat' dir='ltr'><strong>aliquam</strong></span> <span class='ocrx_word' id='word_1_217' title='bbox 2196 3154 2401 3242; x_wconf 88' lang='lat' dir='ltr'><strong>ipsius</strong></span> 
     </span>
     <span class='ocr_line' id='line_1_26' title="bbox 138 3253 2396 3352; baseline 0.01 -34"><span class='ocrx_word' id='word_1_218' title='bbox 138 3253 489 3342; x_wconf 80' lang='lat' dir='ltr'><strong>utilitatem,</strong></span> <span class='ocrx_word' id='word_1_219' title='bbox 540 3258 712 3350; x_wconf 88' lang='lat' dir='ltr'><strong>quod</strong></span> <span class='ocrx_word' id='word_1_220' title='bbox 770 3260 1065 3350; x_wconf 91' lang='lat' dir='ltr'><strong>plurium</strong></span> <span class='ocrx_word' id='word_1_221' title='bbox 1096 3259 1640 3352; x_wconf 86' lang='lat' dir='ltr'><strong>parochianorum</strong></span> <span class='ocrx_word' id='word_1_222' title='bbox 1689 3263 2116 3334; x_wconf 84' lang='lat' dir='ltr'><strong>confessiones</strong></span> <span class='ocrx_word' id='word_1_223' title='bbox 2153 3268 2396 3340; x_wconf 88' lang='lat' dir='ltr'><strong>audiat.</strong></span> 
     </span>
     <span class='ocr_line' id='line_1_27' title="bbox 140 3357 2400 3468; baseline 0.01 -41"><span class='ocrx_word' id='word_1_224' title='bbox 140 3357 206 3428; x_wconf 91' lang='lat' dir='ltr'><strong>Si</strong></span> <span class='ocrx_word' id='word_1_225' title='bbox 248 3367 481 3452; x_wconf 84' lang='lat' dir='ltr'><strong>tamen,</strong></span> <span class='ocrx_word' id='word_1_226' title='bbox 520 3367 661 3457; x_wconf 89' lang='lat' dir='ltr'><strong>ipso</strong></span> <span class='ocrx_word' id='word_1_227' title='bbox 712 3364 959 3445; x_wconf 89' lang='lat' dir='ltr'><strong>relicto,</strong></span> <span class='ocrx_word' id='word_1_228' title='bbox 1000 3367 1160 3437; x_wconf 87' lang='lat' dir='ltr'><strong>alios</strong></span> <span class='ocrx_word' id='word_1_229' title='bbox 1216 3388 1333 3459; x_wconf 89' lang='lat' dir='ltr'><strong>pro</strong></span> <span class='ocrx_word' id='word_1_230' title='bbox 1369 3373 1763 3437; x_wconf 85' lang='lat' dir='ltr'><strong>sacramento</strong></span> <span class='ocrx_word' id='word_1_231' title='bbox 1793 3371 2186 3459; x_wconf 78' lang='lat' dir='ltr'><strong>poenitentiae</strong></span> <span class='ocrx_word' id='word_1_232' title='bbox 2225 3400 2400 3468; x_wconf 88' lang='lat' dir='ltr'><strong>pres-</strong></span> 
     </span>
     <span class='ocr_line' id='line_1_28' title="bbox 136 3473 2398 3582; baseline 0.009 -39"><span class='ocrx_word' id='word_1_233' title='bbox 136 3474 377 3566; x_wconf 74' lang='lat' dir='ltr'><strong>byteros</strong></span> <span class='ocrx_word' id='word_1_234' title='bbox 402 3483 781 3574; x_wconf 86' lang='lat' dir='ltr'><strong>parochiani</strong></span> <span class='ocrx_word' id='word_1_235' title='bbox 806 3485 1063 3566; x_wconf 86' lang='lat' dir='ltr'><strong>adeant,</strong></span> <span class='ocrx_word' id='word_1_236' title='bbox 1083 3483 1345 3553; x_wconf 87' lang='lat' dir='ltr'><strong>nullum</strong></span> <span class='ocrx_word' id='word_1_237' title='bbox 1371 3485 1615 3553; x_wconf 83' lang='lat' dir='ltr'><strong>laedunt</strong></span> <span class='ocrx_word' id='word_1_238' title='bbox 1652 3473 2016 3574; x_wconf 87' lang='lat' dir='ltr'><strong>parochiale</strong></span> <span class='ocrx_word' id='word_1_239' title='bbox 2039 3492 2192 3578; x_wconf 79' lang='lat' dir='ltr'><strong>Jus;</strong></span> <span class='ocrx_word' id='word_1_240' title='bbox 2243 3496 2398 3582; x_wconf 87' lang='lat' dir='ltr'><strong>quia</strong></span> 
     </span>
     <span class='ocr_line' id='line_1_29' title="bbox 136 3596 1369 3682; baseline 0.002 -17"><span class='ocrx_word' id='word_1_241' title='bbox 136 3596 399 3682; x_wconf 83' lang='lat' dir='ltr'><strong>parocho</strong></span> <span class='ocrx_word' id='word_1_242' title='bbox 416 3621 537 3668; x_wconf 86' lang='lat' dir='ltr'><strong>suo</strong></span> <span class='ocrx_word' id='word_1_243' title='bbox 562 3600 855 3669; x_wconf 82' lang='lat' dir='ltr'><strong>confiteri</strong></span> <span class='ocrx_word' id='word_1_244' title='bbox 886 3621 1017 3670; x_wconf 90' lang='lat' dir='ltr'><strong>non</strong></span> <span class='ocrx_word' id='word_1_245' title='bbox 1046 3607 1369 3670; x_wconf 88' lang='lat' dir='ltr'><strong>tenentur.</strong></span> 
     </span>
    </p>

    <p class='ocr_par' dir='ltr' id='par_1_4' title="bbox 128 3703 2397 4385">
     <span class='ocr_line' id='line_1_30' title="bbox 210 3703 2397 3807; baseline 0.005 -29"><span class='ocrx_word' id='word_1_246' title='bbox 210 3709 499 3790; x_wconf 63' lang='lat' dir='ltr'><strong>Quasno</strong></span> <span class='ocrx_word' id='word_1_247' title='bbox 522 3713 627 3783; x_wconf 77' lang='lat'><strong>11⁸.</strong></span> <span class='ocrx_word' id='word_1_248' title='bbox 660 3753 748 3766; x_wconf 94' lang='lat'><strong>—</strong></span> <span class='ocrx_word' id='word_1_249' title='bbox 774 3718 882 3783; x_wconf 84' lang='lat' dir='ltr'><strong>An</strong></span> <span class='ocrx_word' id='word_1_250' title='bbox 905 3715 1121 3807; x_wconf 82' lang='lat' dir='ltr'><strong>possit</strong></span> <span class='ocrx_word' id='word_1_251' title='bbox 1150 3715 1482 3807; x_wconf 76' lang='lat' dir='ltr'><strong>parochus</strong></span> <span class='ocrx_word' id='word_1_252' title='bbox 1508 3715 1670 3783; x_wconf 81' lang='lat' dir='ltr'><strong>novi</strong></span> <span class='ocrx_word' id='word_1_253' title='bbox 1706 3729 2058 3786; x_wconf 78' lang='lat' dir='ltr'><strong>conventus</strong></span> <span class='ocrx_word' id='word_1_254' title='bbox 2081 3703 2397 3789; x_wconf 72' lang='lat' dir='ltr'><strong>erectioni</strong></span> 
     </span>
     <span class='ocr_line' id='line_1_31' title="bbox 128 3817 2392 3933; baseline 0.006 -47"><span class='ocrx_word' id='word_1_255' title='bbox 128 3841 255 3889; x_wconf 78' lang='lat' dir='ltr'><strong>sese</strong></span> <span class='ocrx_word' id='word_1_256' title='bbox 276 3845 617 3922; x_wconf 71' lang='lat' dir='ltr'><strong>opponere,</strong></span> <span class='ocrx_word' id='word_1_257' title='bbox 650 3817 734 3898; x_wconf 80' lang='lat' dir='ltr'><strong>ob</strong></span> <span class='ocrx_word' id='word_1_258' title='bbox 747 3829 1143 3922; x_wconf 81' lang='lat' dir='ltr'><strong>proejudicia</strong></span> <span class='ocrx_word' id='word_1_259' title='bbox 1153 3832 1422 3922; x_wconf 76' lang='lat' dir='ltr'><strong>jurium</strong></span> <span class='ocrx_word' id='word_1_260' title='bbox 1437 3831 1942 3933; x_wconf 70' lang='lat' dir='ltr'><strong>parochialium</strong></span> <span class='ocrx_word' id='word_1_261' title='bbox 1967 3831 2202 3902; x_wconf 82' lang='lat' dir='ltr'><strong>loesiva</strong></span> <span class='ocrx_word' id='word_1_262' title='bbox 2223 3836 2262 3900; x_wconf 63' lang='grc' dir='ltr'><em>ἲ</em></span> <span class='ocrx_word' id='word_1_263' title='bbox 2301 3873 2392 3887; x_wconf 94' lang='grc'><strong>-</strong></span> 
     </span>
     <span class='ocr_line' id='line_1_32' title="bbox 128 3931 2391 4040; baseline 0.008 -38"><span class='ocrx_word' id='word_1_264' title='bbox 128 3931 561 4028; x_wconf 85' lang='lat' dir='ltr'><strong>Supponimus</strong></span> <span class='ocrx_word' id='word_1_265' title='bbox 604 3945 931 4016; x_wconf 88' lang='lat' dir='ltr'><strong>licentiam</strong></span> <span class='ocrx_word' id='word_1_266' title='bbox 977 3944 1408 4027; x_wconf 76' lang='lat' dir='ltr'><strong>pontificiam,</strong></span> <span class='ocrx_word' id='word_1_267' title='bbox 1449 3969 1646 4037; x_wconf 90' lang='lat' dir='ltr'><strong>quam</strong></span> <span class='ocrx_word' id='word_1_268' title='bbox 1697 3949 2023 4040; x_wconf 83' lang='lat' dir='ltr'><strong>regulares</strong></span> <span class='ocrx_word' id='word_1_269' title='bbox 2064 3970 2181 4040; x_wconf 91' lang='lat' dir='ltr'><strong>pro</strong></span> <span class='ocrx_word' id='word_1_270' title='bbox 2227 3970 2391 4020; x_wconf 84' lang='lat' dir='ltr'><strong>nova</strong></span> 
     </span>
     <span class='ocr_line' id='line_1_33' title="bbox 130 4049 2386 4154; baseline 0.008 -37"><span class='ocrx_word' id='word_1_271' title='bbox 130 4049 491 4127; x_wconf 80' lang='lat' dir='ltr'><strong>fundatione</strong></span> <span class='ocrx_word' id='word_1_272' title='bbox 507 4060 959 4148; x_wconf 86' lang='lat' dir='ltr'><strong>obtinuissent,</strong></span> <span class='ocrx_word' id='word_1_273' title='bbox 981 4061 1165 4131; x_wconf 84' lang='lat' dir='ltr'><strong>dictis</strong></span> <span class='ocrx_word' id='word_1_274' title='bbox 1186 4062 1662 4154; x_wconf 84' lang='lat' dir='ltr'><strong>parochialibus</strong></span> <span class='ocrx_word' id='word_1_275' title='bbox 1668 4066 1695 4154; x_wconf 87' lang='lat' dir='ltr'>j</span> <span class='ocrx_word' id='word_1_276' title='bbox 1707 4064 1932 4133; x_wconf 90' lang='lat' dir='ltr'><strong>uribus</strong></span> <span class='ocrx_word' id='word_1_277' title='bbox 1945 4085 2242 4154; x_wconf 65' lang='lat' dir='ltr'><strong>cmpresse</strong></span> <span class='ocrx_word' id='word_1_278' title='bbox 2257 4087 2386 4134; x_wconf 89' lang='lat' dir='ltr'><strong>non</strong></span> 
     </span>
     <span class='ocr_line' id='line_1_34' title="bbox 130 4165 2392 4270; baseline 0.005 -35"><span class='ocrx_word' id='word_1_279' title='bbox 130 4165 438 4259; x_wconf 80' lang='lat' dir='ltr'><strong>derogare.</strong></span> <span class='ocrx_word' id='word_1_280' title='bbox 490 4173 561 4245; x_wconf 91' lang='lat' dir='ltr'><strong>Si</strong></span> <span class='ocrx_word' id='word_1_281' title='bbox 612 4178 793 4246; x_wconf 87' lang='lat' dir='ltr'><strong>enim</strong></span> <span class='ocrx_word' id='word_1_282' title='bbox 817 4179 967 4268; x_wconf 87' lang='lat' dir='ltr'><strong>jura</strong></span> <span class='ocrx_word' id='word_1_283' title='bbox 1011 4177 1228 4268; x_wconf 89' lang='lat' dir='ltr'><strong>aliqua</strong></span> <span class='ocrx_word' id='word_1_284' title='bbox 1268 4177 1588 4270; x_wconf 82' lang='lat' dir='ltr'><strong>parochiae</strong></span> <span class='ocrx_word' id='word_1_285' title='bbox 1629 4199 1926 4270; x_wconf 74' lang='lat' dir='ltr'><strong>expresse</strong></span> <span class='ocrx_word' id='word_1_286' title='bbox 1957 4179 2392 4269; x_wconf 88' lang='lat' dir='ltr'><strong>supprimeret</strong></span> 
     </span>
     <span class='ocr_line' id='line_1_35' title="bbox 132 4279 2390 4385; baseline 0.005 -34"><span class='ocrx_word' id='word_1_287' title='bbox 132 4279 305 4374; x_wconf 86' lang='lat' dir='ltr'><strong>Papa,</strong></span> <span class='ocrx_word' id='word_1_288' title='bbox 341 4290 529 4360; x_wconf 90' lang='lat' dir='ltr'><strong>nulla</strong></span> <span class='ocrx_word' id='word_1_289' title='bbox 572 4291 735 4362; x_wconf 79' lang='lat' dir='ltr'><strong>foret</strong></span> <span class='ocrx_word' id='word_1_290' title='bbox 764 4293 1126 4364; x_wconf 85' lang='lat' dir='ltr'><strong>difficultas.</strong></span> <span class='ocrx_word' id='word_1_291' title='bbox 1165 4295 1253 4362; x_wconf 88' lang='lat' dir='ltr'><strong>At</strong></span> <span class='ocrx_word' id='word_1_292' title='bbox 1279 4294 1540 4384; x_wconf 91' lang='lat' dir='ltr'><strong>quando</strong></span> <span class='ocrx_word' id='word_1_293' title='bbox 1575 4295 1686 4383; x_wconf 86' lang='lat' dir='ltr'><strong>jus</strong></span> <span class='ocrx_word' id='word_1_294' title='bbox 1723 4293 1892 4362; x_wconf 87' lang='lat' dir='ltr'><strong>tertii</strong></span> <span class='ocrx_word' id='word_1_295' title='bbox 1927 4313 2218 4385; x_wconf 86' lang='lat' dir='ltr'><strong>expresse</strong></span> <span class='ocrx_word' id='word_1_296' title='bbox 2257 4313 2390 4362; x_wconf 90' lang='lat' dir='ltr'><strong>non</strong></span> 
     </span>
    </p>
   </div>
   <div class='ocr_carea' id='block_1_3' title="bbox 128 4397 2388 4578">
    <p class='ocr_par' dir='ltr' id='par_1_5' title="bbox 128 4397 2388 4578">
     <span class='ocr_line' id='line_1_36' title="bbox 128 4397 2388 4500; baseline 0.006 -39"><span class='ocrx_word' id='word_1_297' title='bbox 128 4397 277 4470; x_wconf 85' lang='lat' dir='ltr'><strong>tollit</strong></span> <span class='ocrx_word' id='word_1_298' title='bbox 315 4406 497 4476; x_wconf 86' lang='lat' dir='ltr'><strong>sedes</strong></span> <span class='ocrx_word' id='word_1_299' title='bbox 529 4407 923 4500; x_wconf 87' lang='lat' dir='ltr'><strong>Apostolica,</strong></span> <span class='ocrx_word' id='word_1_300' title='bbox 965 4412 1077 4499; x_wconf 84' lang='lat' dir='ltr'><strong>jus</strong></span> <span class='ocrx_word' id='word_1_301' title='bbox 1112 4408 1275 4478; x_wconf 85' lang='lat' dir='ltr'><strong>illud</strong></span> <span class='ocrx_word' id='word_1_302' title='bbox 1319 4410 1634 4480; x_wconf 87' lang='lat' dir='ltr'><strong>intactum</strong></span> <span class='ocrx_word' id='word_1_303' title='bbox 1661 4409 2030 4500; x_wconf 88' lang='lat' dir='ltr'><strong>relinquere</strong></span> <span class='ocrx_word' id='word_1_304' title='bbox 2071 4405 2388 4478; x_wconf 85' lang='lat' dir='ltr'><strong>censenda</strong></span> 
     </span>
     <span class='ocr_line' id='line_1_37' title="bbox 356 4529 2160 4578; baseline 0.002 -4"><span class='ocrx_word' id='word_1_305' title='bbox 356 4529 399 4576; x_wconf 92' lang='lat'><strong>1.</strong></span> <span class='ocrx_word' id='word_1_306' title='bbox 2097 4531 2160 4578; x_wconf 77' lang='lat'><strong>19</strong></span> 
     </span>
    </p>
   </div>
  </div>
 </body>
</html>
