2834 4959
1108 342 1261 393 Pus
1306 346 1570 405 QUARTA.
2349 343 2382 399 6
2393 342 2426 399 3
2437 342 2472 397 5

193 475 369 541 certo
414 466 577 537 sciat
618 466 1082 557 professionem
1123 490 1311 537 suem
1356 467 1552 537 fuisse
1577 475 1642 537 et
1667 450 2052 539 remansisse
2087 470 2470 559 invalidam,

190 584 491 678 quamvis
536 584 709 653 intre
748 584 1285 675 quinquennium
1328 586 1393 654 id
1448 586 1718 676 probare
1770 593 2070 676 nequest,
2128 589 2230 655 vel
2277 587 2468 660 etiam

188 702 495 793 quamvis
538 700 833 791 elapsum
872 700 1067 771 suerit
1100 703 1663 792 quinquennium,
1705 703 1935 793 poterit
1967 702 2040 770 in
2072 705 2466 772 couscientia

190 818 403 893 redire
426 817 506 885 ad
530 816 849 885 saeculum
878 821 939 883 et
972 816 1241 885 nubere.

152 994 163 1005 ,
284 926 355 998 3·
400 926 467 996 Si
524 926 797 997 nulliter
845 924 1169 1015 professus
1217 932 1546 997 teneretur
1599 949 1935 1000 remanere
2005 930 2076 997 in
2131 928 2470 1020 religione,

196 1052 523 1113 teneretur
566 1043 649 1113 ad
702 1042 1145 1133 peragendum
1186 1043 1438 1135 aliquid
1481 1045 1838 1134 iniustum3
1887 1068 2146 1135 nempe,
2180 1046 2258 1114 ed
2316 1048 2478 1117 reci-

193 1160 433 1251 pienda
486 1158 813 1245 elimenta,
872 1179 1023 1247 quae
1055 1156 1185 1249 ipsi
1230 1180 1365 1229 non
1404 1160 1748 1246 debentur,
1787 1182 1944 1229 cum
1971 1182 2104 1229 nou
2139 1161 2224 1229 sit
2267 1181 2478 1250 neque

195 1276 507 1355 novitiae,
562 1296 773 1364 neque
815 1274 1142 1365 professus
1190 1296 1209 1341 ε
1250 1296 1405 1365 ergo
1438 1276 1680 1345 nedum
1711 1282 2007 1345 teneatur
2043 1275 2114 1344 in
2163 1274 2477 1365 religione

192 1409 555 1471 remanere,
586 1394 836 1456 tenetur
866 1408 999 1457 non
1026 1408 1387 1457 remanere.

285 1505 354 1571 4⁰
390 1503 485 1571 Ex
504 1504 709 1591 capite
738 1502 1033 1571 Litteras
1064 1500 1169 1592 (de
1192 1504 1636 1585 Restitutione
1664 1502 2156 1594 spoliatorum),
2181 1506 2244 1567 et
2271 1501 2478 1591 capite

190 1618 625 1710 Inquisitioni
642 1617 751 1709 (de
772 1616 1127 1687 Sententia
1148 1616 1534 1706 excomm),
1556 1626 1802 1688 certum
1819 1622 1916 1685 est
1935 1618 2308 1699 mulierem,
2331 1636 2477 1705 quae

193 1734 318 1803 scit
336 1735 599 1803 nullum
630 1754 767 1801 esse
792 1754 993 1802 suum
1018 1733 1518 1803 matrimonium
1545 1734 1630 1801 ob
1677 1732 2224 1822 impedimentum
2255 1730 2478 1800 occul-

198 1856 366 1935 tum,
419 1850 725 1937 quamvis
778 1849 842 1917 id
890 1870 1025 1917 non
1076 1850 1279 1938 possit
1328 1850 1627 1941 probare,
1681 1868 2092 1937 nequaquam
2139 1850 2346 1915 teneri
2397 1847 2478 1916 ad

200 1963 665 2033 adhaerendum
696 1964 836 2031 viro
856 1986 1001 2051 sue,
1030 1963 1179 2033 licet
1212 1964 1506 2035 Ecclesia
1533 1964 1658 2033 hoc
1685 1965 1743 2031 ei
1775 1964 2104 2054 proecipiat
2135 1962 2256 2030 sub
2283 1984 2476 2053 poena

201 2079 907 2147 excommunicationis.
952 2077 1091 2149 lmo
1135 2080 1213 2150 ad
1253 2080 1662 2150 contrarium
1691 2100 1832 2146 eam
1874 2077 2078 2160 teneri
2105 2077 2477 2145 decernitur

199 2191 305 2260 his
329 2193 543 2263 verbis
570 2220 586 2264 :
614 2194 817 2265 Debet
836 2196 1063 2287 potius
1086 2193 1792 2265 excommunicationis
1813 2192 2215 2261 sententiam
2241 2190 2477 2259 humi-

196 2306 359 2377 liter
380 2312 723 2400 sustinere,
772 2334 975 2404 qaam
992 2336 1121 2405 per
1148 2314 1411 2384 carnale
1449 2309 1914 2381 commercium
1950 2318 2300 2399 peccatum
2321 2330 2479 2399 ope·

190 2426 343 2493 rari
376 2429 686 2495 mortale.
736 2428 911 2516 Ergo
942 2430 1273 2511 similiter,
1312 2432 1428 2521 qui
1457 2430 1576 2499 scit
1606 2426 2072 2521 professionem
2111 2445 2298 2493 suem
2342 2444 2478 2493 esse

194 2542 576 2621 invalidam,
622 2560 756 2607 non
792 2541 1115 2610 tenebitur
1156 2546 1229 2609 in
1254 2546 1570 2631 religione
1597 2564 1960 2627 remanere,
2003 2542 2302 2630 quamvis
2325 2539 2482 2609 Tri-

190 2657 538 2727 dentinum
568 2654 903 2723 decretum
933 2654 1004 2722 id
1022 2656 1080 2723 ei
1106 2655 1463 2745 praecipiat‚
1491 2657 1614 2723 sub
1651 2656 1860 2746 poenis
1883 2658 1956 2723 in
1975 2664 2290 2744 apostatas
2314 2656 2476 2723 latis.

288 2770 465 2841 Solet
492 2771 689 2839 etiam
718 2768 789 2837 in
828 2768 1275 2838 defensionem
1297 2768 1634 2837 sententiae
1655 2768 2040 2837 affirmantis
2067 2766 2302 2833 adduci
2341 2766 2482 2835 dic-

196 2897 345 2957 tum
385 2886 592 2957 sancti
628 2884 967 2973 Bernardi,
1000 2896 1161 2953 vota
1200 2906 1349 2951 mea
1375 2881 1609 2950 nullus
1657 2892 1904 2971 auqeat
1945 2878 2088 2947 sine
2130 2878 2484 2948 voluntate

198 3024 371 3073 mea.
426 3002 505 3071 Et
554 3002 817 3073 tandem
870 3000 1143 3070 fulcitur
1191 3000 1502 3069 sententia
1546 2999 1690 3067 hoec
1735 3016 1976 3085 magno
2025 2994 2364 3063 doctorum
2420 2994 2482 3063 ei

198 3118 672 3196 adhoerentium
710 3138 1011 3186 numero.

1254 3443 1295 3533 g
1342 3442 1428 3509 Π.

1088 3598 1349 3649 Sententia
1386 3604 1598 3655 negans.

298 3848 333 3885 «
362 3821 487 3890 Sed
524 3822 630 3891 his
662 3842 797 3891 non
826 3819 1257 3904 obstantibus,
1304 3812 1522 3903 inquit
1552 3810 1932 3901 FegnanuS,
1977 3810 2046 3877 in
2075 3809 2478 3877 contrarium

201 3964 241 4003 ι(
268 3942 361 4006 est
388 3939 639 4005 veritas.
666 3962 702 4002 ι)
744 3936 841 4026 (ln
868 3958 1005 4024 cap.
1038 3933 1119 4002 Si
1140 3930 1311 4022 qui-5,
1344 3927 1424 3997 de
1448 3926 1722 4017 Requi„
1753 3948 1824 3996 n.
1855 3925 2002 4016 37.)
2029 3925 2236 4012 Cujus
2261 3929 2481 3993 aucto-

196 4054 293 4121 ris
314 4051 635 4142 praecipua
672 4052 1097 4119 fundamenta
1133 4050 1271 4117 boec
1298 4054 1472 4115 sunt.

290 4167 357 4235 2⁰
424 4167 622 4257 Leges
668 4168 1003 4249 humanae,
1060 4165 1250 4233 modo
1292 4164 1484 4252 Justae
1521 4161 1680 4241 sint,
1731 4158 1868 4225 vim
1911 4154 2156 4225 habent
2207 4154 2278 4222 in
2333 4153 2474 4223 foro

198 4282 395 4353 etiam
452 4284 857 4352 conscientiae
906 4279 1238 4371 obligandi
1303 4304 1319 4346 ι
1374 4274 1483 4344 sed
1533 4274 1814 4365 impium
1857 4272 2022 4341 soret
2063 4271 2134 4339 in
2176 4270 2472 4361 quaestio-

198 4418 353 4467 nem
402 4420 627 4469 vocare
674 4420 839 4467 num
876 4397 1123 4465 decretu
1158 4390 1538 4461 Tridentina
1568 4390 1963 4479 justasint:
2013 4406 2170 4476 ergo
2211 4386 2472 4459 decreta
