2834 4959
1082 335 1233 382 PARS
1278 334 1572 382 SECUNDA.
2351 333 2375 386 1
2393 331 2470 388 89

206 461 394 530 tuisse
422 477 677 528 meram
720 457 1136 526 saecularium
1173 457 1790 540 confraternitatem,
1839 477 1952 526 seu
1983 479 2245 528 merum
2297 463 2478 534 soda-

198 576 433 644 litium.
474 573 701 642 Postea
729 594 881 641 vero
908 572 1301 664 postulatum
1334 572 1462 640 fuit
1503 576 1578 640 ut
1617 570 1694 638 in
1731 593 1957 640 veram
2003 585 2068 641 et
2103 575 2477 666 reliqiosam

198 687 771 780 conqreqationem
810 686 1183 776 erigeretur.
1236 685 1358 756 Cui
1412 685 1731 776 postulato
1779 694 1851 756 ut
1899 687 2236 759 satisfaciat
2289 691 2478 762 luno-

196 805 453 873 centius
486 801 581 871 XI
599 802 721 870 hac
746 801 1027 870 formula
1063 803 1267 870 utitur
1298 829 1315 871 ε
1348 803 1435 872 In
1472 801 2078 894 conqreqationem,
2111 806 2235 874 sub
2254 809 2482 898 regula

200 921 415 989 sancti
437 915 810 1007 Augustini,
859 916 1202 1007 eriqimus.
1246 916 1326 985 Et
1372 918 1466 986 sic
1519 918 1794 1007 erigitur
1823 939 1976 988 cum
2023 921 2187 989 votis
2217 921 2476 1014 simpli-

207 1035 393 1104 cibus
404 1059 433 1112 ,·
474 1033 785 1124 siquidem
820 1034 1089 1105 ulterius
1142 1038 1353 1125 postea
1386 1035 1780 1124 postulatum
1829 1034 1975 1119 tuit,
2011 1047 2092 1103 ut
2139 1059 2274 1106 non
2320 1053 2478 1111 vota

206 1149 574 1242 simplieia,
598 1147 716 1218 sed
738 1147 1065 1218 solemnia
1092 1149 1560 1218 emitterentur.
1595 1148 1768 1239 Ergo
1799 1156 2038 1219 attento
2062 1151 2224 1239 stylo
2243 1151 2480 1222 harum

212 1266 563 1348 bullarum,
612 1286 729 1356 per
754 1265 1331 1357 conqreqationem
1357 1265 1745 1356 reliqiosam
1773 1267 2030 1358 proprie
2074 1268 2337 1356 dictam,
2370 1291 2484 1340 seu
2525 1287 2536 1296 ·

208 1403 437 1450 veram
464 1381 559 1472 (ut
604 1381 700 1449 ibi
733 1380 1025 1471 dicitur),
1078 1382 1343 1472 praecise
1392 1386 1456 1449 et
1505 1380 1927 1450 determinate
1958 1381 2336 1470 intelligitur
2383 1387 2482 1454 in·

206 1503 535 1588 stitutum,
576 1503 649 1570 in
682 1523 811 1592 quo
847 1500 1008 1570 adsit
1058 1501 1339 1570 essentia
1388 1512 1606 1570 status
1659 1501 1979 1592 reliqiosi,
2014 1504 2104 1570 ita
2147 1509 2219 1571 ut
2267 1505 2486 1594 ipsum

202 1618 579 1709 profitentes
600 1619 740 1704 jam
786 1636 922 1684 non
958 1619 1093 1684 siut
1116 1617 1474 1697 saeculareS,
1506 1616 1615 1684 sed
1645 1617 1968 1706 religiosi;
2009 1617 2126 1686 sed
2149 1641 2300 1688 cum
2327 1620 2487 1688 solis

202 1734 365 1801 votis
398 1731 849 1824 simplicibus.
889 1731 1165 1814 Quando
1202 1739 1422 1801 autem
1450 1732 1700 1800 dictum
1729 1730 2270 1802 Bethlemitarum
2297 1737 2490 1803 insti-

208 1853 432 1915 tutum
462 1846 542 1914 ad
568 1846 863 1916 altiorem
878 1847 1159 1936 gradum
1188 1847 1372 1916 evehi
1403 1846 1634 1928 voluit,
1667 1845 2015 1936 postulavit
2056 1848 2228 1915 utin
2263 1871 2490 1917 veram

218 1975 277 2029 et
304 1961 664 2050 formalem
688 1962 1078 2053 reliyionem
1100 1964 1456 2052 erigeretur
1470 1988 1488 2048 ;
1511 1961 1602 2029 ita
1617 1967 1694 2028 ut
1707 1959 1992 2049 religiosi
2007 1969 2152 2029 vota
2169 1960 2490 2031 solemnia

217 2075 299 2167 (et
326 2097 465 2144 non
492 2080 636 2167 Jam
665 2077 1008 2168 simplicia,
1040 2085 1233 2167 prout
1262 2075 1477 2166 fiebat)
1507 2075 1893 2144 emitterent.
1939 2073 2022 2142 Et
2071 2073 2228 2146 huic
2279 2084 2494 2166 postu-

214 2191 331 2260 lato
386 2193 697 2262 satisfacit
733 2193 1031 2262 Clemens
1064 2191 1156 2260 Xl
1186 2193 1309 2260 hac
1356 2190 1642 2261 formula
1680 2214 1699 2258 ε
1756 2189 2094 2260 Praefatam
2136 2212 2491 2282 congrega-

172 2317 179 2322 ’
212 2309 453 2378 tionem
482 2308 557 2378 in
581 2331 813 2378 veram
860 2309 1279 2400 reliqionoen‚
1314 2329 1465 2376 cum
1511 2306 1685 2376 votis
1719 2306 2124 2377 solemnibus
2149 2308 2487 2398 erigimus.

210 2421 407 2512 Erg0,
472 2429 716 2492 attento
761 2423 1209 2493 Romanorum
1260 2422 1654 2494 Pontificum
1701 2423 1892 2513 stylo,
1941 2422 2184 2514 reliqio
2237 2423 2495 2516 proprie

214 2539 415 2622 dicta,
452 2559 563 2607 seu
613 2560 791 2622 vera,
840 2560 953 2607 seu
1010 2537 1357 2628 formalis,
1412 2546 1488 2604 ut
1533 2538 1628 2606 ibi
1678 2537 1943 2621 dicitur,
1986 2543 2080 2606 est
2121 2539 2494 2608 institutum

224 2650 468 2720 habens
492 2654 833 2723 essentiam
858 2664 1077 2722 status
1104 2651 1404 2744 reliqiosi
1447 2673 1603 2719 cum
1627 2650 1803 2718 votis
1829 2651 2251 2739 solemnibuS,
2277 2660 2340 2722 et
2365 2675 2499 2722 non

230 2787 393 2834 cum
414 2766 809 2859 simplicibus
845 2769 1175 2840 duntaxat.
1223 2768 1401 2836 Idem
1433 2762 1956 2839 concludendum
1990 2768 2167 2834 venit
2203 2786 2279 2834 ex
2303 2767 2500 2834 altera

232 2883 503 2952 omnino
522 2885 719 2953 simili
746 2884 1287 2954 confraternitatis
1311 2885 1383 2951 in
1411 2881 1986 2970 congregationem
2011 2879 2410 2968 religiosam,
2435 2887 2500 2950 et

229 3003 445 3088 postea
467 3000 537 3066 in
566 2999 945 3089 relig-ionem
970 2998 1479 3070 commutatione
1507 3024 1528 3087 ;
1568 2994 1914 3065 videlicet:

310 3112 387 3182 ln
432 3115 689 3184 civitate
750 3115 1106 3198 illeximus,
1159 3116 1231 3182 in
1284 3113 1490 3183 lndiis
1543 3107 2095 3191 occidentalibus,
2153 3109 2496 3176 exordium

224 3237 585 3321 sumpserat
645 3213 1139 3300 contr-eternitas
1194 3231 1396 3298 sancti
1421 3227 1806 3326 Hippolyti,
1876 3226 1958 3293 ad
2008 3223 2500 3294 inserviendum

226 3341 502 3414 infirmis
522 3347 598 3414 iu
617 3345 1069 3436 hospitalibus.
1093 3345 1193 3413 Ad
1219 3343 1740 3434 congregationis
1767 3346 2007 3409 statum
2027 3345 2237 3410 evecta
2273 3339 2498 3408 luerat.

222 3454 639 3530 Innocentius
666 3439 885 3530 autem
907 3458 1055 3544 XII,
1080 3460 1544 3553 ¹constitutione
1563 3459 1678 3526 Ex
1705 3455 1946 3540 debito,
1984 3454 2072 3524 20
2103 3455 2262 3524 maii
2300 3452 2500 3531 1700,

218 3595 366 3643 eam
390 3575 463 3644 in
492 3575 881 3666 religionem
910 3578 1132 3660 erexit,
1165 3575 1270 3642 his
1300 3573 1569 3642 verbisz
1619 3572 2004 3662 Proefatam
2055 3568 2508 3658 eonqreqacio·

220 3711 374 3759 nem
392 3691 618 3760 sancti
640 3691 1007 3784 Hippolyti
1042 3690 1121 3759 in
1149 3688 1511 3783 formalem
1557 3687 1930 3779 reqularem
1975 3683 2361 3774 reliqionem
2391 3682 2510 3751 sub

228 3806 465 3895 requla
490 3807 713 3876 sancti
727 3807 1118 3898 Auqustini,
1146 3827 1297 3874 cum
1316 3805 1490 3874 votis
1515 3803 1926 3872 solemnibus
1955 3797 2312 3886 castitatis,
2330 3820 2509 3889 pau-

224 3920 509 4008 pertatis
534 3933 599 3989 et
617 3919 1036 4012 obedientioe,
1062 3944 1314 3992 necnon
1332 3919 1528 4012 hospi
1533 3917 1856 4006 talitatis,
1874 3913 2274 3986 auctoritate
2300 3913 2350 3979 A
2349 3933 2512 4004 pos-

230 4033 448 4104 tolica
472 4047 696 4108 tenore
716 4038 1489 4128 prcesentiumperpetuo
1513 4034 1830 4126 eriqimus
1849 4043 1914 4100 et
1935 4025 2372 4098 instituimus.

318 4149 397 4220 lu
425 4151 888 4243 probationem,
900 4153 1136 4222 adduci
1182 4154 1376 4222 etiam
1427 4156 1632 4245 potest
1656 4149 1839 4219 bulla
1865 4147 1946 4214 In
1967 4165 2300 4235 supremo,
2335 4139 2374 4210 3
2400 4163 2512 4210 no-

236 4265 519 4338 vembris
574 4267 776 4356 1621,
802 4267 1100 4360 Gregorii
1141 4267 1291 4340 XV.
1319 4268 1492 4338 Cum
1521 4287 1758 4355 nempe
1802 4261 2212 4352 congregatio
2237 4256 2512 4350 presby·

245 4390 530 4453 teu-orum
575 4385 821 4458 Matris
870 4385 1022 4471 Dei,
1064 4385 1184 4453 tria
1224 4389 1371 4454 vota
1419 4379 1741 4473 simplicia
1787 4379 2147 4462 emitteret,·
2173 4373 2514 4467 postulavit
