2834 4959
275 269 398 326 364
825 271 1166 321 TRACTATUS
1211 271 1292 318 DE
1328 269 1480 317 mnu
1525 265 1945 319 assummum,

283 427 315 466 «
359 395 821 468 monasterium
879 397 961 463 sit
1011 395 1107 463 vel
1139 415 1268 462 non
1316 392 1419 476 sit
1442 393 1511 459 in
1561 395 1769 458 totum
1813 389 2151 471 dirutum3
2200 409 2358 458 cum
2414 390 2569 480 fieri

283 542 318 590 t<
339 515 539 608 possit
578 511 753 603 quod
793 511 874 580 sit
908 511 980 578 in
1020 516 1234 579 totum
1259 507 1580 589 dirutum,
1608 511 1673 574 et
1714 511 1937 574 tamen
1962 502 2251 595 religiosi
2300 505 2400 574 ibi
2446 506 2571 574 de-

286 637 320 698 ά
351 609 572 720 gentes
617 629 937 696 retineant
977 647 1094 696 sua
1153 628 1307 717 Jura
1357 621 1793 703 inhabitandi,
1872 619 2287 696 ministrandi
2350 641 2567 692 sacra-

283 771 318 813 «
349 751 590 826 ments,
623 748 778 831 etc„
829 749 905 810 ut
950 741 1002 809 si
1051 740 1122 808 iu
1166 745 1374 808 totum
1429 735 1799 806 dirueretur
1848 737 2322 806 monasterium
2370 757 2561 808 ocea-

291 885 326 928 α
347 862 528 931 sione
563 858 742 928 belli.
802 855 884 925 Et
933 855 1076 925 ideo
1138 855 1498 924 videndum
1542 859 1637 924 est
1702 873 1786 922 an
1863 837 1963 921 ex'
1992 852 2175 920 totali
2230 852 2563 922 dirutione

289 1003 325 1043 ιι
347 973 722 1058 monasterii
796 973 1094 1042 amittant
1139 969 1426 1060 religiosi
1478 989 1597 1038 sua
1646 969 1802 1058 jura
1857 964 2292 1048 inhabitandi,
2356 969 2547 1037 mini-

283 1115 317 1158 «
345 1090 591 1182 strandi
655 1093 1078 1173 sacramenta,
1123 1091 1190 1156 et
1243 1084 1402 1154 alias
1456 1082 1915 1153 ecclesiasticas
1968 1081 2337 1152 functiones
2384 1103 2564 1154 exer-

349 1205 564 1275 cendi.
626 1205 794 1286 Quia
853 1205 908 1272 si
967 1204 1348 1283 amiserunt,
1402 1220 1536 1268 non
1614 1203 1918 1290 poterunt
1966 1219 2352 1289 recuperare
2421 1201 2565 1268 sine

293 1340 668 1389 «consensu
721 1319 1020 1410 Episcopi
1055 1322 1120 1384 et
1167 1315 1412 1384 caeteris
1470 1312 2010 1398 solemnitatibus,
2060 1312 2219 1402 quia
2258 1321 2452 1384 erunt
2484 1315 2561 1384 de

289 1461 325 1502 ι(
353 1457 520 1505 novo
556 1431 970 1524 acquirenda.
1023 1429 1094 1500 Si
1130 1449 1282 1500 vero
1329 1451 1461 1499 non
1496 1428 1878 1519 amiserunt,
1925 1431 2227 1518 poterunt
2278 1429 2417 1498 sine
2460 1449 2565 1496 so-

299 1576 336 1616 «
369 1547 812 1617 lemnitatibus
856 1546 1245 1614 reaedificare
1301 1546 1814 1630 monasterium3
1864 1543 2023 1635 quia
2054 1543 2235 1612 sicuti
2272 1545 2558 1612 retinent

298 1691 332 1730 α
354 1665 464 1755 jus
494 1663 573 1732 ad
603 1662 1128 1748 inhabitandum,
1163 1663 1250 1730 ita
1291 1663 1486 1731 etiam
1523 1659 1606 1728 ad
1632 1660 2019 1750 erigendum
2070 1659 2354 1728 dirutum
2405 1679 2553 1727 mo-
2582 1677 2606 1688 “

298 1805 332 1844 «
361 1780 740 1848 nasterium.
805 1803 842 1844 ³>
893 1776 1366 1868 (Pasqualigus,
1413 1761 1487 1843 in
1554 1773 1993 1845 additionibus
2026 1813 2031 1818 ·
2062 1774 2148 1843 ad
2203 1774 2553 1843 Lauretum

285 1891 367 1960 de
388 1891 728 1977 Franchis,
785 1891 1258 1962 Controversia
1294 1889 1473 1959 inter
1512 1891 1876 1982 Epi-scopos
1916 1902 1982 1959 et
2014 1889 2383 1981 reyulares,
2410 1907 2553 1978 pag.

290 2008 442 2092 155,
471 2009 620 2078 edit.
656 2007 876 2078 Romae
912 2007 1136 2098 ¹656.)

1349 2235 1392 2325 g
1438 2235 1519 2303 Π.

285 2427 448 2480 Casus
475 2429 779 2493 regularium
801 2432 905 2494 qul,
931 2433 1118 2492 injuste
1135 2430 1356 2493 detento,
1376 2430 1457 2481 vel
1477 2432 1645 2481 minus
1668 2430 1935 2482 commodo
1952 2433 2058 2493 jam
2084 2431 2337 2480 existente
2360 2429 2567 2490 antiquo

271 2513 273 2516 ⁴
422 2519 515 2558 suo
548 2513 817 2571 conventu,
847 2523 1001 2561 novas
1021 2509 1154 2561 aedes
1181 2513 1236 2561 in
1262 2510 1441 2561 eadem
1464 2513 1668 2562 civitate
1693 2515 1783 2562 sut
1808 2525 1940 2576 pago
1966 2510 2061 2561 sibl
2088 2511 2409 2572 comparant.

379 2705 752 2776 Psorosrrio
780 2705 856 2775 1⁸.
883 2745 975 2760 —
1001 2711 1294 2776 Possunt
1311 2704 1482 2775 dicti
1504 2707 1871 2798 requlares‚
1897 2706 2139 2798 absque
2164 2725 2345 2774 nova
2372 2703 2571 2772 licen·

297 2822 392 2890 tia
422 2820 772 2890 Ordinarii
800 2833 924 2891 aut
943 2821 1112 2892 sedis
1139 2823 1567 2916 Apostolicoe,
1615 2823 1691 2892 in
1727 2819 2053 2914 ejusmodi
2084 2817 2361 2906 cedibuS,
2416 2813 2573 2888 coiz-

301 2937 678 3006 ventualem
703 2937 917 3005 vitam
945 2937 1184 3006 iterum
1219 2959 1436 3030 aqere,
1468 2959 1618 3006 cum
1636 2936 1883 3029 priscis
1918 2935 2220 3005 omnibus
2265 2934 2408 3003 suis
2447 2935 2573 3024 ju-

297 3051 486 3120 ribus
517 3063 582 3119 ετ
621 3052 1021 3143 privileqiis.
1067 3091 1152 3105 —-
1181 3052 1625 3146 Supponimus
1662 3053 1735 3122 in
1780 3053 2083 3144 praesenti
2125 3049 2569 3136 conclusione,

295 3166 638 3257 antiquum
677 3169 1146 3238 monasterium
1177 3165 1310 3238 non
1333 3169 1548 3258 ¹fuisse
1600 3169 1885 3260 legitime
1928 3167 2022 3260 (id
2062 3173 2158 3237 est
2200 3167 2571 3236 auctoritate

302 3279 666 3374 pontificia)
695 3283 1046 3353 alienatum
1077 3283 1545 3354 :redeuntibus
1582 3291 1801 3354 tamen
1837 3282 2157 3372 religiosis
2184 3284 2403 3374 ipsum
2436 3301 2574 3350 non

294 3395 581 3464 restitui:
626 3405 759 3484 aut,
797 3399 852 3467 si
903 3400 1303 3488 restituatur,
1331 3400 1504 3470 nolle
1530 3400 1863 3490 religiosos
1910 3400 1980 3468 in
2010 3399 2126 3469 illo
2152 3397 2414 3488 degere,
2444 3397 2577 3466 sive

299 3513 472 3604 quod
507 3535 580 3581 ex
605 3519 783 3605 parte
820 3515 1116 3584 dirutum
1169 3517 1275 3598 sit,
1300 3516 1433 3585 sive
1476 3517 1601 3586 alia
1640 3515 1721 3586 de
1750 3537 1963 3585 causa.
2016 3514 2317 3584 Dicimus
2356 3519 2569 3583 autem

296 3651 478 3720 posse
504 3637 660 3700 tuuc
685 3631 1042 3721 religiosoS,
1059 3633 1300 3703 ibidem
1317 3634 1473 3703 alias
1500 3634 1666 3704 aedes
1682 3635 1807 3704 sibi
1836 3633 2073 3721 locare,
2096 3631 2198 3701 vel
2225 3635 2569 3712 exstruere,

293 3745 396 3814 vel
449 3747 618 3816 douo
693 3747 868 3816 datas
918 3749 1242 3840 accipere3
1299 3756 1493 3841 atque
1526 3750 1599 3818 in
1644 3733 1735 3819 eis
1804 3748 2045 3840 absque
2100 3767 2267 3818 nova
2306 3745 2571 3817 licentia

297 3861 629 3931 Ordinsrii
658 3867 770 3932 sut
795 3863 960 3932 sedis
989 3863 1375 3955 Apostolicae
1401 3866 1892 3936 conventualem
1932 3867 2134 3933 vitam
2162 3865 2451 3934 instituti
2470 3861 2569 3932 sui

189 4035 206 4052 .
297 3980 627 4070 propriam
650 3987 863 4071 agere,
896 4005 1045 4052 cum
1066 3985 1330 4076 juribus
1364 4006 1441 4054 ac
1468 3982 1849 4076 privilegiis,
1882 3981 2123 4072 quibus
2146 3984 2294 4049 ante
2326 3979 2567 4071 disper·

301 4094 551 4163 sionem
581 4093 985 4168 fruebantur.

381 4210 716 4278 Probatur
748 4214 808 4280 1⁰
835 4211 916 4281 ex
930 4213 1092 4306 jure
1109 4211 1293 4304 quod
1314 4211 1565 4282 habent
1590 4213 1925 4305 requlares
1946 4222 2355 4284 conventum
2378 4229 2571 4279 suum

297 4326 740 4415 transferendi
763 4327 856 4398 ad
883 4329 1101 4401 alium
1135 4333 1341 4403 situm
1389 4329 1685 4423 ejusdem
1736 4331 1882 4403 loci.
1914 4369 2007 4388 —
2032 4329 2309 4415 Quando
2340 4345 2573 4417 nempe
