2834 4959
343 361 467 418 616
907 372 1244 421 moruus
1289 376 1368 422 DE
1413 376 1563 423 JURE
1608 376 2027 427 nomnium

431 490 504 560 ln
529 493 1092 564 constitutionibus
1109 493 1603 565 carmelitarum
1628 499 1831 587 (parte
1862 502 1930 584 1,
1950 522 2095 593 cap.
2134 504 2247 591 13,
2268 506 2307 595 ς
2326 506 2394 597 5)
2414 511 2619 579 novi..

343 610 586 679 tiorum
613 609 890 700 receptio
910 610 993 679 ad
1021 610 1300 701 priorem
1329 612 1695 701 generalem
1727 614 1831 684 vel
1873 616 2337 707 provincialem
2370 622 2615 695 dicitur

343 726 686 815 pertinere,
706 726 890 815 juxta
915 725 1192 795 formam
1217 726 1542 797 traditam.

435 838 508 909 ln
549 840 689 910 aliis
732 840 1128 932 quibusdam
1151 840 1493 912 ordinibus
1520 843 1797 934 pertinet
1820 844 2125 916 admissio
2170 849 2253 917 ad
2302 852 2625 923 uniuscu-

349 963 588 1051 jusque
641 961 1008 1031 monasterii
1065 962 1489 1053 superiorem,
1540 984 1694 1033 cum
1738 984 2061 1035 consensu
2108 968 2373 1055 majoris
2428 971 2629 1061 partis

345 1074 632 1169 capituli.

461 1190 542 1263 ll.
571 1192 1018 1279 Abstrahendo
1042 1198 1255 1262 autem
1285 1216 1321 1261 a
1350 1196 1501 1285 jure
1524 1194 1898 1285 particulari
1947 1197 2477 1291 uniuscujusque
2510 1224 2627 1271 or-

358 1312 554 1398 dinis,
581 1313 791 1404 quoad
830 1312 1099 1383 abbates
1129 1327 1192 1384 et
1221 1313 1597 1383 abbatissas
1636 1315 2197 1385 monasteriorum
2231 1320 2383 1409 jure
2438 1343 2629 1391 com-

361 1430 551 1499 muni
574 1429 1070 1500 determinatum
1090 1440 1209 1513 est,
1231 1436 1301 1499 ut
1326 1435 1582 1521 possent
1606 1428 1817 1520 quoad
1844 1451 1960 1499 sua
1984 1436 2335 1523 respective
2362 1457 2631 1511 mona&

353 1546 515 1614 teria
539 1544 618 1612 ad
644 1543 1026 1613 novitiatum
1054 1550 1120 1612 et
1154 1544 1612 1636 professionem
1645 1544 2009 1635 admittere,
2056 1540 2441 1617 assentiente
2470 1572 2625 1620 ma-

349 1661 488 1749 jore
514 1665 691 1750 parte
714 1659 1162 1751 capituli(vide
1183 1659 1590 1749 Fagnanum,
1606 1660 1672 1729 iu
1691 1682 1832 1752 cap.
1863 1663 2261 1746 Pom-ectum,
2286 1662 2366 1732 de
2386 1668 2621 1758 Requ-

355 1774 637 1863 laribus,
671 1798 738 1844 n.
783 1774 919 1867 22).

1163 2160 1170 2167 .
1265 2102 1543 2174 CAPUT
1593 2102 1704 2172 VI.

864 2272 942 2316 DE
985 2272 1355 2318 EFFECTIBUS
1399 2272 1815 2319 Pnol-*Essmms
1862 2274 2127 2319 VALIDAE.

450 2461 498 2529 l.
533 2463 1020 2550 Professionem
1049 2464 1354 2533 emittens
1394 2469 1815 2557 consequitur
1848 2467 2293 2536 remissionem
2329 2466 2641 2535 omnium

365 2598 562 2669 pecca
570 2589 815 2664 torum,
847 2579 1071 2670 quoad
1103 2580 1370 2672 culpam
1399 2594 1465 2651 et
1508 2582 1733 2674 quoad
1744 2606 2043 2675 poenam,
2092 2580 2463 2651 dummodo
2508 2605 2645 2651 non

368 2692 554 2763 sitin
579 2705 762 2764 statu
785 2698 1046 2787 peccati
1065 2698 1401 2767 mortalis.
1446 2736 1533 2751 —
1564 2700 1651 2767 lta
1683 2705 1903 2768 tenent
1933 2698 2221 2771 doctores
2260 2700 2649 2768 communi-

373 2815 491 2893 ter,
525 2832 676 2879 cum
703 2796 920 2880 sancto
934 2810 1186 2881 Thoma
1217 2814 1309 2905 (2,
1351 2813 1421 2894 2,
1454 2837 1518 2904 q.
1559 2813 1712 2901 189,
1735 2836 1793 2881 a.
1822 2812 1892 2902 3,
1922 2814 2003 2883 ad
2026 2814 2121 2906 3).

457 2924 537 2993 11.
572 2927 897 3016 Professio
935 2930 1266 3019 extinquit
1291 2931 1523 2997 omnia
1560 2943 1717 2998 vota
1733 2928 1935 3021 prius
1952 2929 2213 2997 emissa.
2238 2966 2331 2981 -
2348 2928 2433 2997 Id
2468 2929 2647 3021 pari-

369 3050 465 3112 ter
495 3048 668 3109 extra
714 3046 1212 3113 controversiam
1239 3051 1334 3114 est
1381 3046 1553 3136 apud
1589 3046 1899 3115 doctores.
1931 3046 2143 3137 Atque
2188 3046 2352 3113 inter
2398 3045 2543 3113 alia
2584 3047 2649 3113 in

373 3158 814 3249 probationem
843 3158 1057 3229 afferri
1093 3159 1251 3230 solet
1287 3148 1481 3253 capu‘t
1507 3159 1858 3252 Scriptura
1894 3160 1988 3251 (4,
2037 3159 2117 3228 de
2183 3164 2339 3230 Voto
2390 3172 2471 3227 et
2510 3158 2649 3228 voti

376 3274 871 3367 redemptione),
901 3276 971 3344 in
995 3298 1126 3366 quo
1148 3276 1242 3345 sic
1267 3276 1629 3346 declaratur
1661 3300 1678 3344 ε
1722 3302 1759 3344 «
1789 3276 1959 3345 Reus
1984 3275 2170 3345 fracti
2219 3277 2344 3343 voti
2372 3276 2647 3367 aliqua-

381 3416 417 3456 (ι
461 3397 647 3462 tenus
674 3414 806 3463 non
846 3394 1142 3477 habetur,
1175 3398 1291 3487 qui
1319 3396 1671 3487 temporale
1696 3395 2078 3487 obsequium
2133 3394 2204 3462 in
2256 3403 2649 3485 perpetuam

379 3533 415 3575 ι(
443 3508 732 3578 noscitur
755 3509 1083 3600 religionis
1110 3511 1574 3581 observantiam
1594 3518 2014 3582 commutare.
2046 3535 2082 3577 n

461 3625 578 3694 ΙΙΙ.
623 3626 944 3716 Professio
978 3629 1198 3718 aufert
1226 3627 1790 3719 irreqularitatem
1842 3650 1924 3696 ex
1958 3624 2297 3696 natalium
2334 3624 2605 3715 defectu
2622 3648 2652 3707 ;

373 3740 490 3809 sed
528 3740 991 3811 tantummodo
1039 3742 1315 3811 relative
1355 3740 1450 3811 ad
1484 3740 1922 3835 suscipiendos
1966 3762 2184 3811 sacros
2236 3739 2529 3811 ordines.
2558 3778 2649 3793 -—

375 3858 649 3931 Possunt
671 3883 904 3954 nempe
925 3861 1154 3954 spurii,
1184 3863 1251 3931 in
1276 3864 1494 3953 aliqua
1519 3863 1832 3953 religione
1855 3861 2147 3953 professi,
2169 3861 2249 3931 ad
2288 3882 2509 3930 sacros
2532 3884 2647 3929 or-

375 3975 556 4046 dines
587 3976 830 4068 absque
852 3978 1324 4068 dispensatione
1349 3980 1736 4072 promoveri.
1762 3976 1909 4048 Non
1930 3984 2147 4048 tamen
2177 3980 2445 4068 possunt
2486 3976 2644 4041 abs—

376 4114 508 4184 que
531 4092 1001 4185 dispensatione
1025 4092 1363 4165 Pontificia
1385 4095 1465 4163 ad
1502 4095 1873 4186 praelaturas
1905 4092 2007 4163 vel
2049 4093 2389 4183 dignitates
2425 4086 2645 4155 eccle-

377 4209 662 4279 siasticas
689 4209 897 4279 evehi.
933 4208 1023 4279 lta
1053 4209 1341 4279 doctores
1367 4211 1803 4281 communiter
1835 4233 1853 4294 ;
1888 4215 1951 4278 et
1976 4228 2269 4299 expresse
2310 4206 2371 4274 id
2402 4204 2642 4271 decer-

377 4326 558 4394 nitur
577 4326 783 4416 capite
813 4326 899 4393 Ut
919 4325 1085 4394 Filii
1108 4326 1165 4418 (1
1179 4324 1286 4407 ,de
1302 4326 1501 4396 Filiis
1517 4326 1657 4418 μ),
1672 4326 1794 4397 boc
1818 4326 2009 4397 modo
2044 4349 2063 4395 ε
2096 4326 2180 4393 ln‘
2195 4320 2643 4415 fornicatione

381 4441 532 4507 nati
580 4439 672 4507 ad
705 4462 923 4509 sacros
967 4440 1223 4512 ordines
1249 4466 1386 4512 non
1419 4457 1968 4534 promoveantur,
1992 4441 2124 4513 nisi
2164 4452 2289 4511 aut
2332 4434 2645 4508 monachi
