2834 4959
362 368 489 425 426
928 372 1267 421 Tnac'raws
1310 372 1392 421 nt
1435 372 1586 420 mm:
1625 370 2042 419 asumma.

358 504 503 567 tum
558 495 763 564 fuerat
806 497 905 577 nt,
948 516 983 557 α
1048 490 1420 581 superiores
1463 492 1796 581 regulares
1827 490 2160 560 nerninem
2209 492 2279 561 in
2313 500 2636 585 posterum

368 638 403 680 α
444 611 525 680 ad
588 608 887 679 habitum
948 605 1329 697 religiosum
1380 606 1722 677 admittant
1757 604 1828 673 in
1871 602 2204 676 Hibernioe
2249 629 2484 699 regn03
2527 612 2630 681 sed

366 752 403 793 α
430 726 549 817 qui
598 728 907 816 expetunt
946 720 1145 791 alicui
1192 718 1494 813 religioso
1547 720 1764 791 ordini
1821 740 2061 791 nomen
2109 721 2294 805 dare,
2351 724 2628 795 habitum

370 866 407 909 α
440 841 719 910 induant
746 840 816 907 in
846 836 973 908 iliis
994 836 1209 907 solum
1230 838 1566 922 omnebus,
1592 858 1742 929 quae
1787 836 1860 905 in
1891 836 2276 927 regionibns
2313 838 2630 911 catholicis

369 982 407 1023 α
430 958 737 1044 existunt,
768 954 879 1024 ubi
937 953 1285 1025 novitiatus
1336 955 1636 1045 ejusdem
1673 954 1922 1023 ordinis
1942 956 2126 1045 juxta
2153 956 2634 1026 constitutiones

370 1096 407 1137 α
434 1070 827 1140 Pontificum
855 1068 1299 1139 Romanorum
1324 1070 1708 1139 erectisunt.
1737 1092 1772 1133 n
1811 1066 2158 1159 (Hibernia
2173 1068 2631 1151 dominicam,

364 1208 515 1279 pag.
546 1185 729 1275 180.)

454 1299 879 1371 provincialis
924 1298 1509 1369 Dominicanorum
1551 1296 1907 1386 Hiberniae,
1969 1297 2198 1368 litteris
2249 1298 2334 1367 21
2393 1298 2638 1369 februa-

366 1416 450 1485 rii
509 1414 671 1483 1751
744 1413 825 1483 ad
868 1412 1137 1483 Ordinis
1174 1412 1279 1482 sui
1306 1412 1676 1503 generalem
1711 1412 2104 1502 magistrum
2155 1412 2349 1502 datis,
2404 1398 2638 1483 dicebat

374 1532 649 1601 noxium
702 1532 829 1601 sibi
870 1530 1074 1601 videri
1122 1530 1534 1622 proemissum
1597 1528 1814 1601 Sacroe
1863 1528 2400 1621 (hugi-egenonis
2425 1532 2638 1600 decre·

370 1652 555 1727 tum3
584 1652 777 1738 atque
806 1646 1001 1715 variis
1026 1645 1389 1716 rationibus
1431 1646 1780 1715 ostendens
1824 1648 2036 1737 magis
2070 1645 2360 1737 expedire
2407 1650 2478 1713 ut
2513 1666 2632 1713 no-

371 1760 637 1831 vitiatus
678 1762 747 1829 in
788 1761 929 1852 ipsa
968 1758 1287 1831 Hibernia
1312 1768 1757 1853 pungeretur,
1795 1759 2276 1850 subjungebat:
2317 1783 2354 1826 ι
2389 1756 2483 1827 Ex
2505 1778 2640 1827 om-

382 1873 633 1943 «nibns
660 1874 1069 1966 regularibus
1114 1874 1450 1959 Hibernis,
1485 1875 1604 1965 qui
1655 1876 1830 1943 intra
1853 1874 2396 1964 quinquennium
2417 1894 2454 1941 a
2475 1893 2640 1943 sacra

382 2014 418 2055 ι(
440 1988 820 2063 Tridentino
866 1989 1129 2081 Synodo
1164 1990 1616 2081 praesoriptum
1659 2008 1858 2079 super
1890 1994 2209 2080 praetensa
2241 1988 2642 2081 professionis

387 2106 747 2189 «nullitate
792 2104 1251 2191 reclamarunt,
1320 2104 1546 2174 nullus
1589 2122 1886 2193 unquam
1941 2102 2250 2173 inventus
2297 2112 2390 2175 est
2425 2126 2635 2174 eorum

382 2243 419 2282 «
442 2220 562 2306 qui
592 2220 661 2285 in
706 2216 1047 2304 Hibernia,
1080 2218 1191 2287 sed
1242 2221 1359 2309 qui
1388 2220 1460 2289 in
1497 2218 1814 2289 coenobiis
1837 2220 2508 2306 extra—nationalibus,
2545 2226 2642 2308 ty·

386 2356 425 2397 a
444 2330 771 2400 recinium
830 2352 943 2399 seu
990 2333 1377 2403 novitiatum
1432 2339 1835 2425 peregerant.
1897 2356 1934 2402 n
1969 2333 2322 2425 (Hibernia
2373 2332 2642 2405 domini·

381 2467 577 2529 cana,
612 2467 763 2537 pag.
796 2444 978 2537 182.)

468 2562 737 2634 Notetur
774 2564 887 2633 illa
939 2562 1149 2635 Patris
1202 2565 1616 2655 provincialis
1675 2564 2010 2637 Hibernia
2039 2569 2348 2637 attestatio
2381 2590 2400 2637 ε
2445 2586 2519 2635 ex
2567 2565 2642 2633 iis

380 2699 615 2771 nempe
644 2678 1093 2751 Dominicanis
1144 2679 1482 2771 Hibernis,
1511 2684 1629 2774 qui
1669 2683 1744 2751 :in
1785 2682 2102 2753 Hibernia
2127 2682 2509 2753 novitiatum
2533 2700 2646 2748 ex-

382 2793 739 2885 pleverant,
776 2796 1035 2865 nullum
1056 2796 1397 2865 inventum
1419 2799 1690 2889 esse-qui
1713 2798 2123 2889 professionis
2141 2820 2274 2867 suae
2299 2796 2648 2867 nouitatem

383 2910 765 2981 obtenderit.
802 2911 975 2981 Cum
1013 2934 1249 3003 nempe
1284 2912 1642 2981 identidem
1683 2910 2019 3002 contingat
2047 2912 2120 2981 in
2169 2910 2484 2981 omnibus
2507 2908 2649 2978 reli·

387 3027 587 3115 giosis
620 3025 961 3113 ordinibus
986 3031 1061 3096 ut
1118 3025 1331 3115 aliqui
1378 3025 1648 3113 professi
1697 3046 1734 3093 a
1769 3025 1918 3095 sede
1943 3024 2314 3116 Apostolica
2341 3021 2650 3115 postulent

386 3139 657 3209 nulliter
714 3141 951 3210 factam
1000 3140 1313 3209 declarari
1366 3140 1831 3231 professionem
1881 3161 2094 3229 snam,
2145 3138 2212 3208 id
2269 3159 2402 3208 non
2431 3138 2656 3207 fecerat

384 3255 563 3326 ullus
588 3278 662 3325 ex
693 3256 1141 3327 Dominicanis
1181 3256 1297 3347 qui
1340 3256 1413 3325 in
1441 3256 1760 3327 Hibernia
1783 3256 2246 3348 professionem
2291 3253 2644 3323 emiserant.

385 3368 775 3460 Supponunt
800 3372 937 3441 haec
960 3373 1119 3442 dicti
1166 3370 1371 3442 Patris
1424 3372 1842 3465 provincialis
1865 3373 2190 3458 verbanno
2231 3371 2308 3439 in
2345 3366 2650 3460 suspicio-

386 3510 539 3559 nem
566 3488 831 3577 quidem
862 3492 985 3583 ipsi
1012 3491 1289 3580 venisse,
1322 3492 1748 3583 professiones
1771 3514 2000 3564 omnes
2013 3491 2084 3561 in
2103 3490 2422 3560 Hibernia
2441 3488 2646 3568 factas,

385 3604 471 3674 ob
532 3602 694 3693 legis
742 3606 1101 3693 saecularis,
1162 3607 1652 3699 incapacitatem
1705 3608 1984 3678 dominii
2035 3628 2168 3679 non
2231 3600 2650 3694 agnoscentis,

386 3716 662 3805 obicem,
697 3722 909 3789 irritas
962 3721 1159 3789 fuisse
1205 3740 1278 3790 ac
1324 3723 1574 3803 nullas;
1630 3728 1694 3792 et
1751 3742 1882 3793 non
1924 3720 2138 3790 valere
2163 3724 2314 3788 vota
2357 3722 2654 3805 tanquam

385 3852 533 3902 vere
556 3834 893 3931 solemnia.
928 3832 1009 3905 Et
1035 3834 1528 3926 probantsimul
1553 3858 1592 3907 a
1637 3836 1950 3926 theologis
1987 3840 2051 3903 et
2071 3830 2450 3915 canonistiS‚
2500 3824 2649 3895 nul-

385 3944 529 4017 lum
554 3950 676 4019 hac
702 3942 881 4019 dere
921 3949 1205 4021 dubium
1234 3958 1488 4022 motum
1537 3952 1762 4027 fuisse.
1817 3950 2022 4021 Suam
2055 3968 2294 4039 nempe
2319 3941 2650 4039 professio-

385 4082 535 4131 nem
562 4064 840 4135 validem
881 4066 1269 4157 reputabant
1306 4067 1594 4157 religiosi
1635 4088 1864 4137 omnes
1905 4066 2024 4155 qui
2071 4057 2486 4135 inHibernia
2505 4054 2652 4121 vola

353 4177 701 4247 solemnia
755 4180 1123 4251 emiserant.
1202 4180 1283 4251 Et
1362 4182 1536 4250 idem
1617 4180 2100 4251 existimabatur
2160 4178 2230 4247 in
2297 4166 2654 4263 respecl‘lviss

384 4310 609 4361 eorum
645 4295 961 4384 religiosis
1006 4296 1369 4366 ordinibus·
1404 4294 1566 4376 Quae
1589 4304 1759 4366 certe
1799 4296 2124 4389 persuasio
2163 4290 2340 4362 haud
2365 4290 2450 4357 ita
2467 4302 2654 4353 men·-

384 4403 561 4474 tibus
586 4406 947 4497 insedisset,
976 4412 1215 4502 siquid
1266 4412 1337 4481 in
1382 4412 1788 4483 contrarium
1831 4434 1872 4483 a
1892 4411 2204 4482 Romanis
2245 4396 2654 4479 Pontificibus
