<?xml version="1.0" encoding="UTF-8"?>
<!DOCTYPE html PUBLIC "-//W3C//DTD XHTML 1.0 Transitional//EN"
    "http://www.w3.org/TR/xhtml1/DTD/xhtml1-transitional.dtd">
<html xmlns="http://www.w3.org/1999/xhtml" xml:lang="en" lang="en">
 <head>
  <title>
</title>
<meta http-equiv="Content-Type" content="text/html;charset=utf-8" />
  <meta name='ocr-system' content='tesseract 3.04.00' />
  <meta name='ocr-capabilities' content='ocr_page ocr_carea ocr_par ocr_line ocrx_word'/>
</head>
<body>
  <div class='ocr_page' id='page_1' title='image "./tractatusdejure01unkngoog_0585.png"; bbox 0 0 2834 4959; ppageno 0'>
   <div class='ocr_carea' id='block_1_1' title="bbox 1115 350 2481 412">
    <p class='ocr_par' dir='ltr' id='par_1_1' title="bbox 1115 350 2481 412">
     <span class='ocr_line' id='line_1_1' title="bbox 1115 350 2481 412; baseline 0.005 -13"><span class='ocrx_word' id='word_1_1' title='bbox 1115 351 1268 400; x_wconf 68' lang='lat' dir='ltr'><strong>Palis</strong></span> <span class='ocrx_word' id='word_1_2' title='bbox 1309 353 1573 412; x_wconf 68' lang='lat' dir='ltr'><strong>eumn.</strong></span> <span class='ocrx_word' id='word_1_3' title='bbox 2359 350 2437 408; x_wconf 76' lang='grc'><strong>56</strong></span> <span class='ocrx_word' id='word_1_4' title='bbox 2448 351 2481 406; x_wconf 83' lang='grc'><strong>7</strong></span> 
     </span>
    </p>
   </div>
   <div class='ocr_carea' id='block_1_2' title="bbox 197 469 2492 682">
    <p class='ocr_par' dir='ltr' id='par_1_2' title="bbox 197 469 2492 682">
     <span class='ocr_line' id='line_1_2' title="bbox 295 469 2488 570; baseline 0.002 -26"><span class='ocrx_word' id='word_1_5' title='bbox 295 473 564 546; x_wconf 86' lang='lat' dir='ltr'><strong>Notetur</strong></span> <span class='ocrx_word' id='word_1_6' title='bbox 589 474 850 564; x_wconf 76' lang='lat' dir='ltr'><strong>hocius</strong></span> <span class='ocrx_word' id='word_1_7' title='bbox 874 494 916 541; x_wconf 91' lang='lat' dir='ltr'><strong>a</strong></span> <span class='ocrx_word' id='word_1_8' title='bbox 941 469 1118 544; x_wconf 83' lang='lat' dir='ltr'><strong>Sixto</strong></span> <span class='ocrx_word' id='word_1_9' title='bbox 1149 473 1210 544; x_wconf 90' lang='lat' dir='ltr'>V</span> <span class='ocrx_word' id='word_1_10' title='bbox 1257 473 1634 561; x_wconf 85' lang='lat' dir='ltr'><strong>inductum,</strong></span> <span class='ocrx_word' id='word_1_11' title='bbox 1656 497 1789 546; x_wconf 88' lang='lat' dir='ltr'><strong>non</strong></span> <span class='ocrx_word' id='word_1_12' title='bbox 1816 477 2133 570; x_wconf 71' lang='lat' dir='ltr'><strong>respicere</strong></span> <span class='ocrx_word' id='word_1_13' title='bbox 2151 479 2488 569; x_wconf 75' lang='lat' dir='ltr'><strong>moniales,</strong></span> 
     </span>
     <span class='ocr_line' id='line_1_3' title="bbox 197 587 2492 682; baseline 0.001 -22"><span class='ocrx_word' id='word_1_14' title='bbox 197 597 400 682; x_wconf 88' lang='lat' dir='ltr'><strong>prout</strong></span> <span class='ocrx_word' id='word_1_15' title='bbox 434 607 732 682; x_wconf 79' lang='lat' dir='ltr'><strong>expresse</strong></span> <span class='ocrx_word' id='word_1_16' title='bbox 771 587 1050 656; x_wconf 82' lang='lat' dir='ltr'><strong>habetur</strong></span> <span class='ocrx_word' id='word_1_17' title='bbox 1069 588 1144 657; x_wconf 89' lang='lat' dir='ltr'><strong>in</strong></span> <span class='ocrx_word' id='word_1_18' title='bbox 1187 591 1527 680; x_wconf 76' lang='lat' dir='ltr'><strong>posteriori</strong></span> <span class='ocrx_word' id='word_1_19' title='bbox 1574 592 1713 682; x_wconf 82' lang='lat' dir='ltr'><strong>ejus</strong></span> <span class='ocrx_word' id='word_1_20' title='bbox 1740 593 2199 663; x_wconf 83' lang='lat' dir='ltr'><strong>constitutione</strong></span> <span class='ocrx_word' id='word_1_21' title='bbox 2240 591 2334 661; x_wconf 86' lang='lat' dir='ltr'><strong>ad</strong></span> <span class='ocrx_word' id='word_1_22' title='bbox 2363 597 2492 663; x_wconf 68' lang='lat' dir='ltr'><strong>Ro:</strong></span> 
     </span>
    </p>
   </div>
   <div class='ocr_carea' id='block_1_3' title="bbox 199 703 2489 907">
    <p class='ocr_par' dir='ltr' id='par_1_3' title="bbox 199 703 2489 907">
     <span class='ocr_line' id='line_1_4' title="bbox 199 703 2489 816; baseline 0.002 -42"><span class='ocrx_word' id='word_1_23' title='bbox 199 727 514 776; x_wconf 68' lang='lat' dir='ltr'><strong>marcum.</strong></span> <span class='ocrx_word' id='word_1_24' title='bbox 549 703 733 816; x_wconf 69' lang='lat' dir='ltr'><strong>ltern-</strong></span> <span class='ocrx_word' id='word_1_25' title='bbox 763 708 1024 772; x_wconf 88' lang='lat' dir='ltr'><strong>notetur</strong></span> <span class='ocrx_word' id='word_1_26' title='bbox 1052 704 1166 794; x_wconf 79' lang='lat' dir='ltr'><strong>jus</strong></span> <span class='ocrx_word' id='word_1_27' title='bbox 1203 704 1368 776; x_wconf 89' lang='lat' dir='ltr'><strong>illud</strong></span> <span class='ocrx_word' id='word_1_28' title='bbox 1405 705 1723 797; x_wconf 82' lang='lat' dir='ltr'><strong>respicere</strong></span> <span class='ocrx_word' id='word_1_29' title='bbox 1762 706 2071 778; x_wconf 85' lang='lat' dir='ltr'><strong>duntaxat</strong></span> <span class='ocrx_word' id='word_1_30' title='bbox 2098 708 2489 799; x_wconf 75' lang='lat' dir='ltr'><strong>postulantes</strong></span> 
     </span>
     <span class='ocr_line' id='line_1_5' title="bbox 199 819 868 907; baseline -0.004 -19"><span class='ocrx_word' id='word_1_31' title='bbox 199 821 400 890; x_wconf 82' lang='lat' dir='ltr'><strong>annis</strong></span> <span class='ocrx_word' id='word_1_32' title='bbox 453 819 540 888; x_wconf 75' lang='lat'><strong>16</strong></span> <span class='ocrx_word' id='word_1_33' title='bbox 565 819 868 907; x_wconf 82' lang='lat' dir='ltr'><strong>majores.</strong></span> 
     </span>
    </p>
   </div>
   <div class='ocr_carea' id='block_1_4' title="bbox 207 930 2503 1259">
    <p class='ocr_par' dir='ltr' id='par_1_4' title="bbox 207 930 2503 1259">
     <span class='ocr_line' id='line_1_6' title="bbox 301 930 2503 1026; baseline 0.002 -26"><span class='ocrx_word' id='word_1_34' title='bbox 301 931 418 1004; x_wconf 92' lang='lat' dir='ltr'><strong>VI.</strong></span> <span class='ocrx_word' id='word_1_35' title='bbox 467 933 782 1014; x_wconf 82' lang='lat' dir='ltr'><strong>Quamvis</strong></span> <span class='ocrx_word' id='word_1_36' title='bbox 832 934 1052 1002; x_wconf 89' lang='lat' dir='ltr'><strong>autem</strong></span> <span class='ocrx_word' id='word_1_37' title='bbox 1119 930 1292 1002; x_wconf 85' lang='lat' dir='ltr'><strong>dicta</strong></span> <span class='ocrx_word' id='word_1_38' title='bbox 1341 931 1507 1003; x_wconf 86' lang='lat' dir='ltr'><strong>Sixti</strong></span> <span class='ocrx_word' id='word_1_39' title='bbox 1548 931 1611 1002; x_wconf 90' lang='lat' dir='ltr'>V</span> <span class='ocrx_word' id='word_1_40' title='bbox 1655 933 2009 1026; x_wconf 77' lang='lat' dir='ltr'><strong>dispositio,</strong></span> <span class='ocrx_word' id='word_1_41' title='bbox 2062 935 2391 1006; x_wconf 85' lang='lat' dir='ltr'><strong>moderata</strong></span> <span class='ocrx_word' id='word_1_42' title='bbox 2430 943 2503 1006; x_wconf 87' lang='lat' dir='ltr'><strong>ut</strong></span> 
     </span>
     <span class='ocr_line' id='line_1_7' title="bbox 207 1048 2501 1143; baseline 0.002 -25"><span class='ocrx_word' id='word_1_43' title='bbox 207 1049 624 1142; x_wconf 80' lang='lat' dir='ltr'><strong>praemissum</strong></span> <span class='ocrx_word' id='word_1_44' title='bbox 666 1054 788 1133; x_wconf 84' lang='lat' dir='ltr'><strong>est,</strong></span> <span class='ocrx_word' id='word_1_45' title='bbox 815 1049 924 1138; x_wconf 86' lang='lat' dir='ltr'><strong>jus</strong></span> <span class='ocrx_word' id='word_1_46' title='bbox 970 1069 1328 1120; x_wconf 88' lang='lat' dir='ltr'><strong>commune</strong></span> <span class='ocrx_word' id='word_1_47' title='bbox 1374 1048 1731 1119; x_wconf 87' lang='lat' dir='ltr'><strong>hodiedum</strong></span> <span class='ocrx_word' id='word_1_48' title='bbox 1768 1052 2136 1136; x_wconf 83' lang='lat' dir='ltr'><strong>constituat,</strong></span> <span class='ocrx_word' id='word_1_49' title='bbox 2176 1051 2501 1143; x_wconf 81' lang='lat' dir='ltr'><strong>praecipue</strong></span> 
     </span>
     <span class='ocr_line' id='line_1_8' title="bbox 211 1161 2495 1259; baseline 0.002 -27"><span class='ocrx_word' id='word_1_50' title='bbox 211 1165 332 1233; x_wconf 86' lang='lat' dir='ltr'><strong>hac</strong></span> <span class='ocrx_word' id='word_1_51' title='bbox 374 1164 448 1234; x_wconf 88' lang='lat' dir='ltr'><strong>in</strong></span> <span class='ocrx_word' id='word_1_52' title='bbox 479 1184 554 1234; x_wconf 89' lang='lat' dir='ltr'><strong>re</strong></span> <span class='ocrx_word' id='word_1_53' title='bbox 603 1161 1080 1233; x_wconf 84' lang='lat' dir='ltr'><strong>attendendum</strong></span> <span class='ocrx_word' id='word_1_54' title='bbox 1117 1167 1216 1233; x_wconf 89' lang='lat' dir='ltr'><strong>est</strong></span> <span class='ocrx_word' id='word_1_55' title='bbox 1249 1163 1333 1231; x_wconf 84' lang='lat' dir='ltr'><strong>ad</strong></span> <span class='ocrx_word' id='word_1_56' title='bbox 1356 1163 1771 1252; x_wconf 87' lang='lat' dir='ltr'><strong>singulorum</strong></span> <span class='ocrx_word' id='word_1_57' title='bbox 1798 1165 2101 1235; x_wconf 83' lang='lat' dir='ltr'><strong>ordinum</strong></span> <span class='ocrx_word' id='word_1_58' title='bbox 2130 1166 2495 1259; x_wconf 85' lang='lat' dir='ltr'><strong>privilegia.</strong></span> 
     </span>
    </p>
   </div>
   <div class='ocr_carea' id='block_1_5' title="bbox 215 1277 2503 1484">
    <p class='ocr_par' dir='ltr' id='par_1_5' title="bbox 215 1277 2503 1484">
     <span class='ocr_line' id='line_1_9' title="bbox 217 1277 2503 1374; baseline 0.001 -26"><span class='ocrx_word' id='word_1_59' title='bbox 217 1277 438 1349; x_wconf 84' lang='lat' dir='ltr'><strong>Solent</strong></span> <span class='ocrx_word' id='word_1_60' title='bbox 465 1279 650 1348; x_wconf 90' lang='lat' dir='ltr'><strong>enim</strong></span> <span class='ocrx_word' id='word_1_61' title='bbox 698 1278 914 1369; x_wconf 86' lang='lat' dir='ltr'><strong>quoad</strong></span> <span class='ocrx_word' id='word_1_62' title='bbox 978 1278 1108 1348; x_wconf 86' lang='lat' dir='ltr'><strong>hoc</strong></span> <span class='ocrx_word' id='word_1_63' title='bbox 1143 1299 1264 1348; x_wconf 88' lang='lat' dir='ltr'><strong>suo</strong></span> <span class='ocrx_word' id='word_1_64' title='bbox 1297 1279 1549 1370; x_wconf 88' lang='lat' dir='ltr'><strong>quique</strong></span> <span class='ocrx_word' id='word_1_65' title='bbox 1600 1280 1819 1366; x_wconf 90' lang='lat' dir='ltr'><strong>modo,</strong></span> <span class='ocrx_word' id='word_1_66' title='bbox 1864 1300 1903 1349; x_wconf 86' lang='lat' dir='ltr'><strong>a</strong></span> <span class='ocrx_word' id='word_1_67' title='bbox 1947 1281 2095 1350; x_wconf 88' lang='lat' dir='ltr'><strong>sede</strong></span> <span class='ocrx_word' id='word_1_68' title='bbox 2133 1282 2503 1374; x_wconf 85' lang='lat' dir='ltr'><strong>Apostolica</strong></span> 
     </span>
     <span class='ocr_line' id='line_1_10' title="bbox 215 1393 1002 1484; baseline 0 -23"><span class='ocrx_word' id='word_1_69' title='bbox 215 1393 598 1484; x_wconf 84' lang='lat' dir='ltr'><strong>approbato,</strong></span> <span class='ocrx_word' id='word_1_70' title='bbox 637 1393 1002 1484; x_wconf 85' lang='lat' dir='ltr'><strong>procedere.</strong></span> 
     </span>
    </p>
   </div>
   <div class='ocr_carea' id='block_1_6' title="bbox 206 1507 2507 3124">
    <p class='ocr_par' dir='ltr' id='par_1_6' title="bbox 206 1507 2507 3124">
     <span class='ocr_line' id='line_1_11' title="bbox 311 1507 2503 1600; baseline 0.001 -24"><span class='ocrx_word' id='word_1_71' title='bbox 311 1507 448 1578; x_wconf 87' lang='lat' dir='ltr'><strong>vll.</strong></span> <span class='ocrx_word' id='word_1_72' title='bbox 495 1507 718 1590; x_wconf 83' lang='lat' dir='ltr'><strong>Quoad</strong></span> <span class='ocrx_word' id='word_1_73' title='bbox 779 1507 1034 1578; x_wconf 82' lang='lat' dir='ltr'><strong>Italiam</strong></span> <span class='ocrx_word' id='word_1_74' title='bbox 1075 1512 1140 1578; x_wconf 88' lang='lat' dir='ltr'><strong>et</strong></span> <span class='ocrx_word' id='word_1_75' title='bbox 1186 1507 1549 1600; x_wconf 86' lang='lat' dir='ltr'><strong>adjacentes</strong></span> <span class='ocrx_word' id='word_1_76' title='bbox 1588 1508 1857 1594; x_wconf 86' lang='lat' dir='ltr'><strong>insulas,</strong></span> <span class='ocrx_word' id='word_1_77' title='bbox 1930 1529 2095 1579; x_wconf 81' lang='lat' dir='ltr'><strong>nova</strong></span> <span class='ocrx_word' id='word_1_78' title='bbox 2133 1512 2503 1600; x_wconf 59' lang='lat' dir='ltr'><strong>praescripta</strong></span> 
     </span>
     <span class='ocr_line' id='line_1_12' title="bbox 213 1630 2507 1724; baseline 0 -25"><span class='ocrx_word' id='word_1_79' title='bbox 213 1631 336 1701; x_wconf 75' lang='lat' dir='ltr'><strong>ruit</strong></span> <span class='ocrx_word' id='word_1_80' title='bbox 355 1631 634 1702; x_wconf 85' lang='lat' dir='ltr'><strong>novitios</strong></span> <span class='ocrx_word' id='word_1_81' title='bbox 659 1631 1022 1724; x_wconf 80' lang='lat' dir='ltr'><strong>recipiendi</strong></span> <span class='ocrx_word' id='word_1_82' title='bbox 1048 1632 1296 1714; x_wconf 74' lang='lat' dir='ltr'><strong>forma,⁸</strong></span> <span class='ocrx_word' id='word_1_83' title='bbox 1317 1630 1575 1702; x_wconf 83' lang='lat' dir='ltr'><strong>decreto</strong></span> <span class='ocrx_word' id='word_1_84' title='bbox 1600 1631 1953 1723; x_wconf 80' lang='lat' dir='ltr'><strong>incipiente</strong></span> <span class='ocrx_word' id='word_1_85' title='bbox 1972 1632 2292 1723; x_wconf 72' lang='lat' dir='ltr'><strong>Requlari</strong></span> <span class='ocrx_word' id='word_1_86' title='bbox 2310 1632 2507 1700; x_wconf 78' lang='lat' dir='ltr'><strong>disci-</strong></span> 
     </span>
     <span class='ocr_line' id='line_1_13' title="bbox 206 1745 2504 1836; baseline 0.001 -22"><span class='ocrx_word' id='word_1_87' title='bbox 206 1745 444 1835; x_wconf 79' lang='lat' dir='ltr'><strong>plinoe,</strong></span> <span class='ocrx_word' id='word_1_88' title='bbox 483 1747 617 1816; x_wconf 88' lang='lat' dir='ltr'><strong>diei</strong></span> <span class='ocrx_word' id='word_1_89' title='bbox 651 1746 732 1815; x_wconf 89' lang='lat'><strong>18</strong></span> <span class='ocrx_word' id='word_1_90' title='bbox 777 1747 1072 1836; x_wconf 84' lang='lat' dir='ltr'><strong>januarii</strong></span> <span class='ocrx_word' id='word_1_91' title='bbox 1103 1746 1302 1816; x_wconf 77' lang='lat'><strong>1848.</strong></span> <span class='ocrx_word' id='word_1_92' title='bbox 1340 1745 1579 1816; x_wconf 88' lang='lat' dir='ltr'><strong>Latum</strong></span> <span class='ocrx_word' id='word_1_93' title='bbox 1610 1752 1707 1816; x_wconf 88' lang='lat' dir='ltr'><strong>est</strong></span> <span class='ocrx_word' id='word_1_94' title='bbox 1731 1746 1856 1815; x_wconf 87' lang='lat' dir='ltr'><strong>hoc</strong></span> <span class='ocrx_word' id='word_1_95' title='bbox 1882 1745 2213 1815; x_wconf 88' lang='lat' dir='ltr'><strong>decretum</strong></span> <span class='ocrx_word' id='word_1_96' title='bbox 2246 1767 2283 1814; x_wconf 89' lang='lat' dir='ltr'><strong>a</strong></span> <span class='ocrx_word' id='word_1_97' title='bbox 2311 1745 2504 1816; x_wconf 84' lang='lat' dir='ltr'><strong>Sacra</strong></span> 
     </span>
     <span class='ocr_line' id='line_1_14' title="bbox 213 1857 2507 1952; baseline 0 -25"><span class='ocrx_word' id='word_1_98' title='bbox 213 1857 758 1950; x_wconf 74' lang='lat' dir='ltr'><strong>congregatione,</strong></span> <span class='ocrx_word' id='word_1_99' title='bbox 787 1881 934 1952; x_wconf 67' lang='lat' dir='ltr'><strong>quse</strong></span> <span class='ocrx_word' id='word_1_100' title='bbox 969 1859 1343 1952; x_wconf 69' lang='lat' dir='ltr'><strong>disciplina»</strong></span> <span class='ocrx_word' id='word_1_101' title='bbox 1387 1858 1712 1951; x_wconf 74' lang='lat' dir='ltr'><strong>reqularis</strong></span> <span class='ocrx_word' id='word_1_102' title='bbox 1738 1865 2181 1950; x_wconf 80' lang='lat' dir='ltr'><strong>nuncupatur,</strong></span> <span class='ocrx_word' id='word_1_103' title='bbox 2216 1865 2279 1927; x_wconf 90' lang='lat' dir='ltr'><strong>et</strong></span> <span class='ocrx_word' id='word_1_104' title='bbox 2306 1860 2431 1926; x_wconf 82' lang='lat' dir='ltr'><strong>suit</strong></span> <span class='ocrx_word' id='word_1_105' title='bbox 2468 1879 2507 1928; x_wconf 85' lang='lat' dir='ltr'><strong>a</strong></span> 
     </span>
     <span class='ocr_line' id='line_1_15' title="bbox 216 1971 2507 2066; baseline -0.001 -24"><span class='ocrx_word' id='word_1_106' title='bbox 216 1972 340 2042; x_wconf 83' lang='lat' dir='ltr'><strong>Pio</strong></span> <span class='ocrx_word' id='word_1_107' title='bbox 368 1973 466 2043; x_wconf 84' lang='lat' dir='ltr'><strong>lx</strong></span> <span class='ocrx_word' id='word_1_108' title='bbox 519 1973 790 2045; x_wconf 71' lang='lat' dir='ltr'><strong>feliciter</strong></span> <span class='ocrx_word' id='word_1_109' title='bbox 851 1983 1158 2066; x_wconf 76' lang='lat' dir='ltr'><strong>regnante</strong></span> <span class='ocrx_word' id='word_1_110' title='bbox 1203 1975 1693 2046; x_wconf 83' lang='lat' dir='ltr'><strong>confirmatum.</strong></span> <span class='ocrx_word' id='word_1_111' title='bbox 1748 1971 1825 2042; x_wconf 90' lang='lat' dir='ltr'><strong>ln</strong></span> <span class='ocrx_word' id='word_1_112' title='bbox 1884 1993 1961 2042; x_wconf 91' lang='lat' dir='ltr'><strong>eo</strong></span> <span class='ocrx_word' id='word_1_113' title='bbox 2006 1972 2396 2066; x_wconf 77' lang='lat' dir='ltr'><strong>disponitur,</strong></span> <span class='ocrx_word' id='word_1_114' title='bbox 2432 1979 2507 2042; x_wconf 87' lang='lat' dir='ltr'><strong>ut</strong></span> 
     </span>
     <span class='ocr_line' id='line_1_16' title="bbox 213 2087 2499 2175; baseline -0.001 -17"><span class='ocrx_word' id='word_1_115' title='bbox 213 2091 656 2160; x_wconf 84' lang='lat' dir='ltr'><strong>constituatur</strong></span> <span class='ocrx_word' id='word_1_116' title='bbox 692 2097 904 2162; x_wconf 86' lang='lat' dir='ltr'><strong>certus</strong></span> <span class='ocrx_word' id='word_1_117' title='bbox 959 2111 1273 2162; x_wconf 88' lang='lat' dir='ltr'><strong>numerus</strong></span> <span class='ocrx_word' id='word_1_118' title='bbox 1319 2091 1839 2163; x_wconf 83' lang='lat' dir='ltr'><strong>examinatorum</strong></span> <span class='ocrx_word' id='word_1_119' title='bbox 1870 2111 1985 2160; x_wconf 89' lang='lat' dir='ltr'><strong>seu</strong></span> <span class='ocrx_word' id='word_1_120' title='bbox 2024 2087 2499 2175; x_wconf 86' lang='lat' dir='ltr'><strong>consultorum,</strong></span> 
     </span>
     <span class='ocr_line' id='line_1_17' title="bbox 215 2203 2503 2304; baseline -0.001 -30"><span class='ocrx_word' id='word_1_121' title='bbox 215 2224 296 2274; x_wconf 86' lang='lat' dir='ltr'><strong>ex</strong></span> <span class='ocrx_word' id='word_1_122' title='bbox 343 2205 754 2294; x_wconf 82' lang='lat' dir='ltr'><strong>gravioribus</strong></span> <span class='ocrx_word' id='word_1_123' title='bbox 805 2212 869 2275; x_wconf 92' lang='lat' dir='ltr'><strong>et</strong></span> <span class='ocrx_word' id='word_1_124' title='bbox 911 2206 1445 2299; x_wconf 85' lang='lat' dir='ltr'><strong>prudentioribus</strong></span> <span class='ocrx_word' id='word_1_125' title='bbox 1501 2207 1819 2298; x_wconf 87' lang='lat' dir='ltr'><strong>religiosis</strong></span> <span class='ocrx_word' id='word_1_126' title='bbox 1868 2205 2346 2304; x_wconf 81' lang='lat' dir='ltr'><strong>eligendorum,</strong></span> <span class='ocrx_word' id='word_1_127' title='bbox 2386 2203 2503 2295; x_wconf 87' lang='lat' dir='ltr'><strong>qui</strong></span> 
     </span>
     <span class='ocr_line' id='line_1_18' title="bbox 208 2309 2505 2422; baseline -0 -25"><span class='ocrx_word' id='word_1_128' title='bbox 208 2328 540 2418; x_wconf 86' lang='lat' dir='ltr'><strong>judicium</strong></span> <span class='ocrx_word' id='word_1_129' title='bbox 591 2329 834 2416; x_wconf 75' lang='lat' dir='ltr'><strong>lerant3</strong></span> <span class='ocrx_word' id='word_1_130' title='bbox 893 2336 957 2402; x_wconf 88' lang='lat' dir='ltr'><strong>et</strong></span> <span class='ocrx_word' id='word_1_131' title='bbox 995 2333 1042 2400; x_wconf 89' lang='lat' dir='ltr'><strong>ii</strong></span> <span class='ocrx_word' id='word_1_132' title='bbox 1093 2331 1408 2402; x_wconf 79' lang='lat' dir='ltr'><strong>duntaxat</strong></span> <span class='ocrx_word' id='word_1_133' title='bbox 1462 2309 1857 2422; x_wconf 79' lang='lat' dir='ltr'><strong>postulantes</strong></span> <span class='ocrx_word' id='word_1_134' title='bbox 1904 2330 2352 2411; x_wconf 85' lang='lat' dir='ltr'><strong>admittantur,</strong></span> <span class='ocrx_word' id='word_1_135' title='bbox 2388 2327 2505 2418; x_wconf 88' lang='lat' dir='ltr'><strong>qui</strong></span> 
     </span>
     <span class='ocr_line' id='line_1_19' title="bbox 213 2442 2507 2539; baseline 0 -27"><span class='ocrx_word' id='word_1_136' title='bbox 213 2465 430 2513; x_wconf 89' lang='lat' dir='ltr'><strong>unum</strong></span> <span class='ocrx_word' id='word_1_137' title='bbox 459 2445 690 2514; x_wconf 85' lang='lat' dir='ltr'><strong>saltem</strong></span> <span class='ocrx_word' id='word_1_138' title='bbox 717 2466 920 2536; x_wconf 88' lang='lat' dir='ltr'><strong>supra</strong></span> <span class='ocrx_word' id='word_1_139' title='bbox 969 2445 1380 2516; x_wconf 84' lang='lat' dir='ltr'><strong>medietatem</strong></span> <span class='ocrx_word' id='word_1_140' title='bbox 1424 2445 1887 2539; x_wconf 83' lang='lat' dir='ltr'><strong>suffragiorum</strong></span> <span class='ocrx_word' id='word_1_141' title='bbox 1928 2442 2343 2516; x_wconf 89' lang='lat' dir='ltr'><strong>obtinuerint.</strong></span> <span class='ocrx_word' id='word_1_142' title='bbox 2374 2443 2507 2514; x_wconf 91' lang='lat' dir='ltr'><strong>De-</strong></span> 
     </span>
     <span class='ocr_line' id='line_1_20' title="bbox 219 2557 2507 2651; baseline 0.001 -26"><span class='ocrx_word' id='word_1_143' title='bbox 219 2561 472 2627; x_wconf 83' lang='lat' dir='ltr'><strong>cretum</strong></span> <span class='ocrx_word' id='word_1_144' title='bbox 500 2557 694 2640; x_wconf 86' lang='lat' dir='ltr'><strong>illud,</strong></span> <span class='ocrx_word' id='word_1_145' title='bbox 722 2579 856 2650; x_wconf 89' lang='lat' dir='ltr'><strong>quo</strong></span> <span class='ocrx_word' id='word_1_146' title='bbox 899 2561 1354 2650; x_wconf 87' lang='lat' dir='ltr'><strong>astringuntur</strong></span> <span class='ocrx_word' id='word_1_147' title='bbox 1379 2561 1575 2629; x_wconf 87' lang='lat' dir='ltr'><strong>etiam</strong></span> <span class='ocrx_word' id='word_1_148' title='bbox 1614 2564 2141 2651; x_wconf 83' lang='lat' dir='ltr'><strong>congregationes</strong></span> <span class='ocrx_word' id='word_1_149' title='bbox 2170 2561 2240 2629; x_wconf 90' lang='lat' dir='ltr'><strong>in</strong></span> <span class='ocrx_word' id='word_1_150' title='bbox 2265 2559 2507 2651; x_wconf 87' lang='lat' dir='ltr'><strong>quibus</strong></span> 
     </span>
     <span class='ocr_line' id='line_1_21' title="bbox 217 2673 2507 2766; baseline 0.002 -23"><span class='ocrx_word' id='word_1_151' title='bbox 217 2674 548 2766; x_wconf 85' lang='lat' dir='ltr'><strong>simplicia</strong></span> <span class='ocrx_word' id='word_1_152' title='bbox 593 2681 846 2745; x_wconf 86' lang='lat' dir='ltr'><strong>tantum</strong></span> <span class='ocrx_word' id='word_1_153' title='bbox 893 2682 1041 2746; x_wconf 81' lang='lat' dir='ltr'><strong>vota</strong></span> <span class='ocrx_word' id='word_1_154' title='bbox 1089 2676 1282 2760; x_wconf 85' lang='lat' dir='ltr'><strong>fiunt,</strong></span> <span class='ocrx_word' id='word_1_155' title='bbox 1333 2673 1581 2742; x_wconf 89' lang='lat' dir='ltr'><strong>editum</strong></span> <span class='ocrx_word' id='word_1_156' title='bbox 1626 2674 1907 2765; x_wconf 86' lang='lat' dir='ltr'><strong>reperies</strong></span> <span class='ocrx_word' id='word_1_157' title='bbox 1952 2674 2021 2742; x_wconf 90' lang='lat' dir='ltr'><strong>in</strong></span> <span class='ocrx_word' id='word_1_158' title='bbox 2066 2675 2507 2765; x_wconf 87' lang='lat' dir='ltr'><strong>publicatione</strong></span> 
     </span>
     <span class='ocr_line' id='line_1_22' title="bbox 220 2787 2497 2884; baseline 0 -25"><span class='ocrx_word' id='word_1_159' title='bbox 220 2790 340 2859; x_wconf 87' lang='lat' dir='ltr'><strong>cui</strong></span> <span class='ocrx_word' id='word_1_160' title='bbox 355 2787 576 2860; x_wconf 88' lang='lat' dir='ltr'><strong>titulus</strong></span> <span class='ocrx_word' id='word_1_161' title='bbox 593 2789 1164 2884; x_wconf 81' lang='lat' dir='ltr'><strong>Correspondance</strong></span> <span class='ocrx_word' id='word_1_162' title='bbox 1181 2789 1262 2860; x_wconf 85' lang='lat' dir='ltr'><strong>de</strong></span> <span class='ocrx_word' id='word_1_163' title='bbox 1273 2793 1483 2860; x_wconf 78' lang='lat' dir='ltr'><strong>Rome</strong></span> <span class='ocrx_word' id='word_1_164' title='bbox 1500 2787 1798 2880; x_wconf 85' lang='lat' dir='ltr'><strong>(seconde</strong></span> <span class='ocrx_word' id='word_1_165' title='bbox 1818 2787 1975 2856; x_wconf 77' lang='lat' dir='ltr'><strong>edit.</strong></span> <span class='ocrx_word' id='word_1_166' title='bbox 1986 2809 2161 2878; x_wconf 84' lang='lat' dir='ltr'><strong>,pag.</strong></span> <span class='ocrx_word' id='word_1_167' title='bbox 2187 2789 2271 2856; x_wconf 83' lang='lat'><strong>14</strong></span> <span class='ocrx_word' id='word_1_168' title='bbox 2288 2789 2497 2878; x_wconf 75' lang='lat' dir='ltr'><strong>e115).</strong></span> 
     </span>
     <span class='ocr_line' id='line_1_23' title="bbox 219 2903 2507 3001; baseline -0.001 -25"><span class='ocrx_word' id='word_1_169' title='bbox 219 2905 412 2989; x_wconf 83' lang='lat' dir='ltr'><strong>Quod</strong></span> <span class='ocrx_word' id='word_1_170' title='bbox 471 2914 686 2978; x_wconf 86' lang='lat' dir='ltr'><strong>autem</strong></span> <span class='ocrx_word' id='word_1_171' title='bbox 752 2909 1086 3001; x_wconf 86' lang='lat' dir='ltr'><strong>dispositio</strong></span> <span class='ocrx_word' id='word_1_172' title='bbox 1143 2909 1284 2978; x_wconf 80' lang='lat' dir='ltr'><strong>hoec</strong></span> <span class='ocrx_word' id='word_1_173' title='bbox 1323 2905 1623 3000; x_wconf 82' lang='lat' dir='ltr'><strong>respiciat</strong></span> <span class='ocrx_word' id='word_1_174' title='bbox 1678 2903 2087 2974; x_wconf 89' lang='lat' dir='ltr'><strong>solummodo</strong></span> <span class='ocrx_word' id='word_1_175' title='bbox 2138 2904 2395 2974; x_wconf 84' lang='lat' dir='ltr'><strong>Italiam</strong></span> <span class='ocrx_word' id='word_1_176' title='bbox 2444 2915 2507 2974; x_wconf 86' lang='lat' dir='ltr'><strong>et</strong></span> 
     </span>
     <span class='ocr_line' id='line_1_24' title="bbox 221 3019 2175 3124; baseline -0.001 -34"><span class='ocrx_word' id='word_1_177' title='bbox 221 3020 585 3114; x_wconf 83' lang='lat' dir='ltr'><strong>adjacentes</strong></span> <span class='ocrx_word' id='word_1_178' title='bbox 605 3023 854 3094; x_wconf 86' lang='lat' dir='ltr'><strong>insulas</strong></span> <span class='ocrx_word' id='word_1_179' title='bbox 881 3024 953 3093; x_wconf 90' lang='lat' dir='ltr'><strong>in</strong></span> <span class='ocrx_word' id='word_1_180' title='bbox 985 3025 1125 3117; x_wconf 89' lang='lat' dir='ltr'><strong>ipso</strong></span> <span class='ocrx_word' id='word_1_181' title='bbox 1153 3024 1415 3124; x_wconf 67' lang='lat' dir='ltr'><strong>glecreto</strong></span> <span class='ocrx_word' id='word_1_182' title='bbox 1458 3041 1747 3114; x_wconf 83' lang='lat' dir='ltr'><strong>expresse</strong></span> <span class='ocrx_word' id='word_1_183' title='bbox 1785 3019 2175 3091; x_wconf 83' lang='lat' dir='ltr'><strong>declaratur.</strong></span> 
     </span>
    </p>
   </div>
   <div class='ocr_carea' id='block_1_7' title="bbox 1140 3257 1585 3331">
    <p class='ocr_par' dir='ltr' id='par_1_7' title="bbox 1140 3257 1585 3331">
     <span class='ocr_line' id='line_1_25' title="bbox 1140 3257 1585 3331; baseline -0.013 1"><span class='ocrx_word' id='word_1_184' title='bbox 1140 3257 1416 3331; x_wconf 86' lang='lat' dir='ltr'>CAPUT</span> <span class='ocrx_word' id='word_1_185' title='bbox 1465 3257 1585 3328; x_wconf 89' lang='lat' dir='ltr'><strong>IV.</strong></span> 
     </span>
    </p>
   </div>
   <div class='ocr_carea' id='block_1_8' title="bbox 386 3431 2340 3496">
    <p class='ocr_par' dir='ltr' id='par_1_8' title="bbox 386 3431 2340 3496">
     <span class='ocr_line' id='line_1_26' title="bbox 386 3431 2340 3496; baseline 0.002 -15"><span class='ocrx_word' id='word_1_186' title='bbox 386 3437 465 3482; x_wconf 74' lang='lat' dir='ltr'><strong>DE</strong></span> <span class='ocrx_word' id='word_1_187' title='bbox 508 3433 994 3496; x_wconf 65' lang='lat' dir='ltr'><strong>INFORRATIONE,</strong></span> <span class='ocrx_word' id='word_1_188' title='bbox 1041 3435 1427 3484; x_wconf 70' lang='lat' dir='ltr'><strong>novrrtolwu</strong></span> <span class='ocrx_word' id='word_1_189' title='bbox 1470 3431 1825 3481; x_wconf 73' lang='lat' dir='ltr'><strong>Amusstom</strong></span> <span class='ocrx_word' id='word_1_190' title='bbox 1870 3433 2340 3484; x_wconf 66' lang='lat' dir='ltr'><strong>PRAERITTENDA.</strong></span> 
     </span>
    </p>
   </div>
   <div class='ocr_carea' id='block_1_9' title="bbox 221 3619 2506 3944">
    <p class='ocr_par' dir='ltr' id='par_1_9' title="bbox 221 3619 2506 3944">
     <span class='ocr_line' id='line_1_27' title="bbox 316 3619 2505 3726; baseline -0 -35"><span class='ocrx_word' id='word_1_191' title='bbox 316 3624 608 3714; x_wconf 80' lang='lat' dir='ltr'><strong>Agemus</strong></span> <span class='ocrx_word' id='word_1_192' title='bbox 638 3624 700 3691; x_wconf 80' lang='lat'><strong>1⁰</strong></span> <span class='ocrx_word' id='word_1_193' title='bbox 743 3623 824 3693; x_wconf 92' lang='lat' dir='ltr'><strong>de</strong></span> <span class='ocrx_word' id='word_1_194' title='bbox 850 3622 1304 3693; x_wconf 79' lang='lat' dir='ltr'><strong>informatione</strong></span> <span class='ocrx_word' id='word_1_195' title='bbox 1345 3623 1516 3712; x_wconf 81' lang='lat' dir='ltr'><strong>ipsa3</strong></span> <span class='ocrx_word' id='word_1_196' title='bbox 1558 3621 1625 3689; x_wconf 76' lang='lat'><strong>2⁰</strong></span> <span class='ocrx_word' id='word_1_197' title='bbox 1658 3621 1739 3692; x_wconf 90' lang='lat' dir='ltr'><strong>de</strong></span> <span class='ocrx_word' id='word_1_198' title='bbox 1783 3619 2095 3726; x_wconf 69' lang='lat' dir='ltr'><strong>capienda</strong></span> <span class='ocrx_word' id='word_1_199' title='bbox 2130 3621 2505 3710; x_wconf 85' lang='lat' dir='ltr'><strong>cognitione</strong></span> 
     </span>
     <span class='ocr_line' id='line_1_28' title="bbox 221 3733 2506 3829; baseline -0.001 -23"><span class='ocrx_word' id='word_1_200' title='bbox 221 3738 517 3828; x_wconf 73' lang='lat' dir='ltr'><strong>eJusdem</strong></span> <span class='ocrx_word' id='word_1_201' title='bbox 551 3738 1068 3829; x_wconf 72' lang='lat' dir='ltr'><strong>informationis3</strong></span> <span class='ocrx_word' id='word_1_202' title='bbox 1117 3737 1186 3808; x_wconf 88' lang='lat'><strong>3·</strong></span> <span class='ocrx_word' id='word_1_203' title='bbox 1219 3737 1300 3806; x_wconf 89' lang='lat' dir='ltr'><strong>de</strong></span> <span class='ocrx_word' id='word_1_204' title='bbox 1339 3735 1569 3806; x_wconf 87' lang='lat' dir='ltr'><strong>litteris</strong></span> <span class='ocrx_word' id='word_1_205' title='bbox 1618 3736 2159 3808; x_wconf 86' lang='lat' dir='ltr'><strong>testimonialibus</strong></span> <span class='ocrx_word' id='word_1_206' title='bbox 2208 3733 2506 3827; x_wconf 86' lang='lat' dir='ltr'><strong>Episcopi</strong></span> 
     </span>
     <span class='ocr_line' id='line_1_29' title="bbox 221 3849 2201 3944; baseline -0.001 -26"><span class='ocrx_word' id='word_1_207' title='bbox 221 3871 392 3940; x_wconf 87' lang='lat' dir='ltr'><strong>quas</strong></span> <span class='ocrx_word' id='word_1_208' title='bbox 417 3851 687 3944; x_wconf 88' lang='lat' dir='ltr'><strong>insuper</strong></span> <span class='ocrx_word' id='word_1_209' title='bbox 713 3855 1100 3923; x_wconf 85' lang='lat' dir='ltr'><strong>necessarias</strong></span> <span class='ocrx_word' id='word_1_210' title='bbox 1131 3852 1280 3922; x_wconf 79' lang='lat' dir='ltr'><strong>fecit</strong></span> <span class='ocrx_word' id='word_1_211' title='bbox 1306 3849 1463 3922; x_wconf 88' lang='lat' dir='ltr'><strong>Pius</strong></span> <span class='ocrx_word' id='word_1_212' title='bbox 1500 3849 1589 3921; x_wconf 88' lang='lat' dir='ltr'><strong>lX</strong></span> <span class='ocrx_word' id='word_1_213' title='bbox 1614 3851 1879 3924; x_wconf 73' lang='lat' dir='ltr'><strong>feliciter</strong></span> <span class='ocrx_word' id='word_1_214' title='bbox 1899 3869 2201 3941; x_wconf 85' lang='lat' dir='ltr'><strong>regnans.</strong></span> 
     </span>
    </p>
   </div>
   <div class='ocr_carea' id='block_1_10' title="bbox 1307 4067 1453 4160">
    <p class='ocr_par' dir='ltr' id='par_1_10' title="bbox 1307 4067 1453 4160">
     <span class='ocr_line' id='line_1_30' title="bbox 1307 4067 1453 4160; baseline 0.014 -24"><span class='ocrx_word' id='word_1_215' title='bbox 1307 4067 1453 4160; x_wconf 72' lang='lat'><strong>§1-</strong></span> 
     </span>
    </p>
   </div>
   <div class='ocr_carea' id='block_1_11' title="bbox 1068 4237 1665 4302">
    <p class='ocr_par' dir='ltr' id='par_1_11' title="bbox 1068 4237 1665 4302">
     <span class='ocr_line' id='line_1_31' title="bbox 1068 4237 1665 4302; baseline 0.002 -13"><span class='ocrx_word' id='word_1_216' title='bbox 1068 4237 1139 4289; x_wconf 85' lang='lat' dir='ltr'><strong>De</strong></span> <span class='ocrx_word' id='word_1_217' title='bbox 1158 4241 1268 4302; x_wconf 83' lang='lat' dir='ltr'><strong>ipsa</strong></span> <span class='ocrx_word' id='word_1_218' title='bbox 1285 4239 1665 4292; x_wconf 76' lang='lat' dir='ltr'><strong>informatione.</strong></span> 
     </span>
    </p>
   </div>
   <div class='ocr_carea' id='block_1_12' title="bbox 318 4393 2514 4493">
    <p class='ocr_par' dir='ltr' id='par_1_12' title="bbox 318 4393 2514 4493">
     <span class='ocr_line' id='line_1_32' title="bbox 318 4393 2514 4493; baseline 0.002 -33"><span class='ocrx_word' id='word_1_219' title='bbox 318 4395 603 4476; x_wconf 73' lang='lat' dir='ltr'><strong>QuAEsno</strong></span> <span class='ocrx_word' id='word_1_220' title='bbox 623 4396 702 4468; x_wconf 77' lang='lat'><strong>1⁸.</strong></span> <span class='ocrx_word' id='word_1_221' title='bbox 732 4433 821 4450; x_wconf 92' lang='lat'><em>-</em></span> <span class='ocrx_word' id='word_1_222' title='bbox 849 4399 960 4466; x_wconf 83' lang='lat' dir='ltr'><strong>An</strong></span> <span class='ocrx_word' id='word_1_223' title='bbox 989 4399 1348 4469; x_wconf 76' lang='lat' dir='ltr'><strong>necessario</strong></span> <span class='ocrx_word' id='word_1_224' title='bbox 1374 4399 1719 4493; x_wconf 68' lang='lat' dir='ltr'><strong>capiendae</strong></span> <span class='ocrx_word' id='word_1_225' title='bbox 1743 4400 1881 4470; x_wconf 76' lang='lat' dir='ltr'><strong>sint</strong></span> <span class='ocrx_word' id='word_1_226' title='bbox 1902 4396 2409 4490; x_wconf 79' lang='lat' dir='ltr'><strong>informationes</strong></span> <span class='ocrx_word' id='word_1_227' title='bbox 2434 4393 2514 4463; x_wconf 82' lang='lat' dir='ltr'><strong>de</strong></span> 
     </span>
    </p>
   </div>
  </div>
 </body>
</html>
