2834 4959
1141 326 1293 375 PARS
1336 326 1580 375 TERTIA.
2365 316 2402 371 4
2413 315 2448 371 3
2458 316 2490 369 7

218 472 369 521 nem
396 447 641 533 emisit,
666 445 1057 517 monasterio
1104 447 1564 539 acquir-autum
1607 446 1694 515 ita
1723 452 1794 514 ut
1821 448 1964 537 jam
2003 468 2134 515 non
2179 447 2315 537 ipse
2349 464 2494 515 mo-

212 564 469 637 nachus
514 584 747 633 earum
794 562 1101 631 dominus
1129 564 1237 647 sit,
1269 562 1379 631 sed
1428 562 1922 631 monasterium.
1971 560 2234 631 Constat
2269 560 2338 630 id
2387 580 2498 629 ca-

210 683 345 774 pite
370 681 436 748 si
466 700 599 771 qua
630 676 877 747 mulier
902 675 1039 767 (38,
1070 676 1242 745 tituli
1275 677 1359 746 15
1392 676 1474 747 de
1497 676 1928 746 sanctissimis
1955 676 2328 768 Episcopis‚
2355 673 2494 745 col·

210 796 473 866 lationis
492 793 563 883 9)
596 816 615 874 ;
649 794 857 883 capite
884 791 1070 861 illud
1112 814 1366 883 quoque
1404 792 1494 881 (6,
1525 793 1691 863 tituli
1718 793 1760 861 5
1793 792 1874 863 de
1896 792 2274 878 monachis,
2296 790 2500 860 colla-

214 914 421 981 tionis
452 912 553 999 1);
580 908 723 999 lege
748 908 811 977 si
834 929 967 999 qua
999 906 1247 976 mulier
1290 907 1488 999 (tituli
1507 906 1596 986 ‚de
1619 908 2056 979 sacrosanctis
2083 905 2390 991 ecclesiis,
2425 906 2496 973 in

220 1024 519 1117 codice);
564 1024 707 1115 lege
736 1023 1022 1117 inqressi
1066 1023 1382 1115 (ejusdem
1424 1023 1596 1093 tituli
1643 1027 1714 1094 in
1761 1024 2034 1115 codice),
2065 1030 2128 1093 et
2151 1022 2292 1113 lege
2322 1042 2499 1089 nunc

219 1152 447 1212 autem
476 1138 673 1231 (tituli
695 1138 774 1209 de
798 1138 1145 1233 Episcopi-s
1168 1152 1233 1209 et
1259 1139 1538 1225 clericis,
1572 1140 1642 1210 in
1667 1140 1940 1231 codice).

313 1258 381 1325 2⁰
405 1254 553 1326 Non
601 1255 813 1323 multo
840 1261 983 1345 post
1028 1252 1496 1339 Justinianum,
1545 1254 2026 1347 dispositionem
2057 1254 2244 1327 illam
2285 1261 2498 1349 impe-

224 1371 453 1441 rialem
499 1368 833 1441 invocabat
870 1374 1135 1451 sanctus
1170 1367 1524 1459 Gregorius
1571 1369 1872 1461 Magnus,
1905 1378 1980 1439 ut
2025 1372 2352 1463 probaret,
2381 1374 2500 1444 in·-

224 1487 457 1577 gressis
526 1485 995 1555 monasterium
1052 1483 1301 1553 nullam
1368 1505 1708 1556 remanere
1765 1486 2034 1555 testandi
2094 1488 2492 1561 facultatem.

220 1600 335 1673 Sic
369 1602 547 1670 enim
571 1600 765 1669 habet
787 1598 956 1669 libro
986 1599 1026 1667 7
1046 1598 1498 1690 epistolarum,
1527 1601 1790 1691 epistola
1812 1603 1850 1669 7
1879 1628 1896 1671 x
1926 1602 2101 1685 Quia
2123 1603 2494 1695 inqredien·

224 1716 408 1785 tibus
422 1714 905 1786 monasterium
918 1713 1341 1783 convertendi
1346 1716 1596 1806 qratia,
1609 1716 1888 1785 ulterius
1899 1716 2098 1787 nulla
2107 1719 2192 1787 sit
2209 1719 2501 1789 testandi

226 1832 533 1916 licentia,
556 1830 668 1900 sed
692 1852 791 1901 res
814 1853 1043 1901 eorum
1070 1828 1363 1921 ejusdem
1396 1831 1788 1901 monasterii
1802 1832 1984 1922 juris
2015 1832 2222 1922 fiunt,
2259 1847 2495 1925 aperta

228 1945 401 2035 leqis
448 1943 828 2033 definitione
879 1944 1213 2015 decretum
1246 1956 1366 2015 est.
1400 1944 1636 2015 Verbis
1667 1946 1806 2013 istis
1831 1946 1964 2013 divi
1993 1944 2290 2033 Gregorii
2337 1968 2498 2017 con-

228 2064 359 2126 stat
396 2066 591 2150 caput
638 2060 675 2125 7
723 2062 1093 2151 quaestionis
1130 2060 1173 2131 3
1204 2080 1411 2129 causae
1455 2059 1562 2143 19,
1595 2059 1770 2149 apud
1797 2058 2206 2130 Gratianum.
2257 2061 2334 2129 In
2367 2062 2496 2131 fine

222 2181 445 2243 autem
508 2174 793 2265 ejusdem
845 2174 1127 2267 epistolae
1182 2175 1277 2243 sic
1324 2174 1520 2244 habet
1567 2173 1919 2264 Gregorius
1964 2172 2238 2265 Magnus
2278 2198 2298 2245 ι
2335 2174 2494 2245 Alia

224 2288 444 2380 iqitw·
480 2290 743 2389 omnia,
778 2311 929 2383 quoe
954 2312 1036 2359 ex
1087 2300 1478 2359 testamento
1497 2290 2020 2383 praenominatae
2059 2290 2294 2360 Siricoe
2315 2288 2495 2360 deti·-

220 2410 499 2493 nentur,
531 2406 781 2499 quippe
802 2405 983 2498 quod
1002 2406 1269 2477 nullum
1296 2428 1426 2477 esse
1451 2406 1662 2501 leqali
1682 2407 2026 2477 sanctione
2046 2406 2491 2499 permittitur,

221 2540 471 2591 necesse
498 2532 593 2589 est
614 2533 689 2589 uc
705 2521 861 2611 juri
872 2522 1289 2607 monasterii,
1311 2523 1767 2612 fraternitatis
1790 2535 2024 2594 vestroe
2047 2521 2496 2593 sollicitudine

220 2634 655 2724 sacerdotali,
672 2658 802 2727 per
828 2636 1060 2706 omnia
1080 2635 1305 2705 studia
1330 2650 1744 2726 reparentur.
1775 2637 1963 2717 Quod
1993 2639 2084 2707 ibi
2111 2647 2294 2710 vocat
2315 2640 2504 2709 divus

224 2746 577 2839 Gregorius
605 2752 768 2844 leqis
794 2750 1254 2843 definitionem
1274 2756 1340 2819 et
1358 2748 1646 2840 leqalem
1668 2752 2100 2837 sanctionem,
2129 2753 2300 2821 nihil
2321 2754 2501 2821 aliud

224 2882 371 2932 esse
412 2884 601 2955 quam
654 2866 989 2957 praefatam
1025 2864 1373 2937 Iustiniani
1400 2864 1616 2955 quoad
1673 2865 2136 2933 monasterium
2181 2864 2502 2951 ingressos

218 2977 741 3069 dispositionem,
772 2981 1207 3051 communiter
1248 2981 1620 3051 existimant
1651 2978 1966 3063 doctores,
1998 2984 2161 3049 etex
2200 2983 2498 3047 contextu

218 3092 369 3184 ipso
392 3095 543 3164 satis
568 3097 893 3167 innuitur.

322 3206 389 3276 3⁰
418 3208 783 3301 Utrumque
820 3219 1259 3283 memoratum
1305 3212 1550 3282 factum
1597 3209 1980 3279 historicum
2031 3204 2230 3299 (quod
2271 3224 2502 3297 nempe

222 3323 637 3394 lastinianus
712 3326 1022 3419 praedicto
1076 3328 1269 3399 modo
1320 3326 1533 3417 quoad
1602 3322 1952 3393 monachos
2011 3322 2386 3408 decreverit,
2443 3328 2506 3390 et

224 3438 585 3531 Gregorius
628 3440 903 3533 Magnus
977 3441 1379 3535 imperialem
1429 3440 1610 3509 illam
1661 3437 2061 3507 sanctionem
2109 3436 2500 3527 allegaverit)

218 3556 567 3625 adducunt
644 3557 937 3627 moderni
1006 3557 1273 3649 quidam
1342 3556 1708 3646 scriptores,
1765 3558 1838 3623 ut
1895 3552 2268 3645 opinionem
2322 3569 2506 3619 suam

220 3669 609 3755 obtrudant,
644 3693 775 3742 non
804 3674 1031 3743 minus
1074 3694 1308 3743 novam
1336 3692 1536 3762 quam
1583 3692 1946 3753 erroneam,
1991 3688 2122 3759 qua
2159 3664 2504 3748 sustinent,

220 3786 495 3855 nonnisi
520 3785 586 3854 vi
624 3787 951 3857 saecularis
995 3788 1161 3880 legis
1181 3788 1405 3857 induci
1433 3808 1614 3878 posse
1647 3788 1716 3855 in
1765 3783 2078 3877 religiosis
2100 3779 2374 3852 dominii
2397 3778 2508 3849 in-

224 3899 675 3987 capacitatem,
732 3904 799 3969 et
844 3902 1165 3972 bonorum
1218 3902 1377 3993 ipsis
1425 3900 1914 3971 obvenientium
1967 3899 2050 3969 ad
2125 3890 2506 3966 eorumdem

224 4016 735 4087 communitates
782 4016 1286 4087 devolutionem.
1346 4014 1510 4085 Eam
1555 4015 1930 4107 opinionem
1981 4017 2056 4081 ut
2109 4005 2510 4105 probabilem

222 4125 433 4195 habet
474 4129 797 4201 dominus
841 4130 1160 4216 Carriere,
1192 4131 1514 4223 siquidem
1567 4130 1883 4199 solemnia
1911 4149 2044 4197 non
2083 4145 2218 4194 esse
2243 4123 2313 4191 in
2340 4119 2510 4191 Gal-

218 4239 343 4310 liis
388 4242 843 4335 religiosorum
898 4250 1065 4332 vota,
1094 4246 1247 4316 inde
1274 4246 1683 4339 potissimum
1717 4250 1792 4313 ut
1817 4238 2217 4334 probabilius
2243 4234 2516 4305 conclu-

218 4354 357 4443 dit,
386 4362 561 4450 quod
596 4358 698 4429 lex
762 4360 971 4431 civilis
1018 4360 1243 4432 Gallim
1276 4384 1396 4433 nec
1445 4361 1684 4431 dictam
1737 4357 2222 4449 incapacitatem
2262 4351 2334 4423 in
2373 4348 2522 4422 reli·
