2834 4959
1124 346 1279 393 Pus
1322 344 1584 403 numm.
2345 332 2474 392 045

198 458 277 529 de
306 464 774 553 Reyularibus,
810 486 881 536 n.
936 466 1073 557 47),
1100 465 1171 535 in
1200 466 1380 534 hunc
1421 464 1737 534 modum:
1783 489 1820 530 a
1865 461 2232 532 Adducitur
2270 468 2476 534 textus

206 600 243 641 α
268 578 335 645 in
366 581 573 669 capite
608 578 805 665 Quod
831 579 1267 671 inter-roqasti
1288 580 1399 671 (27
1441 580 1646 670 dist.),
1687 578 1801 647 ubi
1845 577 2113 659 femina,
2148 599 2295 669 quae
2335 586 2476 670 post

212 716 247 759 t(
272 692 529 763 obitum
558 697 807 785 mariti,
861 702 1155 786 suscepto
1190 696 1532 780 velamine,
1579 694 1767 765 finxit
1800 716 1868 764 se
1921 693 2478 764 sanctimonialem

214 832 249 875 «
277 826 437 893 esse,
465 815 529 879 et
564 816 779 901 postea
808 809 893 879 ad
920 812 1181 901 nuptias
1232 809 1447 894 rediit,
1503 808 1806 879 Nicolaus
1854 808 2028 901 Papa
2072 809 2362 899 injungit
2397 814 2475 879 ut

216 947 253 987 α
282 930 637 995 revertatur
705 926 789 995 ad
842 924 911 994 id
970 924 1143 1015 quod
1198 924 1567 1015 spopondit,
1615 932 1678 993 et
1720 924 1793 993 iu
1869 925 2048 995 sacr'o
2119 924 2474 995 ministerio

218 1049 659 1133 «permaneat
698 1040 873 1132 quod
940 1040 1291 1141 inchoavit.
1346 1040 1708 1111 Concordat
1733 1047 1938 1111 textus
1989 1041 2215 1133 capitis
2237 1042 2304 1127 2,
2358 1039 2472 1127 27,

216 1183 249 1221 «
282 1179 345 1246 q.
383 1159 446 1246 1,
479 1158 594 1226 ubi
625 1156 979 1249 Gregorius
1006 1156 1178 1224 idem
1213 1156 1511 1225 rescribit
1537 1156 1616 1225 de
1657 1157 2040 1248 virginibus,
2081 1178 2229 1248 quae
2269 1157 2480 1224 simu-

217 1272 571 1341 «laverant
640 1295 897 1365 semper
957 1270 1031 1341 in
1082 1272 1405 1361 proposito
1461 1294 1861 1363 permanere.
1935 1272 2252 1341 Professio
2297 1272 2478 1341 enim

218 1416 254 1453 «
290 1387 609 1457 dictarum
664 1388 1027 1455 mulierum
1092 1386 1271 1454 nulla
1328 1387 1449 1455 fuit
1508 1390 1580 1456 in
1638 1389 1774 1457 foro
1823 1388 2256 1469 conscientiae,
2321 1408 2477 1457 cum

221 1528 255 1565 «
300 1501 476 1571 fictio
520 1502 604 1571 sit
630 1502 952 1573 contraria
980 1501 1252 1570 veritati.
1266 1553 1281 1571 .
1296 1552 1312 1569 .
1339 1500 1423 1571 Et
1452 1508 1785 1595 propterea
1835 1524 1993 1571 cum
2041 1500 2478 1593 superioribus

224 1644 255 1681 «
282 1620 471 1689 annis
498 1619 767 1709 quidam
798 1618 1119 1687 emisisset
1146 1617 1602 1707 professionem
1627 1619 1700 1687 in
1741 1618 2024 1710 quodam
2065 1616 2478 1700 monasterio,

220 1759 253 1797 «
284 1754 417 1801 non
442 1734 665 1803 animo
704 1754 771 1803 se
798 1731 1132 1822 obligandi
1162 1732 1490 1823 religioni,
1531 1734 1636 1802 sed
1665 1754 1746 1803 eo
1770 1741 2020 1803 tantum
2054 1734 2205 1814 fine,
2243 1741 2320 1801 ut
2357 1732 2478 1803 ha-

222 1874 253 1913 «
292 1847 747 1937 bitu'regulari
774 1846 1040 1917 indutus
1069 1846 1322 1916 facilius
1357 1853 1570 1940 posset
1607 1870 1804 1917 suum
1831 1848 2180 1917 inimicum
2225 1848 2480 1917 interfi-

223 1985 256 2021 «
295 1981 465 2045 cere,
497 1958 691 2029 Sacra
719 1958 1143 2051 Congregatio
1170 1961 1516 2031 declaravit
1554 1962 1862 2031 eumdem
1894 1962 2102 2031 teneri
2125 1964 2192 2031 in
2223 1984 2480 2033 monas·

226 2100 261 2139 α
292 2073 451 2143 terio
478 2083 783 2167 perpetuo
809 2098 1233 2167 perseverare,
1264 2100 1341 2146 ac
1374 2078 1755 2169 regulariter
1781 2078 2014 2147 vivere.
2055 2076 2225 2168 Ergo
2253 2078 2308 2145 si
2353 2076 2482 2147 Ec-

225 2214 257 2253 «
292 2187 481 2257 clesia
556 2193 763 2281 potuit
852 2192 1139 2282 obligare
1212 2194 1552 2285 praedictos
1629 2194 1710 2262 ad
1783 2194 2324 2285 perseverandum
2400 2194 2474 2263 in

220 2330 257 2405 ξ(
304 2304 615 2395 religione
642 2311 705 2375 et
744 2310 1039 2399 regulam
1080 2309 1577 2397 observandam,
1615 2331 1748 2379 non
1781 2311 2070 2379 obstante
2097 2308 2270 2401 quod
2315 2309 2475 2412 alle·-

222 2443 255 2483 «
286 2428 515 2507 garent
562 2422 927 2492 nullitatem
974 2426 1385 2513 professionis
1431 2448 1507 2495 ex
1559 2426 1811 2495 defectu
1857 2444 2228 2511 consensus,
2279 2422 2504 2499 multo.

220 2560 255 2599 «
288 2537 493 2625 magis
531 2538 887 2608 concilium
916 2538 1426 2631 (Tridentinum)
1474 2548 1700 2633 potest,
1753 2542 1968 2634 elapso
2005 2542 2482 2634 quinquennio,

224 2676 261 2715 α
286 2652 365 2719 ad
388 2651 451 2719 id
472 2653 761 2743 obligare
786 2653 1103 2744 professos
1132 2654 1201 2721 iu
1234 2656 1660 2724 conventibus
1681 2676 1814 2724 non
1843 2656 2218 2743 designatis,
2243 2658 2358 2745 qui
2377 2657 2487 2725 de-

223 2790 257 2829 «
292 2764 533 2834 fectum
560 2787 909 2847 consensus
941 2788 1071 2835 non
1096 2767 1395 2856 allegant.
1433 2794 1466 2831 x>

310 2882 686 2951 Paorosmo
712 2880 821 2951 11⁸.
868 2920 959 2933 —
1008 2884 1331 2974 Professz‘o
1363 2883 1588 2967 nulla,
1637 2903 1716 2949 ex
1771 2903 1842 2949 eo
1875 2880 2052 2971 quod
2064 2882 2254 2970 facta
2287 2881 2378 2949 sit
2412 2879 2487 2949 in

212 2998 639 3067 conventibus
668 3020 802 3067 non
837 2996 1221 3089 desiqnatis,
1255 2999 1361 3067 vel
1382 3020 1465 3067 ea:
1509 3019 1580 3065 eo
1607 2994 1788 3087 quod
1799 2996 1986 3086 facta
2009 2994 2104 3065 sit
2129 3006 2290 3063 ante
2315 3017 2484 3065 com·

196 3114 472 3207 pletum
489 3114 925 3205 probationis
942 3139 1223 3201 annum,
1248 3117 1433 3184 valet
1455 3126 1780 3205 tanquam
1804 3124 2036 3183 votum
2059 3111 2368 3203 simplex.
2397 3150 2490 3167 —

212 3230 287 3299 ld
319 3230 664 3299 declaravit
692 3228 758 3299 S.
792 3228 1216 3322 Congregatio
1244 3232 1544 3318 Concilii‚
1595 3235 1787 3321 prout
1837 3234 2098 3297 testatur
2140 3226 2487 3317 Fagnanus

210 3345 314 3435 (in
340 3366 481 3434 cap.
512 3344 591 3413 Si
617 3345 786 3435 quiS,
810 3345 889 3413 de
912 3348 1369 3438 Reqularibus‚
1402 3370 1471 3415 n.
1507 3345 1642 3437 46),
1666 3347 1737 3414 in
1757 3346 1938 3413 hunc
1963 3344 2232 3413 modum
2264 3368 2281 3413 ε
2313 3374 2346 3413 α
2370 3350 2488 3415 De-

218 3485 257 3523 «
288 3465 537 3527 cretum
561 3458 909 3528 Clementis
933 3460 1107 3551 vul,
1138 3463 1434 3553 quamvis
1457 3462 1757 3530 decernat
1780 3460 1992 3528 nullas
2009 3480 2142 3529 esse
2159 3459 2236 3528 ad
2266 3481 2488 3551 quem-

222 3598 261 3639 «
292 3594 545 3662 cunque
564 3573 871 3664 effectum
894 3577 1287 3668 receptiones
1314 3576 1393 3643 ad
1419 3575 1720 3645 habitum
1747 3582 1811 3645 et
1837 3573 2254 3665 professiones
2275 3576 2478 3643 emis-

224 3719 261 3753 «
294 3709 395 3756 sas
439 3692 507 3755 in
535 3692 938 3775 monasteriis
961 3714 1091 3763 non
1140 3691 1488 3783 designatis
1521 3690 1599 3761 ad
1629 3692 2028 3783 recipiendos
2055 3690 2351 3771 novitios,
2383 3695 2476 3760 ta-

221 3830 259 3869 «
291 3824 446 3871 men
504 3826 616 3893 per
664 3828 737 3873 ea
764 3806 960 3875 verba
1023 3829 1155 3877 non
1210 3807 1468 3878 sustulit
1510 3807 1972 3898 obligationem
2011 3827 2156 3895 quae
2205 3827 2280 3873 ex
2333 3812 2480 3876 voto

221 3944 259 3985 α
294 3918 804 4009 proficiscitur...
836 3946 853 3990 ε
897 3924 1452 4013 quemadmodum
1481 3926 1808 3993 decretum
1837 3920 2114 3991 Concilii
2141 3920 2480 4011 (capite15

223 4060 257 4101 ι(
288 4032 582 4103 sessionis
623 4034 737 4121 25,
778 4035 860 4106 de
894 4039 1384 4132 Περαίαν-ὤας),
1431 4039 1732 4131 quamvis
1767 4043 1987 4107 utatur
2015 4034 2230 4105 verbis
2279 4036 2487 4106 multo

222 4177 257 4217 «
289 4148 497 4239 magis
546 4151 957 4243 urgentibus,
1001 4153 1404 4225 decernendo
1461 4154 1672 4227 irritas
1715 4152 2138 4246 professiones
2165 4158 2314 4221 ante
2366 4173 2492 4221 an-

218 4292 254 4331 «
284 4288 444 4337 num
514 4266 622 4358 16,
676 4272 739 4339 et
808 4290 938 4339 non
1015 4272 1261 4363 expleto
1314 4294 1488 4341 anno
1560 4270 1956 4364 probationis
2033 4268 2324 4349 emissam
2376 4267 2492 4337 ad-

220 4407 255 4447 «
284 4382 521 4464 deudo‚
553 4391 625 4454 ut
644 4387 913 4457 nullam
938 4386 1263 4459 inducant
1284 4390 1772 4481 obliqationem
1821 4385 1917 4458 ad
1933 4384 2218 4477 alicujus
2242 4384 2490 4477 requloe
