2834 4959
398 327 521 386 288
973 331 1313 382 mcuws
1358 329 1440 378 m:
1483 327 1633 378 JUBB
1671 325 2094 376 mummu.

393 459 681 528 nendum
732 455 841 542 sit,
898 453 1073 522 haud
1120 451 1281 521 adeo
1327 451 1520 542 plana
1553 469 1654 517 res
1687 454 1807 530 est,
1859 467 1981 516 nec
2015 465 2194 514 unus
2225 443 2538 514 omnibus
2581 443 2690 513 lo-

392 571 635 664 quendi
665 569 923 638 modus.

484 687 687 777 CuJus
724 684 1121 756 difficultatis
1146 681 1452 754 solutioni
1485 685 1560 750 ut
1590 679 1766 748 viam
1791 683 2186 760 sternamus,
2225 673 2688 766 distinguenda

400 805 675 876 omnino
698 804 833 872 visa
853 807 947 870 est
972 797 1211 891 duplex
1230 794 1793 890 praejudiciorum
1817 792 2085 884 species,
2119 790 2442 861 nimirum
2471 817 2486 860 ι
2519 814 2690 883 prae·

394 896 724 1012 iudicium
749 916 981 986 stricte
994 924 1371 1006 sumptum,
1398 909 1690 1002 quoquis
1707 909 2000 1000 privatur
2025 905 2397 990 commode,
2417 907 2691 998 adquod

390 1035 513 1128 jus
546 1030 832 1101 habebat
850 1053 873 1098 .-
902 1037 965 1098 et
1002 1028 1460 1120 praejudicium
1495 1024 1867 1118 improprie
1893 1021 2178 1110 dictum,
2201 1042 2335 1112 quo
2369 1021 2526 1114 quis
2554 1026 2692 1114 pri-

405 1155 593 1218 vatur
616 1145 883 1238 quidem
932 1143 1274 1213 commodo
1298 1141 1544 1232 aliquo,
1577 1140 1690 1212 sed
1733 1140 1813 1210 ad
1843 1139 2020 1230 quod
2049 1138 2171 1228 jus
2199 1159 2336 1206 non
2369 1137 2686 1207 habebat.

406 1263 501 1333 De
528 1285 662 1353 quo
704 1268 781 1330 ut
820 1257 1195 1350 exemplum
1240 1280 1279 1328 a
1322 1257 1519 1328 rebus
1559 1256 1811 1325 infimis
1857 1255 2300 1338 desumamus,
2343 1257 2694 1346 utramque

409 1379 769 1472 praejudicii
816 1374 1103 1466 speciem
1131 1363 1610 1466 perpendamus
1635 1371 1835 1440 relate
1863 1369 1944 1440 ad
1976 1375 2424 1454 mercatorem,
2466 1369 2544 1437 in
2583 1370 2695 1438 ali-

408 1518 539 1586 qua
565 1493 837 1564 civitatis
868 1493 973 1560 via
998 1511 1206 1579 genus
1235 1488 1500 1580 aliquod
1521 1486 1976 1578 negotiationis
2003 1489 2423 1566 exercentem.
2453 1483 2528 1554 Si
2551 1486 2700 1576 quis

412 1631 658 1680 merces
686 1609 825 1698 ejus
860 1605 1111 1674 t'u‘retur
1132 1611 1247 1672 aut
1281 1603 1610 1690 incendat,
1641 1601 2100 1694 praejudicium
2128 1597 2400 1690 proprie
2425 1596 2701 1674 dictum

414 1726 538 1816 ipsi
578 1723 773 1792 infert
800 1746 819 1804 ;
850 1721 1141 1812 quiajus
1185 1718 1391 1811 ipsius
1426 1718 1624 1788 laedit.
1663 1717 1750 1788 At
1789 1737 1945 1786 vero
1981 1717 2038 1786 si
2075 1717 2224 1806 quis
2252 1714 2322 1784 in
2351 1713 2579 1784 eadem
2607 1717 2704 1784 ci·
2801 1763 2804 1770 -

414 1839 624 1908 vitatis
678 1838 781 1907 via
842 1859 975 1906 sese
1036 1835 1460 1918 constituens,
1523 1833 1822 1904 eamdem
1887 1839 2324 1904 mercaturam
2385 1837 2701 1917 exerceat,

416 1956 505 2024 ita
532 1962 608 2023 ut
631 1953 807 2045 prior
828 1951 923 2021 ibi
946 1951 1220 2020 existens
1244 1955 1564 2018 mercator
1585 1949 1726 2038 Jam
1743 1948 1973 2018 minus
1994 1946 2314 2030 lucretur,
2339 1945 2705 2038 improprie

288 2063 296 2070 ’
415 2069 673 2140 dictum
708 2068 1017 2138 duntaxat
1044 2065 1502 2156 praejudicium
1525 2065 1587 2134 ei
1611 2062 1914 2147 infertur,
1939 2061 2096 2152 quia
2119 2061 2240 2152 jus
2265 2083 2402 2130 non
2427 2059 2704 2131 habehat
2801 2113 2804 2122 .

418 2194 494 2254 ut
536 2185 713 2252 solus
752 2180 847 2249 ibi
890 2185 1323 2248 mercaturam
1362 2179 1536 2248 hanc
1577 2183 1914 2248 exerceret.
1967 2175 2136 2248 Hinc
2191 2177 2456 2246 relative
2519 2175 2702 2246 etiam
2802 2245 2804 2276 ζ

422 2297 503 2368 ad
544 2295 905 2389 parochum
959 2293 1275 2383 distingui
1333 2298 1604 2384 possunt
1644 2291 2027 2385 praejudicia
2065 2291 2328 2384 proprie
2361 2291 2574 2378 dicta,
2604 2313 2702 2360 seu

412 2417 681 2510 jurium
697 2412 1205 2506 parochialium
1224 2411 1484 2492 laesiva,
1503 2420 1566 2480 et
1584 2412 1964 2503 proejudicia
1986 2412 2344 2503 improprie
2367 2411 2574 2499 dicta,
2602 2431 2704 2482 seu
2802 2379 2804 2441 ξ

414 2533 683 2626 jurium
705 2524 1196 2620 parochialium
1218 2548 1356 2594 non
1380 2525 1632 2595 laesiva.
1659 2523 1784 2596 llis
1816 2529 2206 2618 pumentia,
2239 2528 2348 2613 sit,

520 2643 803 2728 Qusssrio
826 2643 903 2714 1⁸.
942 2677 1030 2693 —-
1061 2643 1387 2722 Quoenam
1412 2643 1551 2710 sint
1562 2641 1995 2734 parochialia
2005 2643 2226 2734 jura?
2247 2681 2340 2695 —
2365 2669 2404 2708 α
2426 2641 2708 2714 Enume-

438 2789 477 2830 α
502 2769 601 2832 rat
627 2769 846 2830 autem
877 2753 1033 2851 jura
1061 2757 1454 2849 parochialia
1478 2777 1614 2850 prae
1657 2759 1901 2828 caeteris
1933 2757 2154 2828 Abbas
2181 2757 2276 2851 (in
2321 2757 2600 2830 Rubrio.
2641 2757 2707 2826 de

442 2906 477 2944 «ι
506 2876 873 2963 Parachiis‚
903 2899 973 2945 n.
1008 2877 1102 2969 2),
1135 2874 1251 2943 ubi
1281 2873 1467 2942 docet
1495 2873 1862 2964 parochiale
1881 2873 1990 2964 jus
2029 2875 2398 2961 consistere,
2437 2876 2510 2943 1⁰
2549 2875 2618 2944 in
2643 2895 2706 2943 eo

439 3020 474 3058 α
502 3001 578 3061 ut
636 2991 1013 3085 parochiani
1068 2990 1301 3061 diebus
1344 2989 1520 3058 festis
1556 2988 1638 3057 de
1678 2995 1995 3081 praecepto
2029 2988 2298 3058 audiant
2339 2990 2614 3058 missam
2646 2987 2708 3055 in

448 3137 483 3175 α
515 3107 875 3200 parochiali
920 3105 1187 3174 ecclesia
1251 3104 1417 3196 (cap.
1476 3103 1548 3191 2,
1605 3101 1686 3172 de
1733 3101 2144 3195 Parocht‘z‘s);
2189 3125 2598 3195 quamquam
2651 3101 2710 3170 id

442 3249 483 3288 a
518 3222 709 3291 hodie
763 3219 1105 3289 consilium
1160 3218 1373 3309 potius
1419 3238 1618 3306 quam
1678 3225 2076 3308 praeceptum
2131 3217 2470 3288 videatur:
2523 3218 2592 3286 2⁹
2645 3225 2714 3284 ut

447 3357 486 3399 (ι
519 3333 898 3423 parochiani
924 3333 1243 3424 recipiant
1280 3337 1683 3402 sacramenta
1721 3353 1760 3400 a
1795 3333 2075 3424 parocho
2109 3331 2278 3425 (cap.
2328 3331 2612 3422 Nullus,
2643 3329 2710 3400 de
2800 3403 2801 3418 ξ

452 3475 488 3514 α
513 3447 887 3542 Parochiis)
916 3449 1131 3539 3quod
1150 3446 1342 3516 hodie
1370 3447 1705 3516 reducitur
1723 3445 1803 3518 ad
1833 3446 2306 3521 Eucharistiam
2321 3449 2394 3520 in
2409 3447 2709 3520 Paschate
2800 3423 2801 3489 ἶ

450 3589 487 3630 α
517 3573 581 3634 et
628 3563 699 3632 in
753 3571 983 3651 morte,
1042 3563 1123 3632 ad
1172 3570 1526 3631 extremam
1583 3561 1994 3646 unctionem,
2051 3569 2115 3632 et
2177 3563 2708 3634 matrimonium:

451 3707 488 3748 «ι
516 3681 585 3751 3⁰
630 3687 705 3748 ut
749 3678 1136 3770 sepeliantur
1164 3676 1381 3746 fideles
1423 3678 1493 3746 in
1541 3699 1657 3747 sua
1699 3677 2027 3770 parochia,
2069 3677 2200 3748 nisi
2241 3677 2586 3750 habuerint
2613 3696 2712 3746 se-

458 3823 491 3861 «
520 3795 868 3889 pulchrum
912 3794 1261 3883 majorum,
1316 3799 1431 3862 aut
1472 3792 1543 3861 in
1581 3792 1710 3862 alia
1757 3793 2026 3866 ecclesia
2063 3793 2384 3882 elegerint
2425 3793 2710 3885 sepultu-

458 3937 492 3976 α
522 3932 704 3994 ram3
758 3906 998 4001 quibus
1034 3910 1105 3976 in
1154 3907 1410 3978 casibus
1459 3909 1868 4000 reservantur
1921 3909 2202 4002 parocho
2249 3912 2438 3994 juxta
2493 3906 2710 3980 consti·

456 4051 494 4091 a
522 4027 800 4095 tutiones
832 4045 909 4094 ac
960 4025 1456 4094 consuetudines
1505 4023 1894 4094 dioeceseum
1939 4025 2240 4118 quaedam
2279 4027 2710 4098 emolumenta

458 4167 495 4208 α
522 4141 951 4234 parochialia:
994 4139 1062 4207 4⁰
1114 4145 1189 4208 ut
1234 4138 1520 4210 ecclesiae
1570 4139 1923 4231 parochiali
1949 4141 2309 4214 solvantur
2355 4142 2624 4220 decima}
2655 4141 2710 4204 et

459 4287 495 4326 α
529 4260 907 4346 oblationes,
950 4262 1134 4349 juxta
1174 4265 1391 4330 tamen
1441 4260 1976 4332 consuetudinem
2008 4263 2530 4352 uniuscujusque
2557 4259 2710 4328 dioe·

430 4417 439 4426 ·
466 4403 501 4442 a
534 4378 715 4444 cesis.
734 4399 767 4440 >v
789 4375 903 4466 (De
924 4375 1139 4462 Bonis,
1153 4373 1231 4446 de
1252 4374 1579 4446 Oratoriis
1591 4375 1911 4468 publicis,
1934 4399 2076 4470 cap.
2104 4379 2214 4468 10,
2239 4377 2514 4454 numero
2543 4372 2709 4460 176.)
