2834 4959
1042 359 1193 406 PARS
1228 360 1494 409 SECUNDA
1505 391 1521 408 .
2297 355 2334 410 2
2343 355 2378 410 2
2389 359 2410 414 1

170 479 431 549 clausura
476 485 543 546 et
596 477 763 546 votis
804 476 1205 548 solemnibus
1252 479 1659 568 degentium,
1711 477 2048 548 censendae
2101 489 2254 549 sunt
2295 485 2418 552 sub

168 595 581 686 prohibitione
624 591 829 662 sancti
857 581 957 662 Pii
985 591 1047 662 V
1090 595 1622 684 comprehensae3
1659 599 1722 663 et
1761 594 1842 662 ad
1885 601 2174 664 tenorem
2221 597 2420 686 hujus

168 708 631 798 prohibitionis,
692 728 822 776 non
880 716 1137 798 possent
1190 708 1365 778 licite
1419 710 1708 778 existere.
1769 708 1852 776 Et
1901 731 1938 777 a
1995 709 2239 779 fortiori
2290 733 2422 780 non

164 832 354 916 posset
396 845 649 893 novum
696 823 893 912 hujus
940 823 1165 892 formas
1194 825 1598 909 institutum,
1627 817 1866 912 absque
1907 823 2164 892 licentia
2207 824 2426 894 Ponti-

166 939 327 1026 ficia‚
366 939 691 1008 Ordinarii
738 941 1113 1008 auctoritate
1158 937 1365 1008 creari
1404 944 1470 1006 et
1495 937 1860 1030 approbari.
1909 937 2032 1008 Sed
2079 939 2192 1008 illa
2217 942 2421 1009 sancti

171 1054 261 1124 Pii
280 1054 339 1124 V
362 1055 723 1123 constitutio
743 1075 819 1122 ex
849 1061 1025 1143 parte
1044 1054 1259 1143 vigere
1292 1053 1518 1138 desiit3
1559 1076 1816 1143 nempe,

260 1168 609 1237 Psorosmo
636 1167 771 1237 111².
818 1207 909 1220 -
932 1172 1088 1241 Non
1117 1168 1421 1237 obstante
1446 1169 1662 1236 saneti
1687 1168 1802 1236 Pii
1847 1172 1906 1238 V
1923 1169 2418 1258 constitucione,

175 1285 357 1353 licitoe
384 1297 607 1376 postea
632 1285 917 1374 fuerunt
944 1297 1010 1351 et
1043 1281 1397 1354 hodiedum
1425 1295 1584 1352 sunt
1626 1283 2028 1352 monialium
2065 1305 2424 1376 eonqreqa-

176 1400 385 1480 tioneS,
428 1399 733 1468 clausura
776 1411 841 1468 et
871 1399 1039 1468 votis
1064 1399 1460 1468 solemnibus
1479 1411 1770 1468 carentes
1777 1421 1808 1484 ,·
1834 1401 1938 1468 ita
1969 1411 2196 1469 tamen
2231 1413 2308 1469 ut
2335 1402 2422 1470 ab

170 1513 453 1582 Ecclesia
480 1514 815 1600 toleratae,
854 1536 993 1581 non
1029 1527 1257 1582 autem
1296 1514 1686 1605 approbatae
1713 1514 1959 1584 censens·
1983 1514 2286 1584 debeant.
2333 1555 2422 1568 —

172 1635 227 1696 1ο
252 1629 505 1698 Certum
534 1638 631 1698 est
660 1649 1091 1719 perseverasse
1116 1639 1470 1699 conventus
1497 1630 1964 1700 Tertiariarum
1989 1632 2230 1721 absque
2257 1635 2422 1703 votis

170 1743 543 1814 solemnibus
574 1750 637 1814 et
679 1725 977 1814 clausura
1022 1744 1422 1834 degentium.
1455 1744 1531 1812 ln
1577 1746 1710 1813 sola
1739 1746 2128 1815 Bononiensi
2161 1749 2422 1817 dioecesi

170 1861 631 1950 quatuordecim
652 1862 957 1930 exstitisse
984 1859 1361 1952 hujusmodi
1388 1865 1766 1944 conventus,
1794 1882 1928 1949 quo
1956 1867 2242 1950 tempore
2259 1863 2418 1930 dioe·

176 1976 359 2044 cesim
390 1976 550 2044 hanc
588 1981 863 2066 regeret,
898 1979 1159 2042 testatur
1204 1971 1584 2041 Benedictus
1621 1971 1778 2042 xlv
1806 1973 2236 2062 (institutione
2266 1973 2420 2058 105,

172 2113 231 2160 n.
270 2091 393 2182 76).
440 2090 517 2159 Et
554 2098 785 2162 notum
828 2098 925 2159 est
969 2088 1214 2179 ubique
1256 2093 1576 2156 terrarum
1617 2087 1810 2156 hosce
1839 2092 2195 2156 conventus
2227 2087 2426 2156 fuisse

172 2209 730 2277 numerosissimos.
783 2207 851 2274 2⁰
893 2204 1081 2287 Quod
1144 2211 1359 2274 autem
1410 2204 1590 2272 sedes
1648 2202 2020 2294 Apostolica
2084 2223 2192 2270 eos
2247 2203 2424 2272 dun-

169 2329 319 2391 taxat
352 2323 763 2412 toleraverit,
812 2343 945 2390 non
990 2327 1207 2388 autem
1250 2321 1453 2388 sancti
1492 2317 1592 2387 Pii
1635 2317 1696 2386 V
1725 2319 1980 2386 decreto
2024 2317 2428 2408 derogaverit

172 2461 431 2528 expresse
474 2461 583 2509 eos
628 2437 1070 2530 approbando,
1118 2436 1314 2504 tradit
1351 2433 1526 2504 idem
1577 2433 1965 2504 Benedictus,
2006 2432 2160 2504 XlV
2206 2435 2422 2525 (citata

172 2556 541 2625 institutione
590 2555 744 2642 105,
796 2575 865 2622 n.
925 2551 1081 2642 76):
1144 2576 1179 2615 α
1226 2550 1424 2619 Sedes
1471 2549 1867 2640 Apostolica,
1925 2550 2164 2640 inquit,
2217 2553 2308 2618 ita
2354 2572 2421 2618 se

184 2693 221 2732 «ι
250 2673 443 2757 gessit,
498 2676 579 2739 01
635 2669 889 2738 easdem
945 2667 1315 2743 Tertiarias,
1372 2685 1502 2731 non
1561 2663 1826 2750 quidem
1881 2685 1998 2730 sua
2051 2667 2426 2734 auctoritate

187 2809 221 2846 (ι
256 2787 546 2874 probaret,
598 2785 709 2856 sed
755 2785 897 2852 illas
940 2785 1263 2863 toleraret,
1305 2785 1367 2846 et
1405 2776 1738 2867 Episcopis
1775 2776 2094 2864 subjectas
2137 2778 2425 2845 declara·

188 2923 221 2962 α
252 2909 351 2968 ret.
400 2929 431 2968 »
484 2903 671 2971 Idem
718 2907 987 2986 constat,
1042 2920 1119 2965 ex
1168 2895 1362 2963 variis
1404 2891 1618 2962 Sacrae
1675 2891 2202 2979 Congregationis
2248 2891 2425 2958 Con-

178 3013 303 3082 01111
338 3015 891 3088 declarationibus.
938 3012 1155 3104 (Vide,
1189 3010 1357 3078 inter
1392 3009 1576 3091 alias,
1610 3027 1870 3074 causam
1909 3006 2420 3092 Sunonensem,

174 3127 257 3198 30
286 3131 559 3221 januarii
594 3129 821 3221 1723).
856 3128 919 3198 3⁰
952 3127 1129 3196 Idem
1169 3124 1340 3215 quod
1374 3123 1454 3192 de
1489 3122 1810 3212 praedictis
1845 3119 2173 3188 Tertiariis
2201 3122 2426 3190 dicen-

175 3242 323 3310 dum
345 3255 400 3313 et
422 3250 499 3316 de
528 3246 671 3314 aliis
700 3244 1083 3313 monialium
1114 3241 1452 3323 institutiS,
1475 3237 1844 3306 clausuram
1866 3241 1927 3301 et
1955 3240 2097 3302 vota
2117 3233 2426 3304 solemnia

174 3377 299 3426 non
343 3361 739 3432 habentibus.
794 3359 983 3440 Quod
1028 3359 1253 3425 saltem
1302 3356 1383 3423 ab
1428 3353 1716 3422 Ecclesia
1771 3350 2147 3438 tolerentur,
2187 3351 2427 3442 probat

170 3479 521 3562 quotidiana
572 3477 825 3569 praxis3
868 3473 1189 3564 siquidem
1232 3473 1534 3558 frequens
1571 3475 1666 3536 est
1706 3473 1777 3535 01
1813 3468 2131 3555 ejusmodi
2179 3470 2426 3537 monia-

166 3588 323 3660 lium
350 3593 589 3685 regulae
614 3615 653 3661 a
698 3592 845 3660 sede
873 3589 1241 3681 Apostolica
1278 3585 1722 3677 approbentur
1753 3589 1817 3650 et
1841 3583 2332 3664 confirmentur,
2365 3589 2429 3648 et

162 3708 347 3776 variae
390 3710 633 3778 eisdem
688 3704 906 3796 gratiae
952 3703 1427 3794 impertiantur.
1483 3698 1670 3778 Quod
1721 3703 1934 3766 tamen
1980 3695 2276 3782 regulam
2331 3695 2424 3762 sic

160 3824 561 3910 approbando
612 3829 676 3891 et
718 3823 951 3910 gratias
1002 3816 1410 3888 concedendo
1465 3814 1644 3882 sedes
1699 3812 2062 3903 Apostolica
2119 3830 2276 3877 non·
2310 3809 2424 3876 in-

160 3939 375 4008 tendat
422 3945 791 4014 institutum
851 3941 1069 4031 ipsum
1120 3939 1477 4030 approbare
1497 3985 1516 4021 ‚
1573 3935 1684 4002 sed
1739 3935 2046 4004 duntaxat
2113 3929 2378 3998 tolerare
2401 3983 2418 4018 ,

162 4056 381 4140 probat
402 4058 693 4128 clausula
726 4055 1045 4126 salutaris
1074 4058 1175 4146 (ut
1213 4053 1452 4142 aiunt),
1487 4071 1634 4141 quae
1659 4050 1808 4118 addi
1837 4047 2017 4129 solet,
2059 4045 2166 4112 his
2193 4053 2302 4112 aut
2329 4048 2426 4115 si-

164 4167 421 4242 milibus
444 4173 681 4252 verbu,
708 4171 883 4240 eitra
912 4183 1135 4240 tamen
1160 4166 1712 4262 approbationem
1732 4161 1898 4230 dicti
1922 4172 2299 4247 conventus,
2324 4160 2429 4228 vel

166 4289 647 4374 conservatorii,
680 4287 804 4374 vel,
836 4311 973 4357 non
1001 4300 1225 4355 tamen
1252 4281 1660 4353 intendimus
1677 4299 1804 4368 per
1822 4287 2182 4368 praesentes
2207 4276 2426 4365 ipsum

168 4404 713 4475 conservator-ium
740 4404 816 4473 in
842 4404 1073 4494 aliquo
1106 4400 1500 4494 approbare.
1545 4423 1579 4462 α
1603 4395 1760 4475 Quae
1795 4391 2158 4484 (clausula),
2191 4394 2280 4462 ait
2303 4391 2428 4462 Be-
