2834 4959
1059 334 1211 386 PARS
1264 335 1481 384 rums.
2288 335 2397 404 ¹31

49 515 51 518 <
163 483 418 562 tempore
435 487 622 535 veros
651 463 998 556 reliqiosos
1035 488 1171 534 non
1198 466 1541 537 eaestitisse.
1580 503 1671 522 -
1700 466 2031 560 Distingui
2064 471 2223 540 solet
2260 475 2408 543 reli-

159 584 295 674 giosi
313 590 510 653 status
537 580 851 672 professio
876 581 949 648 in
985 603 1360 673 expressam
1398 591 1463 651 et
1492 584 1791 652 tacitam.
1824 583 2134 676 Expressa
2173 586 2413 658 dicitur

157 699 384 792 quando
413 697 800 788 religionem
829 697 1167 789 profitens,
1209 697 1282 767 id
1307 698 1521 768 verbis
1563 699 1898 786 enuntiat3
1933 703 2413 792 pronuntiando

48 897 50 902 ,
155 814 378 884 scilieet
418 812 772 882 formulam
812 811 1086 903 triplicis
1144 812 1274 882 voti
1323 815 1744 906 paupertatis,
1793 815 2101 884 castitatis
2146 823 2209 884 et
2260 817 2413 888 obe-

48 969 50 976 ·
154 931 416 1010 dientiae,
468 936 529 998 et
571 927 1034 1019 permanentiae
1086 931 1155 997 in
1205 929 1423 1018 aliquo
1474 928 1779 1020 religioso
1822 929 2140 1002 instituto.
2191 931 2411 1004 Tacita

157 1054 364 1116 autem
433 1044 735 1134 professio
797 1050 1090 1129 vocatur,
1159 1043 1421 1134 quando
1488 1043 1821 1136 profitens,
1877 1046 2050 1115 hanc
2114 1049 2409 1118 eamdem

154 1181 332 1230 suam
389 1161 814 1244 voluntatem,
867 1159 982 1228 etsi
1035 1159 1250 1229 verbis
1305 1179 1440 1227 non
1498 1161 1857 1251 exprimat,
1916 1161 2135 1252 aliquo
2192 1169 2412 1234 tamen

156 1284 394 1346 externo
455 1276 668 1367 signo,
727 1274 937 1366 quoad
985 1275 1110 1344 hoc
1157 1273 1451 1344 adhiberi
1499 1275 1687 1344 solito
1718 1331 1737 1362 ,
1794 1275 2191 1348 sufficienter
2240 1288 2411 1372 pate-

153 1393 294 1462 facit
305 1419 323 1478 3
375 1391 549 1460 verbi
589 1391 820 1482 gratia,
859 1390 1236 1481 religiosum
1279 1387 1579 1459 habitum
1622 1391 2038 1477 assumend0,
2068 1393 2169 1462 vel
2210 1397 2411 1486 capil-

151 1510 342 1576 iorum
384 1505 717 1576 abra-sioni
756 1525 890 1574 sese
921 1503 1354 1592 subjiciendo,
1388 1504 1491 1573 vel
1540 1503 1893 1574 formulam
1942 1507 2204 1594 quidem
2252 1531 2409 1600 pro-

151 1621 508 1701 nuntiando,
543 1619 656 1689 sed
697 1640 844 1710 quae
887 1621 1012 1687 tria
1037 1625 1184 1688 vota
1212 1640 1344 1688 non
1389 1620 1735 1711 exprimat.
1772 1619 1971 1691 Porro
2009 1625 2180 1713 quod
2224 1625 2410 1693 suffi-

151 1758 268 1808 cere
301 1737 500 1829 possit
539 1734 846 1825 professio
873 1734 1112 1822 tacita,
1145 1740 1216 1802 ut
1255 1735 1400 1824 quis
1430 1756 1621 1804 verus
1650 1733 1995 1825 religiosus
2037 1738 2284 1824 evadat,
2318 1749 2411 1807 est

150 1852 456 1921 unanimis
475 1850 934 1939 theologorum
959 1856 1023 1919 et
1049 1851 1533 1919 canonistarum
1566 1849 1883 1918 doctrina.
1919 1851 2161 1919 lnvicte
2189 1859 2405 1920 autem

150 1967 442 2056 probatur
482 1987 554 2035 ex
588 1988 669 2035 eo
714 1965 890 2055 quod
931 1965 1303 2055 frequenter
1331 1970 1637 2055 usurpata
1666 1964 1861 2032 fuerit
1889 1965 2029 2032 haec
2070 1965 2413 2054 profitendi

149 2086 333 2156 forma
357 2085 440 2154 iis
474 2085 673 2155 etiam
701 2084 1170 2153 recentioribus
1205 2081 1483 2168 saeculiS,
1518 2083 1586 2150 in
1618 2083 1859 2174 quibus
1895 2105 2077 2150 veros
2104 2085 2413 2152 exstitisse

147 2203 452 2289 religiosos
477 2180 768 2270 fatentur
793 2220 1042 2268 omnes.
1075 2197 1289 2280 Quam
1319 2182 1764 2288 probationem
1803 2219 1955 2266 cum
1986 2197 2218 2266 eximie
2254 2221 2409 2266 con-

143 2315 530 2386 cinnaverint
580 2310 1471 2385 moderniores‘Bollandiani
1521 2312 1852 2403 (Examen
1914 2312 2074 2380 libri
2115 2315 2416 2382 Mariani
2544 2307 2547 2312 ’

153 2431 526 2518 Ιένήοευεπ,
573 2451 726 2522 pag.
774 2429 858 2498 16
895 2435 956 2498 et
995 2428 1187 2520 seq.),
1238 2450 1381 2497 eam
1424 2449 1541 2496 nos
1586 2429 1723 2510 hic,
1776 2448 1895 2519 pro
1946 2431 2043 2498 rei
2076 2433 2406 2526 gravitate,

141 2545 685 2614 transcribendam
713 2545 1044 2614 duximus.

223 2657 382 2746 [Hoc
429 2659 576 2728 loco
621 2659 894 2750 expedit,
943 2656 1278 2748 inquiunt,
1324 2656 1573 2747 aliquid
1631 2657 1711 2726 de
1760 2656 1955 2724 variis
2001 2641 2411 2747 professionis

135 2771 444 2844 faciendae
497 2773 704 2842 modis
755 2779 1086 2844 annotare.
1149 2771 1449 2842 Testatur
1511 2771 1580 2840 S.
1647 2769 1925 2841 Basilius
1988 2771 2060 2840 in
2135 2776 2413 2841 secunda

137 2889 403 2979 epistola
453 2891 754 2960 canonica
803 2889 886 2958 ad
935 2887 1509 2979 Amphilochium,
1565 2893 1907 2978 postquam
1958 2885 2037 2954 de
2076 2888 2411 2976 virginum

133 3005 522 3096 professione
567 3005 825 3076 locutus
873 3003 1080 3073 fuerat
1120 3004 1208 3096 (1)
1269 3029 1284 3072 :
1359 3021 1396 3072 α
1442 3002 1755 3072 Virorum
1804 3009 2019 3072 autem
2076 3003 2411 3092 professio·

143 3145 172 3182 ιι
213 3143 326 3191 nes
367 3144 502 3193 non
550 3121 884 3204 novimuS,
923 3123 1358 3212 praeterquam
1391 3119 1446 3186 si
1494 3116 1610 3207 qui
1639 3119 1882 3210 seipsos
1925 3118 2411 3185 monazontium

144 3267 174 3304 α
215 3243 422 3312 ordini
465 3240 906 3334 adjudicarint
923 3268 943 3330 ;
1001 3240 1117 3330 qui
1172 3238 1362 3308 tacite
1409 3239 1713 3307 videntur
1754 3237 2123 3307 coelibatum
2167 3239 2411 3307 admit-

137 3382 167 3420 «
215 3363 346 3426 tere
402 3383 419 3424 z
466 3357 578 3426 sed
623 3357 697 3425 in
749 3355 879 3426 illis
925 3376 1186 3446 quoque
1233 3353 1399 3424 illud
1449 3353 1743 3422 existimo
1803 3353 2167 3445 praecedere
2210 3377 2409 3447 opor-

138 3497 164 3534 α
209 3481 362 3562 tere,
427 3478 507 3541 ut
558 3471 690 3563 ipsi
751 3470 1263 3560 interrogentur,
1321 3473 1386 3538 et
1435 3452 1697 3537 evidens
1760 3487 1989 3538 eorum
2054 3470 2413 3562 accipiatur

136 3617 164 3652 <t
201 3591 542 3681 professio.
575 3613 614 3654 x·
645 3585 748 3658 En
777 3586 1160 3657 divisionem
1190 3583 1605 3678 professionis
1635 3583 1709 3654 in
1744 3607 2122 3679 expressam
2146 3593 2207 3654 et
2236 3587 2411 3655 taci-

133 3717 283 3792 tam,
330 3707 420 3774 ab
464 3703 782 3774 omnibus
817 3700 1134 3793 theologis
1172 3706 1364 3793 atque
1392 3700 1589 3770 etiam
1634 3701 1707 3770 in
1752 3701 1910 3773 Jure
1956 3702 2268 3774 canonico
2314 3700 2407 3791 (2)

127 3815 490 3886 admissam.
545 3813 770 3885 Tacita
819 3814 1086 3906 quidem
1135 3811 1445 3906 professio
1486 3831 1668 3882 nunc
1714 3815 1937 3886 minus
1991 3815 2217 3883 usitata
2266 3817 2403 3895 est3

183 4157 246 4218 (ι)
265 4155 438 4222 Epist.
481 4158 594 4216 199,
623 4155 750 4206 aim
770 4159 820 4217 2,
852 4154 918 4205 ad
949 4153 1302 4220 Amphiloch„
1325 4153 1388 4205 de
1423 4163 1635 4216 canon„
1665 4155 1788 4202 tom.
1820 4153 1849 4200 3
1878 4147 2116 4210 operum,
2145 4161 2257 4212 pag.
2289 4153 2407 4208 292,

133 4242 250 4386 mg)
265 4243 676 4386 giga-‘mmm'
693 4323 758 4376 de
779 4323 1016 4388 Regular.
1041 4322 1154 4386 (ub.
1184 4325 1232 4383 3,
1249 4323 1333 4372 ut.
1369 4321 1485 4384 ³1);
1508 4320 1570 4372 C.
1602 4317 2037 4409 affirmationem,
2064 4315 2125 4367 de
2150 4316 2405 4380 Regulam„

133 4410 176 4460 in
201 4412 352 4464 sexto
377 4411 493 4476 (uh.
523 4414 574 4474 a,
597 4414 683 4463 tn.
733 4415 832 4475 14).
