2834 4959
374 354 501 413 642
930 352 1268 401 mcnws
1306 352 1386 399 DS
1431 350 1580 399 «lm
1625 348 2044 397 mummi.

372 483 679 571 injustam
716 476 877 563 fore,
934 473 991 543 si
1044 472 1127 541 ad
1180 472 1644 541 conscientiam
1697 466 2168 539 extenderetur.
2215 468 2306 536 At
2363 487 2519 540 vero
2563 473 2640 542 in

368 594 701 691 posteriori
750 610 927 669 casu,
972 594 1394 679 praeoeptnm‚
1445 588 1642 655 etiam
1670 590 1984 675 quatenus
2027 583 2482 655 conscientiam
2525 593 2639 657 at·-

366 716 649 803 tingens‚
705 706 877 777 nihil
923 706 1132 796 pravi,
1176 702 1348 771 nihil
1394 703 1624 793 injusti
1669 698 1959 770 involvit.
2011 696 2204 779 Quod
2231 702 2414 769 enim
2461 704 2631 793 quis,

361 828 517 899 licet
560 822 841 893 invalide
880 819 1222 913 professus,
1255 820 1327 888 in
1380 816 1765 889 monasterio
1811 821 2173 896 remaneat,
2219 822 2286 884 et
2319 818 2642 906 regulari·

364 946 490 1014 bus
524 936 941 1012 observantiis
964 957 1100 1005 sese
1143 934 1470 1026 subjiciat,
1529 952 1942 1024 nequaquam
1989 952 2272 1023 pravum
2319 940 2444 1019 est,
2473 934 2590 1015 sed
2613 956 2646 1003 e

368 1064 593 1130 contra
616 1074 777 1147 opus
816 1053 895 1123 de
924 1074 995 1121 se
1036 1050 1223 1120 valde
1273 1051 1625 1142 perfectum
1671 1057 1734 1117 et
1777 1066 2058 1115 summan
2083 1044 2406 1115 utilitatis.
2467 1047 2642 1139 Ergo

366 1173 435 1240 in
476 1168 813 1264 posteriori
862 1190 1014 1237 casu
1060 1166 1444 1259 applicanda
1464 1166 1643 1234 venit
1669 1162 2034 1255 pmcedens
2075 1162 2430 1245 conclusio,
2466 1164 2642 1253 quod

366 1308 603 1377 nempe
631 1293 788 1357 tunc
826 1292 1219 1380 praeceptnm
1248 1286 1321 1353 in
1366 1282 1756 1353 conscientia
1781 1279 2074 1370 obligare
2097 1280 2504 1347 censendum
2529 1281 2632 1349 sit.

362 1398 539 1493 Ergo
592 1404 828 1495 paritas
864 1403 1031 1487 haec,
1062 1420 1207 1491 quae
1256 1398 1484 1467 multis
1526 1397 1750 1466 fucum
1793 1394 1969 1481 fecit,
2028 1393 2274 1463 nullius
2315 1394 2632 1463 momenti

362 1524 478 1587 est.
1747 1550 1756 1559 -

446 1628 817 1699 Scholium.
846 1668 939 1683 —
990 1630 1327 1720 Perpensis
1370 1627 1710 1717 utriusque
1773 1625 2096 1696 sententiae
2133 1621 2496 1708 momentis,
2523 1621 2617 1689 fa-

362 1750 496 1815 teor
532 1767 639 1814 me
683 1746 764 1814 ad
810 1744 1103 1837 Fagnani
1140 1744 1518 1837 opinionem
1547 1744 1965 1811 vehementer
2013 1738 2278 1831 impelli.
2309 1738 2609 1806 Attamen

359 1862 779 1931 communior
800 1868 897 1932 est
914 1860 1237 1953 opposita:
1267 1861 1405 1928 imo
1428 1858 1810 1951 simpliciter
1837 1877 2252 1927 communem
2267 1874 2414 1921 eam
2427 1850 2622 1920 multi

358 1984 613 2049 vocant.
644 1977 1045 2071 Quapropter
1073 1974 1243 2045 nihil
1268 1976 1558 2046 absolute
1581 1973 2106 2044 concludendum
2139 1972 2320 2041 duxi.

1264 2318 1542 2389 CAPUT
1577 2318 1694 2389 xl.

352 2542 435 2589 Au
481 2540 805 2587 Pnornssm
846 2538 1145 2585 nummu
1181 2514 1401 2587 mussa
1445 2539 1699 2587 OBLIGET
1742 2538 2106 2594 QUANDOQUE
2152 2540 2236 2584 An
2289 2540 2622 2587 REMIOEH·

391 2640 519 2685 nm!
562 2640 627 2685 m
658 2636 1005 2699 RELIGIONE,
1040 2638 1117 2683 ET
1154 2639 1395 2685 VALEAT
1437 2640 1671 2685 SALTBH
1707 2638 2000 2692 TANQUAM
2043 2636 2252 2685 vomu
2275 2639 2532 2685 smi‘mx
2555 2625 2588 2687 T

438 2871 702 2940 Certum
728 2877 823 2939 est
849 2867 1299 2939 Tridentinam
1328 2868 1672 2957 synodum,
1695 2868 2097 2937 annullando
2126 2870 2616 2960 professionem,

350 2995 497 3057 ante
528 2986 808 3077 expletos
826 2984 1145 3053 sexdecim
1168 3005 1371 3052 annos
1392 2990 1502 3051 aut
1517 2982 1811 3054 nondum
1828 2984 2014 3055 finito
2034 2984 2426 3076 probationis
2450 2994 2615 3057 tem·

348 3124 502 3193 pore
548 3103 875 3187 emissam,
918 3100 1118 3168 simul
1164 3098 1528 3183 decernere,
1575 3105 1650 3167 ut
1685 3099 1992 3191 professio
2050 3101 2145 3169 sic
2171 3101 2429 3169 nulliter
2451 3101 2618 3171 facta

346 3218 612 3285 nullam
634 3214 913 3285 inducat
939 3214 1407 3305 obliqationem
1435 3213 1528 3283 ad
1551 3237 1972 3307 quoscunque
1997 3216 2270 3307 effectus
2293 3218 2448 3309 (cap.
2481 3218 2595 3301 15,

346 3352 496 3399 sess,
526 3330 639 3411 25,
672 3328 751 3397 de
772 3327 1261 3421 Reqularibus).
1293 3329 1452 3399 ltem
1477 3330 1774 3399 Clemens
1795 3329 1970 3415 vul,
2004 3332 2416 3422 protensiones
2449 3352 2604 3423 quae

345 3448 515 3515 flunt
574 3452 745 3513 extra
797 3451 1147 3514 conventus
1203 3446 1590 3534 designatos,
1645 3445 1872 3515 nullas
1927 3457 1990 3515 et
2037 3447 2268 3517 irritas
2339 3471 2468 3519 esse
2515 3450 2610 3519 ad

346 3590 793 3661 quemcunque
820 3568 1133 3659 effectum
1152 3568 1441 3637 decernit
1465 3576 1526 3635 et
1565 3568 1839 3639 declarat
1883 3571 1980 3661 (in
2021 3569 2274 3641 decreto
2297 3574 2600 3643 Sancte}-

342 3685 580 3771 simus,
624 3684 713 3753 20
733 3684 909 3775 junii
941 3683 1164 3775 1599).
1213 3684 1318 3751 An
1372 3690 1589 3753 autem
1629 3707 1705 3754 ex
1755 3686 1891 3773 istis
1941 3684 2244 3757 formulis
2277 3696 2597 3779 sequatur,

344 3820 459 3891 per
523 3799 939 3891 professiones
993 3798 1257 3867 nullitcr
1304 3798 1568 3869 emissas
1627 3822 1974 3891 nunquam
2039 3803 2264 3875 induci
2313 3813 2596 3874 votorum

341 3916 743 4006 simplicium
789 3914 1272 4000 obligationem,
1324 3936 1504 3982 nunc
1557 3914 2050 4006 expendendum
2077 3927 2194 3988 est.
2239 3920 2342 3998 De
2361 3944 2488 4011 quo
2517 3920 2590 3987 sit

430 4032 803 4101 Pnorosmo
843 4030 925 4098 1¹.
958 4067 1048 4083 —
1074 4028 1394 4119 Professio
1441 4028 1638 4097 nulla
1669 4052 1753 4099 ex
1793 4029 2050 4121 defectu
2095 4054 2458 4118 consen-sm,
2481 4054 2582 4101 seu

338 4151 488 4236 ficte
521 4147 786 4225 emissa,
807 4166 928 4237 per
960 4168 1024 4213 se
1046 4168 1248 4237 neque
1266 4144 1361 4212 ad
1381 4147 1858 4217 remanendum
1885 4149 1956 4216 in
1985 4150 2309 4241 reliqione
2329 4149 2584 4239 obliqat,

336 4284 540 4354 neque
574 4262 715 4329 vim
750 4261 892 4328 voti
915 4260 1245 4352 simplicis
1284 4261 1611 4331 castitatis
1633 4261 1899 4331 inducit
1920 4285 1945 4332 .·
1983 4264 2046 4333 st'
2065 4277 2294 4337 tamen
2323 4270 2420 4337 ita
2441 4286 2590 4357 pro-

337 4377 545 4463 fessus
588 4376 926 4463 fictionem
956 4374 1245 4466 probare
1284 4388 1588 4466 nequeat,
1643 4377 1778 4468 ipsi
1823 4404 1960 4451 non
2015 4380 2170 4453 licet
2201 4407 2237 4453 e
2283 4382 2586 4475 reliqz'one
