2834 4959
371 278 499 337 482
954 282 1293 331 moruus
1336 282 1420 329 nn
1453 280 1606 330 mna
1643 280 2057 329 anonumum.

462 408 764 501 Objicics.
806 444 896 459 --
932 404 1065 475 Etsi
1092 405 1343 473 dictum
1376 403 1537 471 illud
1575 401 1826 471 domini
1861 399 2154 471 Carriere
2207 406 2638 475 universalem

367 544 629 595 sensum
655 543 789 617 prae
814 542 881 591 se
908 521 1089 607 ferat,
1114 526 1329 589 tamen
1370 517 1654 609 benigne
1681 518 2088 607 interpretari
2121 526 2329 609 potest
2363 521 2436 591 in
2459 542 2640 593 sensu

363 640 696 724 restrict03
732 638 821 705 ita
848 642 919 704 ut
972 656 1213 726 nempe
1262 633 1565 703 excludat
1611 654 1712 702 res
1737 630 2132 723 temporales
2179 637 2638 729 spiritualibus

362 778 679 827 annexas.
710 792 795 807 -
814 752 1047 823 Nescio
1068 774 1153 822 an
1181 752 1534 843 benignam
1567 748 1748 820 illam
1780 750 2374 841 interpretationem
2403 776 2632 847 accep-

360 869 519 943 tabit
553 868 844 939 laudatus
872 872 1125 953 auctor3
1180 866 1333 956 quia
1378 871 1538 935 tunc
1593 867 1729 933 ruit
1775 870 1982 933 totum
2033 886 2170 955 quo
2225 868 2454 937 nititur
2503 872 2634 957 ejus

360 987 840 1080 argumentatio
870 984 1398 1053 fundamentum.
1434 980 1602 1051 Nam
1631 986 1782 1050 noto
1831 972 2049 1050 notius
2091 988 2186 1051 est
2247 982 2634 1074 incapacita-

358 1110 491 1176 tem
521 1102 796 1173 dominii
814 1100 884 1171 in
914 1100 1227 1191 religiosis
1244 1116 1381 1168 esse
1402 1116 1726 1166 annexam
1759 1096 1960 1165 alicui
2003 1096 2100 1165 rei
2123 1098 2470 1188 spirituali,
2497 1106 2636 1169 voto

362 1239 601 1311 nempe
623 1214 1037 1309 paupertatis.
1071 1211 1347 1283 Proinde
1398 1211 1456 1279 si
1483 1210 1786 1281 Ecclesiae
1837 1202 2277 1301 jurisdictioni
2323 1212 2636 1305 subjectas

360 1332 683 1425 relinquat
706 1352 807 1401 res
825 1328 1208 1420 temporales
1232 1324 1700 1417 spiritualibus
1729 1348 2051 1415 annexas,
2101 1346 2500 1419 consequens
2543 1337 2640 1399 est

362 1456 433 1519 ut
453 1449 535 1518 de
581 1446 695 1515 illa
724 1446 1071 1537 capacitate
1088 1465 1165 1513 ac
1188 1442 1606 1535 incapacitate
1620 1442 1970 1513 decernere
1995 1442 2076 1511 ad
2105 1442 2452 1515 Ecclesiam
2481 1467 2638 1537 per·-

361 1567 583 1633 tineat.

450 1679 815 1748 Annon-rio
842 1672 949 1743 11⁸.
982 1710 1075 1725 —
1092 1670 1444 1741 Probabile
1469 1671 1602 1764 ipsi
1645 1683 1768 1756 est,
1807 1671 2306 1765 incapacitatem
2347 1672 2640 1745 dominii

361 1795 433 1863 in
464 1790 799 1882 reliqiosis
828 1788 1036 1880 fuisse
1060 1786 1254 1857 initio
1284 1784 1631 1857 inductam
1651 1787 2011 1881 potestatis
2033 1788 2394 1871 saecularis,
2415 1786 2484 1857 id
2501 1802 2634 1877 est,

362 1911 739 1984 Iustiniani
758 1909 1181 1979 auctoritate.
1220 1905 1403 1976 -ld
1447 1928 1532 1977 ne
1560 1908 1662 1979 vel
1711 1909 2072 1980 minimum
2113 1908 2442 2002 probabile
2466 1930 2633 1999 esse,

360 2030 515 2099 satis
538 2028 853 2097 evincunt
896 2023 1192 2119 superius
1220 2022 1452 2115 (capite
1480 2024 1548 2115 4)
1577 2023 1874 2095 deducta.
1913 2024 2035 2095 Sed
2065 2024 2176 2095 hic
2223 2025 2642 2117 pandendum

360 2144 695 2223 duximus,
748 2162 947 2231 quam
992 2140 1298 2209 inanibus
1352 2139 1712 2209 rationibus
1767 2140 2010 2210 nitatur
2050 2140 2453 2210 Reverendus
2509 2140 2631 2209 do-

396 2255 923 2327 minusCarriere
954 2254 1037 2323 ad
1063 2251 1474 2323 asserendam
1503 2256 1646 2344 eJus
1657 2254 1833 2323 modi
1871 2255 2427 2346 probabilitatem.
2455 2252 2648 2323 Post·

366 2394 567 2465 quam
604 2392 861 2462 nempe,
893 2390 1168 2438 numero
1206 2368 1341 2439 203
1380 2375 1685 2439 tractatus
1715 2372 1816 2440 sui
1861 2368 1940 2440 de
1987 2371 2293 2459 lustitia,
2323 2374 2650 2441 enarravit

368 2511 405 2560 a
446 2487 811 2559 lustiniano
842 2486 1159 2555 sancitam
1188 2483 1381 2554 tuisse
1427 2484 1598 2555 hanc
1639 2486 2088 2577 religiosorum
2121 2487 2648 2577 incapacitatem,

366 2613 429 2673 et
495 2602 577 2673 ad
623 2602 807 2672 illam
860 2600 1263 2691 imperialem
1326 2602 1728 2671 sanctionem
1771 2601 2064 2672 allusisse
2115 2600 2185 2671 S.
2245 2600 2648 2693 Gregorium

368 2718 685 2809 Magnum
748 2718 821 2786 in
874 2714 1153 2807 quadam
1206 2736 1323 2785 sua
1388 2716 1681 2808 epistola,
1745 2716 2120 2808 aggreditur
2168 2739 2450 2787 numero
2513 2718 2652 2789 206

368 2840 750 2925 praesentem
793 2832 1239 2923 quaestionem,
1272 2852 1355 2899 an
1412 2831 1658 2901 scilicet
1713 2830 1886 2921 leges
1940 2833 2067 2903 111ae
2120 2832 2504 2919 Justiniani,
2541 2856 2654 2925 per

368 2973 436 3021 se
486 2958 551 3019 et
592 2946 1095 3041 independenter
1151 2944 1235 3014 ab
1288 2944 1598 3015 Ecclesiae
1649 2946 2052 3015 ordinatione
2103 2946 2330 3016 validm
2363 2950 2646 3017 suerint.

372 3068 467 3139 De
494 3086 625 3155 quo
670 3064 865 3133 refert
924 3062 1133 3152 primo
1184 3060 1544 3129 doctrinam
1601 3058 1912 3145 Suaresii,
1969 3082 2224 3153 nempe,
2265 3063 2376 3131 vel
2423 3065 2656 3135 lusti-

368 3182 657 3251 nianum
686 3200 766 3247 ex
786 3196 1101 3247 consensu
1146 3174 1552 3265 Pontificum
1579 3176 1730 3245 illas
1768 3174 2164 3267 condidisse,
2197 3178 2306 3249 vel
2333 3192 2510 3247 certe
2535 3204 2660 3250 eas

364 3297 571 3389 fuisse
592 3314 891 3384 expresso
921 3290 1029 3359 vel
1050 3290 1253 3359 tacito
1278 3290 1602 3378 Ecclesiae
1627 3314 1942 3362 consensu
1963 3292 2309 3363 admissas.
2333 3292 2514 3363 Tum
2549 3298 2656 3365 sic

370 3410 593 3481 addit:
620 3404 875 3475 Eodem
902 3428 1092 3475 sensu
1111 3405 1484 3495 loquuntur·
1499 3404 1802 3498 plerique
1813 3420 2137 3492 auctores,
2157 3419 2526 3479 asserentes
2561 3414 2662 3481 te-

368 3548 521 3622 qem
545 3522 798 3595 civilem
825 3516 1031 3612 fuisse
1053 3517 1516 3591 carwnizatam
1543 3542 1665 3613 per
1715 3522 2260 3615 approbationem
2275 3524 2610 3595 Ecclesia?
2632 3545 2662 3611 ,·

373 3638 645 3731 ideoque
672 3635 1138 3727 reliqiosorum
1166 3634 1680 3726 incapacitatem
1735 3648 2045 3727 repetunt
2091 3660 2176 3706 ex
2216 3634 2660 3707 ordinatione

370 3754 680 3825 Ecclesioe
700 3774 723 3821 .·
754 3751 853 3819 ita
876 3772 1009 3819 non
1040 3748 1261 3818 solum
1300 3749 1589 3841 theoloqi
1623 3750 1927 3819 extranei
1943 3752 2064 3843 (l),
2093 3749 2207 3821 sed
2231 3763 2296 3818 et
2337 3752 2652 3822 nostri...

382 3866 565 3939 Unde
580 3876 993 3957 supponunt,
1020 3862 1201 3955 quod
1239 3864 1560 3955 expressis
1587 3864 1828 3953 verbis,
1857 3864 1973 3935 sed
2023 3888 2278 3958 semper
2313 3868 2464 3935 sine
2507 3867 2658 3936 ulla

373 3982 797 4067 discussione,
814 3976 1288 4047 asseritAlasia
1318 3975 1422 4067 (de
1441 3978 1740 4065 lustitia,
1749 4000 1918 4071 paq.
1940 3978 2075 4071 22),
2099 3978 2502 4068 Ecclesiam,
2525 3982 2660 4049 εἰε-

422 4186 494 4251 (1)
520 4186 774 4248 Frequens
795 4187 1007 4235 recurrit
1033 4180 1168 4247 spud
1196 4180 1456 4232 dominum
1485 4182 1710 4235 Carrtere
1737 4182 1984 4247 ejusmodi
2010 4186 2208 4249 nostros
2243 4184 2374 4235 inter
2398 4186 2448 4234 et
2473 4190 2658 4235 extra·

368 4288 487 4325 neos
506 4278 737 4324 auctores
764 4273 1032 4322 distinctio.
1064 4270 1211 4333 Quasi
1230 4272 1368 4333 parvi
1392 4270 1620 4322 facienda
1653 4276 1719 4323 stt
1739 4272 2002 4325 doctorum
2035 4276 2326 4337 auctoritas,
2355 4272 2398 4323 si
2423 4275 2546 4324 sint
2575 4286 2662 4325 ex·

364 4364 547 4425 tranei,
578 4362 789 4411 maximi
811 4368 983 4411 autem
1012 4363 1055 4411 si
1074 4359 1268 4411 Gallici.
