2834 4959
1068 319 1221 369 PARS
1265 321 1503 369 nsum.
2303 328 2338 379 4
2347 326 2384 382 3
2395 327 2420 383 1

162 444 285 513 fieri
316 464 357 513 a
380 438 781 511 scholasticis
802 438 1125 509 societatis
1164 440 1340 511 Jesu.
1397 442 1566 511 Cum
1609 443 1816 531 enim,
1837 446 2022 534 juxta
2055 449 2428 539 opinione-m

156 558 391 630 domini
418 556 739 641 Carriere,
769 554 1189 651 nonyaleant
1211 556 1339 626 nisi
1368 557 1784 650 simplicibus
1815 562 1976 631 votis
2031 586 2168 635 sese
2195 566 2428 656 ligare,

154 680 329 765 atque
346 678 495 742 vota
521 671 661 741 haec
679 672 819 764 jam
854 671 1219 759 emiserint,
1252 672 1582 747 incassum
1601 680 1665 743 et
1707 675 1945 747 absone
1967 680 2430 770 professionem

35 876 38 883 Ι
154 790 532 859 emitterent.

242 903 308 972 8⁰
358 890 639 973 Invalide
664 900 1059 991 eligerentur
1080 902 1415 991 generales
1443 881 1756 975 ordinum
1806 906 2260 999 religiosorum
2321 932 2430 985 su-

106 1018 121 1035 ·
158 1018 451 1109 periores.
488 1014 588 1085 Ad
626 1014 947 1107 ejusmodi
971 1017 1151 1086 enim
1196 1017 1540 1090 electiones
1591 1030 1992 1093 concurrunt
2049 1026 2338 1117 deputati
2395 1049 2434 1097 e

160 1132 425 1223 singulis
478 1130 823 1224 provinciis
860 1131 1153 1223 professi.
1219 1132 1351 1204 Nec
1412 1134 1582 1205 valet
1627 1143 1850 1207 votum
1907 1138 2225 1231 deputati,
2307 1142 2436 1211 nisi

162 1246 293 1339 ipse
315 1268 503 1317 verus
531 1247 615 1315 sit
635 1246 977 1338 professus,
1008 1254 1073 1319 et
1096 1269 1133 1318 a
1178 1250 1347 1319 veris
1390 1251 1692 1342 professis
1719 1254 2060 1347 deputatus
2104 1257 2319 1327 fuerit.
2353 1258 2432 1329 In

162 1360 458 1455 opinione
479 1368 697 1431 autem
739 1382 939 1453 quam
988 1364 1428 1449 confutamus,
1487 1368 1621 1439 veri
1673 1369 1966 1459 professi,
1995 1379 2106 1441 aut
2144 1372 2433 1461 legitime

163 1476 433 1568 deputati
457 1498 593 1546 non
634 1476 847 1547 forent
878 1478 1071 1547 multi
1089 1500 1163 1547 ex
1184 1480 1369 1551 dictis
1391 1482 1803 1554 elec-toribus.
1837 1484 1920 1555 Et
1959 1508 2209 1576 revera,
2264 1487 2432 1559 facto

163 1592 397 1664 calculo
424 1594 641 1685 quoad
666 1614 875 1685 nuper
899 1593 1135 1665 tactam
1164 1617 1203 1666 a
1266 1598 1564 1669 societate
1601 1598 1753 1669 Jesu
1783 1602 2102 1693 generalis
2132 1602 2240 1671 sui
2267 1603 2433 1674 elec-

162 1708 419 1794 tionem,
452 1714 789 1801 repertum
819 1714 913 1777 est
940 1730 1083 1779 eam
1112 1730 1229 1801 pro
1268 1710 1560 1783 invalida
1587 1711 1954 1789 habendam
1985 1718 2142 1801 lore,
2167 1739 2254 1785 ex
2320 1718 2432 1789 de-

160 1821 326 1892 fectu
349 1822 787 1913 legitimorum
818 1822 1193 1909 electorum,
1228 1825 1282 1894 si
1330 1844 1482 1893 vera
1518 1825 1684 1896 l'oret
1709 1827 1934 1917 opinio
1969 1827 2220 1897 domini
2267 1830 2433 1899 Car-

156 1937 355 2017 riere,
384 1936 453 2005 id
480 1942 597 2021 est,
649 1940 703 2007 si
734 1938 1042 2009 solemnia
1098 1960 1231 2041 non
1268 1940 1403 2007 sint
1433 1938 1882 2029 religiosorum
1929 1949 2098 2025 vota,
2155 1942 2274 2010 ubi
2323 1942 2428 2011 lex

160 2050 369 2120 civilis
414 2051 686 2123 dominii
711 2052 1197 2147 incapacitatem
1224 2076 1301 2124 ex
1328 2062 1474 2125 voto
1529 2056 1806 2125 solemni
1863 2058 2258 2149 paupertatis
2287 2078 2422 2125 non

161 2168 460 2261 agnoscit.

1054 2530 1329 2601 CAPUT
1382 2532 1494 2607 lv.

156 2774 651 2823 lnnssrnnnssu'rfln
678 2776 721 2821 A
748 2774 901 2823 LEGE
926 2774 1237 2823 suculam
1274 2776 1488 2822 munci
1523 2774 1748 2823 POTEST
1781 2776 1884 2823 ms
1923 2776 2418 2841 COMMUNITATIS,

236 2874 353 2929 Quo
416 2876 493 2921 An
549 2876 733 2922 IPSAn
788 2840 1243 2924 DEVOLVANTUBs
1290 2874 1456 2922 BONA
1513 2872 1850 2921 RELIGIOSIS
1907 2876 2038 2920 sms
2103 2874 2422 2923 raomssls

230 2972 587 3029 QUOCUNQUE
627 2974 863 3036 TITULO,
912 2974 1103 3021 mmm
1146 2974 1225 3019 AB
1268 2973 1634 3033 INTESTATO,
1691 2972 2138 3020 OBVEMENTIA.

238 3206 291 3277 l.
328 3205 575 3277 Induci
596 3218 813 3297 potest
833 3206 903 3275 vi
930 3216 1311 3275 contractus
1334 3206 1718 3297 reliqiosum
1741 3204 1915 3275 inter
1961 3216 2026 3273 et
2055 3205 2428 3274 communi·-

162 3335 390 3392 tatem.
413 3321 585 3391 Nam
620 3323 681 3389 1⁰
708 3320 1013 3414 possibile
1030 3329 1127 3391 est
1156 3328 1424 3413 pactum
1448 3343 1582 3411 quo
1601 3320 2436 3409 religiosus,prol'essionem

158 3458 343 3505 suam
370 3434 693 3523 faciende,
721 3437 944 3506 omnia
977 3435 1149 3515 bona
1182 3458 1301 3505 sua
1324 3435 1674 3505 adventitia
1725 3435 2182 3504 communitati
2211 3435 2428 3519 donet,

150 3552 275 3623 sub
320 3572 397 3649 ea
428 3550 801 3621 conditione
818 3551 1003 3642 ‘quod
1038 3556 1353 3643 tanquam
1387 3551 1710 3643 professus
1737 3548 1819 3619 ab
1861 3568 1936 3617 ea
1963 3548 2340 3638 recipiatur,
2372 3554 2434 3617 et

150 3688 278 3759 quo
315 3667 605 3737 vicissim
635 3666 1069 3737 communitas
1082 3666 1223 3758 ejus
1249 3664 1714 3758 professionem
1737 3664 2028 3756 recipiat,
2051 3664 2174 3733 sub
2205 3660 2436 3730 condi-

149 3781 331 3873 tione
360 3782 681 3871 praedictae
708 3782 1035 3865 oessionis.
1082 3780 1253 3851 Nam
1303 3782 1446 3851 ideo
1485 3779 1632 3849 talis
1694 3784 2068 3849 contractus
2113 3796 2248 3846 non
2273 3784 2438 3849 esset

150 3902 507 3995 possibilis,
541 3906 693 3997 quia
729 3905 961 3976 donari
988 3927 1119 3975 non
1148 3910 1405 3997 possent
1454 3904 1586 3973 nisi
1610 3903 1784 3974 bona
1807 3924 1954 3995 quae
1986 3904 2096 3971 hic
2131 3906 2195 3971 et
2251 3922 2434 3971 nuno

156 4020 507 4105 habentur,
539 4020 713 4090 bona
764 4025 982 4091 autem
1011 4019 1360 4091 adventitia
1398 4018 1512 4088 hic
1549 4024 1618 4087 et
1643 4037 1824 4088 nunc
1873 4039 2006 4087 non
2045 4016 2430 4087 habeantur.

153 4136 339 4227 Aqui
364 4156 499 4207 non
524 4135 691 4206 valet
728 4136 889 4208 ratio
911 4134 1049 4207 illa.
1075 4134 1243 4207 Nam
1292 4136 1464 4207 bona
1483 4133 1854 4220 adventitia,
1889 4133 2134 4202 ratione
2199 4131 2438 4203 funda-

149 4254 365 4323 menti
392 4273 523 4344 quo
539 4253 907 4325 redduntur
926 4260 1125 4334 certa,
1151 4253 1255 4325 vel
1284 4252 1514 4323 saltem
1528 4248 1892 4342 probabilia
1906 4250 1980 4317 in
2008 4249 2254 4335 futuro,
2287 4256 2443 4320 sunt

146 4370 263 4441 hic
286 4374 353 4437 et
378 4389 555 4439 nunc
576 4390 809 4439 verum
832 4369 1109 4455 bonum,
1137 4374 1201 4440 et
1235 4366 1506 4460 quidem
1536 4364 1744 4456 pretio
1769 4364 2172 4435 aestimabile.
2199 4364 2290 4434 Ex
2314 4368 2444 4438 cir·
