2834 4959
402 301 522 357 108
973 309 1310 358 TRAGTATUS
1355 313 1435 358 DE
1478 311 1629 360 JURE
1668 310 2079 359 REGULARIUM.

482 427 854 499 Pnoeosmo
883 427 1022 496 IV⁸.
1059 469 1150 482 -
1185 431 1336 500 Voti
1349 431 1773 522 paupertatis
1795 430 2181 499 solemnitas
2210 443 2303 500 est
2326 433 2423 500 vis
2448 433 2621 506 indu-

395 542 583 613 cendi
595 544 1114 635 incapacitatem
1131 543 1415 614 dominii
1430 547 1990 616 absolutam.—-A
2000 545 2332 614 bsolutam
2346 569 2622 622 vocamus

395 660 881 750 incapacitatem
932 658 1238 745 dominii,
1267 681 1416 750 quae
1457 667 1760 752 perpetua
1796 667 1859 728 et
1908 661 2334 728 immutabilis
2364 671 2477 748 est,
2505 671 2619 740 tum

394 795 470 842 ex
520 779 693 864 parte
735 773 1049 862 religiosi,
1101 780 1244 842 tum
1271 797 1374 872 -eqt
1420 781 1599 865 parte
1643 775 1975 864 religionis
2030 796 2227 864 quam
2273 774 2617 863 ingreditur.

393 887 651 958 Etenim
691 888 1014 981 possibilis
1060 896 1155 956 est
1197 890 1585 980 incapacitas
1622 891 1925 974 dominii,
1952 909 2097 980 quae
2137 890 2223 958 sit
2258 896 2547 981 perpetua
2574 899 2623 960 et
2737 877 2738 884 ἵ

391 1003 818 1072 immutabilis
861 1027 937 1072 ex
993 1010 1170 1096 parte
1217 1005 1502 1095 religiosi
1543 1006 1877 1086 duntaxat,
1920 1025 2053 1074 non
2094 1011 2311 1073 autem
2359 1025 2431 1074 ex
2476 1012 2624 1096 parte
2737 999 2738 1012 ’

393 1120 750 1210 religionis.
789 1119 1060 1201 Quando
1107 1142 1342 1212 nempe
1383 1122 1629 1211 religio·
1661 1121 1788 1190 sibi
1822 1125 1933 1211 jus
1978 1127 2257 1188 reservat
2284 1120 2623 1210 religiosum

390 1235 756 1332 dimittendi
796 1235 1078 1303 liberum
1133 1256 1170 1302 a
1209 1236 1400 1322 votis,
1430 1237 1483 1305 si
1532 1237 1623 1304 ita
1670 1235 1966 1326 expedire
2016 1233 2141 1305 sibi
2182 1234 2509 1322 videbitur,
2538 1235 2623 1304 in·

391 1352 706 1442 capacitas
755 1349 1058 1437 dominii,
1089 1353 1252 1418 votis
1306 1349 1507 1440 huius
1546 1350 1831 1440 religiosi
1874 1349 2159 1439 alligata,
2192 1371 2327 1418 non
2374 1354 2460 1416 est
2500 1370 2623 1440 per-

393 1467 556 1536 fecta
607 1486 722 1534 seu
749 1463 1080 1549 absoluta;
1111 1466 1439 1556 siquidem
1486 1465 1633 1536 dato
1674 1487 1826 1536 casu
1869 1466 2295 1552 dimissionis,
2324 1464 2621 1555 religiosus

390 1581 506 1650 ille
551 1581 788 1649 iterum
840 1601 1036 1672 capax
1085 1581 1364 1652 dominii
1412 1580 1661 1664 evadit3
1690 1601 1767 1650 ac
1802 1580 2077 1671 proinde
2100 1582 2473 1672 incapacitas
2499 1598 2623 1668 quae

388 1701 814 1788 praecesserat,
847 1717 981 1764 non
1031 1695 1238 1764 fuerat
1290 1695 1605 1784 absoluta,
1634 1695 1744 1766 sed
1790 1695 2054 1765 relativa
2104 1695 2191 1764 ad
2230 1701 2474 1786 tempus
2514 1712 2623 1782 quo

388 1811 728 1900 religiosus
781 1831 910 1880 non
967 1811 1425 1880 dimitteretur.
1472 1812 1554 1882 Et
1601 1812 1691 1880 ita
1748 1833 1847 1879 res
1900 1831 1969 1880 se
2012 1809 2210 1878 habet
2257 1811 2325 1879 in
2372 1810 2623 1878 societate

384 1923 556 2011 Jesu,
587 1927 801 2016 quoad
827 1927 1182 2018 religiosos,
1221 1931 1338 2019 qui
1367 1927 1785 2019 coadjutores
1810 1927 2101 2018 formati
2136 1931 2461 1995 vocantur.
2492 1919 2621 1990 Alli-

391 2046 579 2130 gatur
623 2040 890 2129 quidem
937 2041 1325 2133 incapacitas
1368 2044 1647 2114 dominii
1698 2064 1947 2112 eorum¹
1968 2043 2161 2122 rotie,
2192 2048 2266 2113 ut
2302 2041 2533 2121 constat¹
2560 2056 2619 2102 ex

390 2154 958 2238 constitutionibus
985 2159 1395 2249 ApostoliciS‚
1435 2160 1623 2229 dictae
1655 2159 1971 2230 societatis
2002 2159 2374 2227 institutum
2412 2152 2620 2224 contir-

387 2269 758 2357 mantibus3
797 2271 907 2342 aed
956 2272 1046 2342 ita
1085 2278 1161 2343 ut
1187 2275 1386 2365 possit
1411 2275 1675 2344 societas
1714 2295 1823 2344 eos
1862 2273 2189 2344 dimittere
2230 2297 2271 2342 a
2304 2271 2459 2342 votis
2488 2266 2619 2336 libe·

387 2406 514 2470 ros,
547 2392 612 2453 et
647 2387 740 2456 sic
769 2409 914 2456 eam
957 2383 1451 2480 incapacitatem
1492 2389 1735 2459 tollere.
1773 2389 1974 2460 Porro
2001 2390 2312 2472 dicimus,
2342 2382 2619 2478 ejusmodi

251 2559 254 2562 ,
383 2498 874 2592 incapacitatem
927 2501 1203 2573 dominii
1251 2505 1332 2572 ad
1372 2505 1501 2574 voti
1552 2505 1945 2597 'paupertatis
1994 2503 2461 2576 solemnitatem
2514 2515 2617 2566 non

383 2617 702 2686 sufficere.
803 2618 882 2686 Et
971 2625 1142 2710 patet
1223 2621 1599 2690 eorumdem
1692 2621 2146 2712 coadjutorum
2232 2621 2617 2690 formatorum

380 2733 695 2823 exemplo.
749 2731 1006 2804 Etenim
1049 2735 1340 2824 ipsorum
1386 2742 1559 2825 vota,
1618 2737 1917 2827 quamvis
1964 2737 2301 2828 praefatam
2337 2727 2618 2822 incapaci-

387 2854 580 2916 tatem
621 2848 898 2918 dominii
938 2851 1338 2937 inducentia,
1363 2854 1691 2943 simplicia
1726 2852 2139 2922 declarantur
2185 2852 2255 2920 in
2289 2843 2617 2919 memoratis

383 2961 765 3051 Apostolicis
812 2966 1406 3037 constitutionibus·
1454 2967 1625 3057 Ergo
1670 2967 2059 3060 incapacitas
2101 2967 2377 3035 dominii
2418 2964 2501 3032 sic
2530 2979 2617 3028 re-

389 3076 606 3145 stricta
640 3077 720 3147 ad
769 3083 1025 3170 tempus
1069 3101 1202 3170 quo
1243 3081 1589 3170 religiosus
1638 3101 1773 3151 non
1814 3083 2199 3169 dimittetur,
2228 3101 2361 3164 non
2398 3083 2485 3148 est
2510 3072 2617 3142 suf·

389 3191 609 3260 ficiens
663 3193 745 3263 ad
787 3195 916 3264 voti
956 3195 1468 3267 solemnitatem:
1518 3217 1669 3286 ergo
1713 3203 1788 3266 ut
1812 3199 2095 3268 solemne
2148 3199 2231 3267 sit
2270 3189 2617 3290 paupettatis

387 3310 639 3392 votum,
669 3307 926 3380 necesse
964 3318 1064 3381 est
1111 3310 1601 3402 incapacitatem
1632 3313 1935 3402 dominii,
1960 3314 2087 3406 ipsi
2134 3313 2482 3404 alligatam,
2507 3323 2615 3374 esse

383 3421 772 3510 absolutam,
821 3426 886 3494 id
928 3432 1044 3510 est,
1087 3435 1485 3518 perpetuam.
1514 3438 1577 3497 et
1626 3429 2143 3518 immutabilem,
2173 3437 2305 3499 tam
2350 3449 2424 3498 ex
2470 3429 2615 3516 parte

386 3537 741 3629 religionis,
773 3561 972 3632 quam
999 3563 1074 3612 ex
1100 3549 1280 3634 parte
1306 3545 1617 3636 religiosi.
2737 3543 2738 3552 ¹

1293 3798 1576 3874 CAPUT
1635 3803 1745 3874 [V.

931 4023 1009 4068 DE
1049 4023 1470 4074 SOLEMNITATE
1518 4026 1661 4078 voTI
1702 4029 2117 4076 OBEDIENTIAE.

482 4235 784 4370 Vidimus
833 4267 1052 4338 supra,
1090 4249 1467 4323 difficultate
1506 4253 1679 4324 haud
1706 4273 1933 4324 vacare
1958 4253 2375 4345 quaestionem
2402 4251 2469 4319 in
2502 4259 2611 4335 quo
2737 4285 2738 4290 ,

397 4362 695 4425 consistat
762 4361 893 4429 voti
966 4355 1354 4456 paupeitatis
1396 4375 1460 4439 et
1505 4369 1807 4440 castitatis
1868 4369 2258 4441 solemnitas.
2312 4369 2394 4438 At
2444 4365 2611 4447 longe
2737 4423 2738 4426 =
