2834 4959
1079 383 1234 432 ems
1273 385 1489 433 emm,
2302 387 2426 446 105

167 507 472 588 lemnitas,
499 505 664 596 quin
693 503 950 574 traditio
987 505 1324 574 transferat
1371 505 1444 574 in
1492 511 2023 581 communitatem
2057 513 2227 582 bona
2250 539 2426 606 prae-

165 623 348 694 sentia
402 622 722 710 religiosi,
765 628 830 690 et
879 623 988 710 jus
1028 621 1234 712 ipsius
1275 622 1356 690 ad
1394 622 1565 690 bona
1606 623 1979 696 adventitia.
2034 627 2294 698 Etenim
2342 635 2427 701 ab

161 745 292 810 actu
331 738 414 806 ad
443 755 631 829 posse
669 736 840 806 valet
883 737 1290 806 consecutio:
1339 740 1519 827 atqui
1572 739 1639 806 in
1688 715 2075 814 scholasticis
2117 745 2433 817 societatis

157 855 304 926 Jesu
349 855 535 924 datur
574 877 782 922 verus-
812 859 1012 923 status
1063 855 1427 945 religiosu5‚
1482 860 1781 945 quamvis
1824 866 1966 949 post
1998 863 2231 931 emissa
2282 871 2427 935 vota

158 969 484 1061 simplicia
521 976 774 1038 servent
813 969 1138 1038 bonorum
1174 991 1443 1039 suorum
1480 971 1886 1058 dominium3
1924 982 1988 1042 et
2024 977 2094 1042 in
2130 977 2425 1067 professis

164 1085 452 1174 ejusdem
485 1085 794 1154 societatis
829 1085 1067 1154 dantur
1099 1093 1244 1154 vota
1273 1107 1423 1156 vere
1460 1087 1794 1175 solemnia,
1820 1092 2139 1180 quamvis
2194 1115 2423 1164 eorum

167 1201 590 1268 communitas
637 1221 772 1268 non
823 1201 1122 1268 succedat
1173 1201 1485 1270 membris
1532 1203 1667 1270 suis
1719 1204 1930 1294 quoad
1966 1207 2075 1294 jus
2124 1207 2196 1274 in
2256 1207 2427 1276 bona

171 1317 480 1406 ipsorum,
497 1316 631 1384 sive
657 1315 1024 1408 praesentia,
1061 1315 1194 1385 sive
1229 1339 1376 1408 quae
1422 1319 1579 1410 ipsis
1628 1327 1770 1412 post
1809 1321 2271 1413 professionem
2310 1323 2425 1392 ob-

167 1429 384 1498 venire
423 1433 712 1519 possunt.
743 1426 932 1508 Quod
975 1428 1256 1498 dicimus
1303 1429 1385 1498 de
1430 1431 1851 1520 scholasticis,
1870 1443 2135 1506 ‚certum
2180 1435 2427 1504 faciunt

161 1543 346 1614 verba
383 1542 686 1635 Gregorii
745 1541 924 1629 xm,
968 1543 1206 1634 quibus
1250 1545 1316 1613 id
1367 1552 1677 1636 negantes
1720 1567 1937 1618 severe
1999 1551 2366 1642 perstrinxit
2403 1577 2419 1620 :

161 1659 805 1744 nonconsiderantes,
823 1659 1062 1749 inquit,
1079 1660 1221 1728 voti
1237 1661 1737 1731 solemnitatem
1754 1664 1904 1732 sola
1926 1666 2250 1735 Ecclesiae
2277 1689 2425 1735 con·

163 1777 502 1844 uitiatione
527 1777 872 1846 inventam
889 1797 1020 1844 esse
1029 1796 1059 1859 ;
1077 1775 1336 1868 triaque
1353 1777 1740 1863 kzciusmodi
1758 1781 2089 1849 societatis
2108 1793 2288 1869 vota,
2312 1795 2424 1850 ta·-

157 1892 352 1959 metsi
360 1892 684 1982 simplicia
690 1891 1212 1980 5utsubstantial
1213 1892 1280 1960 ia
1295 1891 1639 1981 reliqionis
1650 1916 1729 1960 vo
1737 1905 1807 1960 ta
1818 1893 1903 1960 ab
1920 1893 2045 1962 hac
2056 1893 2217 1962 Sede
2220 1893 2427 1982 fuisse

163 2005 484 2088 admissa,
513 2005 750 2098 illaque
779 2007 1148 2076 emittentes
1183 2006 1257 2074 in
1295 2017 1485 2074 statu
1512 2005 1861 2097 reliqionis
1904 2027 2053 2073 vere
2084 2007 2419 2092 constitui,

162 2121 400 2214 quippe
420 2122 542 2212 qm*
555 2145 678 2213 per
702 2145 782 2190 ea
801 2123 950 2215 ipsa
972 2143 1038 2192 se
1058 2121 1364 2192 societati
1373 2119 1689 2190 dedicant
1710 2134 1911 2214 atque
1936 2131 2093 2190 actu
2116 2119 2423 2209 tradunt,

163 2258 346 2328 seque
387 2235 618 2306 divino
673 2237 944 2306 servitio
1001 2237 1397 2328 mancipant
1452 2235 1654 2327 (bulla
1710 2234 2164 2326 Ascendente).
2238 2235 2427 2317 Quod

165 2357 364 2420 antem
422 2355 784 2420 conventus
847 2373 960 2420 seu
1006 2353 1501 2420 communitates
1560 2353 1876 2420 societatis
1920 2351 2101 2440 Jesu,
2162 2353 2425 2442 quando

167 2461 352 2554 ipsius
387 2464 676 2555 religiosi
717 2465 1182 2555 professionem
1217 2467 1549 2550 emittunt,
1590 2487 1721 2535 non
1756 2467 2097 2555 acquirant
2132 2464 2425 2556 ipsorum

169 2578 322 2648 hona
343 2582 716 2671 praesentia,
749 2601 872 2650 nec
911 2582 1021 2670 jus
1049 2581 1125 2650 ad
1171 2579 1599 2668 haereditatae,
1628 2602 1773 2671 quae
1806 2582 1877 2648 in
1920 2589 2249 2672 posterum
2274 2581 2429 2673 ipsis

171 2691 454 2766 obvenire
501 2701 803 2788 possunt,
853 2703 1114 2766 constat·
1141 2716 1220 2764 ex
1267 2698 1449 2766 dictae
1492 2696 1803 2764 societatis
1850 2696 2172 2780 instituto,
2236 2706 2299 2763 et
2340 2703 2429 2764 te-

175 2815 364 2878 statur
383 2812 718 2884 Suaresius
748 2811 852 2904 (de
877 2812 1248 2904 Reliqione‚·
1269 2818 1539 2880 tractatu
1566 2813 1631 2897 7,
1656 2809 1825 2878 libro
1852 2809 1919 2894 2,
1946 2831 2003 2877 c.
2050 2810 2159 2894 12,
2182 2833 2249 2876 n.
2278 2809 2383 2898 12)
2406 2837 2423 2894 3

173 2930 235 2992 et
266 2932 463 2996 tamen
513 2928 616 2998 illi
665 2929 951 3020 religiosi
983 2929 1244 3020 professi
1288 2929 1570 2996 evadunt
1614 2925 1887 2994 omnino
1931 2926 2268 3012 incapaces
2316 2923 2429 2988 do·

175 3042 372 3130 minii,
423 3053 485 3114 et
537 3065 767 3112 eorum
825 3051 968 3112 vota
1022 3051 1190 3114 certo
1233 3043 1549 3113 solemnia
1595 3047 1769 3110 sunt.
1824 3039 1995 3130 Ergo
2051 3035 2191 3105 dari
2230 3045 2433 3135 potest

167 3159 410 3229 traditio
469 3160 802 3228 sufficiens
845 3159 928 3228 ad
987 3181 1214 3230 verum
1264 3165 1505 3230 statum
1548 3159 1927 3246 religiosum
1980 3160 2040 3222 et
2084 3153 2164 3222 ad
2210 3175 2428 3221 veram

167 3277 450 3342 votorum
526 3275 1028 3356 solemnitatem,
1109 3277 1272 3366 quin
1345 3275 1685 3343 transferat
1748 3274 1829 3342 ad
1894 3271 2429 3342 communitatem

169 3383 335 3454 bona
359 3396 420 3454 et
439 3389 590 3480 J‘ura
616 3391 840 3458 omnia
867 3391 1149 3480 religiosi
1187 3390 1653 3480 professionem
1690 3387 2065 3456 emittentis.

250 3502 568 3591 Secundo,
595 3503 804 3572 etiam·
829 3503 1090 3594 quando
1132 3503 1389 3572 traditio
1432 3503 1732 3572 transfert
1776 3503 1846 3570 in
1895 3501 2424 3571 communitatem

165 3615 332 3686 bona
353 3627 419 3688 et
433 3621 586 3708 jura
614 3621 832 3688 omnia
861 3621 1150 3711 religiosi
1184 3620 1667 3710 professionem.
1692 3619 2068 3701 emittentis,
2102 3614 2433 3683 translatio

165 3727 296 3800 haec
371 3755 504 3802 non
571 3733 870 3825 producit
933 3736 1294 3805 absolutam
1373 3735 1865 3826 incapacitatem
1955 3731 2254 3807 dominii,
2314 3747 2433 3798 nec

165 3849 430 3937 proinde
466 3851 598 3918 voti
629 3853 1020 3942 paupertatis
1045 3851 1563 3934 solemnitatem3
1604 3872 1681 3920 ac
1714 3848 1993 3942 proinde
2047 3843 2437 3937 incapacitas

163 3961 277 4034 illa
347 3967 696 4056 repetenda
767 3975 866 4036 est
928 3967 1190 4037 aliunde
1254 3989 1455 4057 quam
1508 3989 1584 4036 ex
1653 3966 1989 4036 traditione
2036 3985 2077 4032 a
2134 3959 2435 4052 religioso

168 4077 348 4148 facta»
383 4079 706 4170 Equidem
733 4081 802 4152 in
834 4083 1060 4152 multis
1085 4081 1429 4152 ordinibus
1462 4082 1781 4171 religiosis
1814 4082 2287 4148 monasterium
2320 4097 2435 4146 seu

169 4202 516 4265 conventus
555 4198 839 4266 succedit
883 4197 1178 4288 religioso
1213 4198 1501 4290 professo
1528 4193 1743 4287 quoad
1777 4191 1998 4264 omnia
2031 4193 2237 4284 ipsius
2266 4193 2437 4260 bona

171 4314 228 4375 et
256 4312 424 4398 iura.
477 4311 604 4384 Sed
655 4313 726 4381 in
770 4319 1092 4403 quantum
1143 4314 1269 4384 hoc
1307 4314 1604 4406 provenit
1642 4333 1719 4380 ex
1766 4306 2131 4390 traditione,
2192 4327 2307 4376 seu
2360 4324 2435 4375 ex

170 4421 498 4498 donatione
545 4447 742 4518 quam
795 4427 942 4498 facit
987 4428 1328 4517 religiosus
1371 4425 1755 4518 profitendo,
1788 4429 1853 4494 et
1897 4445 2099 4516 quam
2147 4423 2436 4510 acceptat
