2834 4959
399 368 525 427 350
962 368 1303 417 macuws
1350 368 1430 415 ms
1475 368 1626 415 sunt
1671 366 2091 415 uoummu.

396 494 689 587 leqitime
724 503 1151 583 pra-sumpta
1174 543 1194 576 ‚
1252 488 1672 559 haereditates
1725 486 1859 556 sibi
1917 484 2332 558 obvenientes
2381 489 2694 561 civiliter

395 609 749 701 acquirere,
778 618 843 676 et
868 606 1041 675 alios
1071 617 1484 698 opportunos
1509 601 1796 673 dominii
1823 614 2012 671 actus
2039 602 2220 671 civili
2224 614 2322 671 ter
2357 627 2682 690 excercere,

395 727 587 795 salva
612 724 687 793 in
708 723 799 793 eis
824 734 1047 791 stante
1068 720 1359 791 dominii
1380 722 1830 813 incapacitate
1847 732 1914 789 et
1941 719 2085 787 voti
2107 720 2558 789 solemnitate.
2589 758 2686 775 —

396 842 726 915 Constabit
772 838 970 928 hujus
1016 838 1450 907 conclusionis
1493 840 1747 919 veritas,
1791 838 1848 905 si
1877 836 2234 928 probentur
2277 839 2614 926 sequentia
2657 861 2674 903 ε

404 960 465 1027 1⁰
492 962 743 1025 extunc
768 953 1146 1023 reviviscere
1168 956 1365 1047 coepit
1384 954 1600 1045 quoad
1627 954 1774 1022 illos
1797 952 2132 1043 regulares
2149 954 2266 1043 jus
2289 970 2679 1039 commune,

394 1074 461 1141 vi
503 1074 607 1161 cuj
616 1094 691 1139 us
735 1069 909 1160 quod
967 1070 1245 1161 acquirit
1299 1070 1657 1138 monachus
1699 1067 2064 1157 acquiritur
2123 1066 2564 1149 monasteri03
2623 1074 2682 1134 et

396 1187 747 1257 extinctum
772 1190 869 1254 est
882 1187 997 1275 jus
1026 1183 1409 1275 particulare
1431 1182 1676 1261 Galliae,
1705 1181 1946 1251 mortis
1969 1178 2188 1249 cioilzs
2211 1182 2483 1249 nomine
2511 1180 2674 1249 desi-

392 1309 691 1392 gnatum,
716 1302 783 1369 vi
801 1300 991 1388 cujus
1012 1298 1413 1367 haereditates
1436 1306 1502 1367 et
1525 1298 1732 1387 legata
1753 1297 2058 1387 religioso
2077 1296 2518 1380 obvenientia,
2545 1315 2678 1364 non

390 1417 471 1486 ad
498 1416 701 1507 ipsius
722 1412 1257 1483 communitatem
1286 1412 1716 1505 pertinebant,
1745 1412 1858 1481 sed
1883 1412 1964 1481 ad
1995 1430 2100 1481 eos
2123 1410 2236 1500 qui
2264 1411 2376 1499 jus
2395 1410 2677 1478 habuis·

392 1538 557 1613 sent,
606 1530 659 1597 si
696 1534 843 1597 ante
872 1526 1329 1619 professionem
1374 1550 1561 1597 suam
1609 1528 1949 1618 religiosus
1997 1526 2250 1595 obiisset
2291 1547 2312 1591 e
2359 1524 2435 1591 2⁰
2459 1531 2678 1593 stante

390 1643 559 1712 dicto
598 1645 747 1733 jure
801 1644 1171 1729 communi,
1224 1642 1624 1713 haereditates
1673 1642 1958 1735 prael'atis
2007 1638 2402 1731 regularibus
2459 1638 2674 1707 obve-

386 1759 661 1841 nientes,
692 1758 772 1827 de
807 1761 955 1847 jure
984 1757 1064 1827 ad
1100 1759 1395 1848 ipsorum
1423 1760 1773 1851 respective
1801 1763 2198 1829 conventum
2237 1776 2347 1826 seu
2390 1776 2664 1845 congre·—

386 1877 714 1966 gationem
742 1876 1197 1965 pertinuerunt
1226 1899 1247 1945 z
1278 1875 1347 1945 3⁰
1382 1876 1538 1945 dicti
1563 1875 1892 1967 regulares
1919 1880 2273 1967 potuerunt
2293 1895 2360 1942 se
2384 1872 2674 1943 civiliter

389 2013 609 2082 gerere
645 1996 959 2082 tanquam
996 1990 1297 2061 dominos
1340 1990 1605 2060 illarum
1650 1990 2128 2070 haereditatum,
2165 1994 2230 2058 et
2257 1996 2478 2057 tamen
2511 1986 2672 2055 nul-

388 2109 529 2175 lum
584 2129 813 2177 verum
872 2106 1242 2176 dominium
1292 2107 1364 2174 in
1410 2128 1517 2175 eas
1569 2107 1900 2197 acquirere
1953 2127 1972 2173 :
2019 2104 2090 2173 4⁰
2123 2106 2280 2173 item
2321 2109 2670 2195 potuerunt

388 2220 687 2289 civiliter
733 2222 1037 2305 vendere,
1086 2240 1303 2291 emere
1323 2274 1342 2305 ‚
1394 2221 1634 2289 donare
1683 2220 1968 2311 aliosque
2015 2219 2262 2289 similes
2309 2225 2667 2289 contractus

380 2357 708 2427 peragere,
741 2337 903 2425 quin
946 2342 1283 2426 propterea
1328 2335 1549 2405 ullum
1593 2337 1728 2405 veri
1756 2336 2034 2407 dominii
2059 2342 2284 2407 actum
2315 2334 2668 2426 complesse
2806 2404 2807 2431 3

382 2450 685 2521 censendi
710 2451 860 2519 sint.
896 2448 1071 2534 Haec,
1122 2450 1422 2539 inquam,
1463 2453 1518 2519 si
1561 2452 1943 2542 probentur,
1979 2450 2514 2521 concludendum
2541 2452 2666 2519 erit
2806 2442 2807 2462 ²

380 2586 533 2634 cum
560 2564 747 2632 dictis
772 2563 1073 2631 civilibus
1112 2562 1387 2634 dominii
1423 2565 1695 2654 actibus,
1729 2568 2051 2657 integram
2077 2566 2150 2635 in
2199 2566 2358 2657 ipsis
2396 2586 2665 2635 reman-

380 2680 534 2749 sisse
578 2677 853 2749 dominii
902 2678 1389 2769 incapacitatem
1429 2687 1492 2751 et
1536 2682 1666 2750 voti
1713 2684 2106 2773 paupertatis
2154 2680 2654 2753 solemnitatem.

381 2794 583 2883 Atqui

470 2910 533 2975 1⁰
563 2909 657 2977 Ex
696 2915 852 2979 tunc
892 2911 1250 2979 extinctum
1288 2910 1413 2978 fuit
1454 2912 1568 3001 jus
1599 2912 1986 3001 particulare
2009 2911 2257 2993 Galliae,
2301 2912 2539 2981 mortis
2573 2912 2660 2978 ei-

378 3020 533 3090 vilis
582 3026 851 3093 nomine
900 3024 1227 3115 designari
1268 3024 1557 3094 solitum.
1619 3026 1874 3096 Etenim
1921 3048 2078 3096 cum
2132 3030 2243 3118 jus
2287 3026 2454 3097 illud
2499 3026 2658 3095 foret
2801 2998 2803 3074 Ι

378 3138 829 3228 exceptionale,
860 3138 931 3209 id
956 3145 1075 3224 est,
1108 3139 1588 3239 univeigsalibus
1619 3140 1922 3213 Ecclesiae
1947 3142 2206 3233 legibus
2227 3144 2650 3224 cona-arium,
2799 3226 2801 3241 Ι

379 3273 513 3319 non
568 3260 859 3343 potuerat
901 3253 1041 3323 vim
1091 3255 1354 3340 habere,
1402 3256 1534 3325 nisi
1582 3276 1658 3325 ex
1699 3255 2004 3328 Ecclesiae
2051 3258 2216 3327 illud
2265 3260 2652 3349 acceptantis
2799 3246 2801 3378 4

380 3381 731 3447 consensu3
776 3390 851 3439 ac
888 3369 1157 3461 proinde
1180 3369 1309 3441 nisi
1350 3392 1427 3439 ex
1451 3372 1614 3441 inita
1651 3372 1866 3463 quoad
1889 3372 2016 3443 hoc
2037 3372 2448 3444 Gubernium
2490 3373 2652 3441 inter
2761 3400 2766 3407 ·

378 3488 440 3553 et
494 3480 844 3553 Ecclesiam
918 3484 1283 3555 concordia.
1338 3486 1814 3578 Consequenter
1869 3490 1984 3579 jus
2033 3489 2199 3559 illud
2261 3490 2644 3560 duraturum
2797 3510 2799 3553 ι

380 3620 511 3669 non
544 3605 701 3689 erat,
750 3601 878 3671 nisi
912 3600 1207 3692 quandiu
1237 3604 1563 3673 saecularis
1607 3602 1836 3675 Galliae
1885 3612 2156 3697 potestas
2203 3614 2474 3698 pactum
2522 3626 2642 3675 ser·
2797 3602 2799 3684 l

378 3722 576 3784 varet.
630 3714 1017 3809 Suppressos
1058 3724 1277 3789 autem
1327 3719 1713 3792 declarando
1757 3722 2109 3812 regulares,
2161 3742 2237 3790 ac
2281 3745 2392 3792 eos
2437 3722 2640 3814 expel-

376 3830 591 3916 lendo,
644 3838 907 3922 pactum
946 3832 1229 3903 violavit.
1262 3834 1436 3925 Ergo
1481 3858 1557 3905 ex
1603 3842 1761 3906 tune
1805 3836 1886 3907 ad
1931 3838 2042 3927 jus
2067 3856 2424 3907 commune
2449 3839 2640 3907 factus
2795 3838 2797 3990 Ι

375 3953 467 4013 est
507 3946 771 4017 reditus.
829 3946 1179 4040 Coeperunt
1228 3950 1500 4041 proinde
1551 3972 1627 4020 ex
1673 3961 1834 4021 tunc
1879 3948 2278 4021 haeoeditates
2327 3952 2636 4045 regulari-

374 4059 506 4139 bus,
544 4060 772 4131 Galliae
826 4061 1260 4150 obvenientes,
1320 4067 1400 4135 ad
1449 4068 1743 4157 ipsorum
1817 4068 2166 4159 respective
2216 4068 2638 4139 communita-
2793 4088 2795 4107 ⁹

372 4180 528 4263 tem,
582 4178 999 4267 quantumvis
1054 4181 1405 4272 dispersam
1426 4235 1446 4265 ‚
1495 4187 1560 4249 et
1599 4183 1677 4251 ad
1725 4184 2022 4274 ipsorum
2081 4186 2631 4275 congregationem

372 4310 485 4357 seu
528 4292 827 4365 ordinem
878 4296 1225 4385 pertinere,
1268 4304 1332 4366 et
1370 4297 1452 4366 de
1487 4318 1763 4367 numero
1801 4298 2126 4369 bonorum
2169 4299 2632 4371 ecclesiastico·
2791 4338 2793 4343 -

375 4426 529 4473 rum
550 4407 710 4475 fieri.
2788 4352 2793 4602 1
