2834 4959
1108 367 1259 415 PARS
1296 370 1536 419 TERTIA.
2334 384 2366 433 ὅ
2381 380 2458 437 33

154 484 563 579 providendi
594 483 721 575 ipsi
775 484 855 553 de
882 484 1079 555 rebus
1106 488 1187 557 ad
1218 494 1639 583 temporalem
1669 504 1733 565 et
1767 500 1962 589 (quod
2016 503 2224 572 multo
2253 512 2460 598 magis

150 600 284 693 est)
318 601 401 669 ad
436 599 845 690 spiritualem
898 604 1229 694 praecipue
1268 610 1802 681 sustentationem
1851 620 2248 689 necessariis.
2283 618 2460 693 Dum

150 736 333 805 ergo
362 714 739 785 membrum
757 718 1213 787 communitati
1246 719 1446 791 donat
1479 726 1701 794 omnia
1729 728 1899 798 bona
1927 752 2044 801 sua
2084 734 2456 821 adventitia,

150 830 407 897 minus
428 826 537 897 dat
560 850 762 919 quam
782 830 1039 921 accipit.

266 943 347 1013 3⁰
388 942 697 1013 Praefatus
738 953 1129 1036 contractus,
1188 950 1436 1019 nedum
1479 954 1898 1045 prohibeatur
1937 968 2050 1030 aut
2099 966 2396 1036 irritetur
2423 990 2461 1038 a

155 1059 327 1148 lege
352 1058 802 1143 ecclesiastica,
836 1060 919 1129 ab
960 1082 1035 1130 ea
1090 1083 1129 1133 e
1178 1070 1401 1134 contra
1439 1068 1858 1160 approbatur,
1897 1074 2033 1146 imo
2057 1084 2122 1145 et
2173 1084 2464 1171 praescri-

158 1174 364 1243 bitur
402 1180 710 1265 tanquam
744 1175 1029 1245 conditio
1060 1178 1201 1247 sine
1228 1200 1359 1269 qua
1387 1202 1522 1252 non
1549 1194 1838 1279 acceptat
1875 1194 2192 1283 tanquam
2225 1198 2460 1269 solem-

159 1290 295 1357 nia
350 1288 641 1379 religiosi
702 1296 873 1359 vota.
914 1288 1060 1361 Non
1106 1294 1285 1362 enim
1332 1316 1405 1365 ea
1459 1304 1606 1369 vota
1655 1310 1942 1394 acceptat
2009 1315 2082 1377 ut
2119 1312 2460 1404 solemnia,

158 1404 317 1473 nisi
344 1406 499 1473 fiant
538 1406 721 1493 juxta
750 1403 1121 1475 institutum
1164 1407 1544 1499 religiosum
1573 1413 1656 1483 ab
1701 1416 1840 1506 ipsa
1865 1421 2323 1509 approbatum.
2353 1426 2459 1513 Et,

160 1540 255 1587 ex
282 1517 645 1609 hypothesi,
692 1520 989 1589 instituta
1023 1520 1325 1611 religiosa
1382 1528 1829 1617 approbantur
1867 1554 2020 1601 cum
2077 1536 2187 1605 illa
2241 1540 2460 1631 dispo·

161 1634 435 1715 sitione,
460 1640 535 1702 ut
560 1634 879 1725 quidquid
924 1635 1215 1725 acquiret
1268 1638 1612 1729 religiosus
1657 1646 1951 1736 acquirat
1978 1657 2454 1743 communitas3

160 1770 287 1819 seu
311 1754 389 1817 ut
428 1750 603 1817 bona
620 1748 841 1817 omnia
870 1750 1217 1820 adventitia
1246 1753 1531 1843 religiosi
1560 1756 1640 1825 ad
1663 1766 2204 1834 communitatem
2231 1768 2450 1838 devol-

160 1870 451 1935 vantur.

266 1978 345 2044 4·
373 1976 723 2045 Praefatum
754 1986 1159 2050 contractum
1210 1983 1439 2071 nequit
1487 1983 1590 2053 lex
1633 1987 1958 2059 saecularis
1995 1991 2063 2060 in
2103 1993 2240 2063 foro
2268 2017 2454 2066 cons·

160 2091 441 2163 cientiae
482 2090 685 2160 valide
744 2092 1087 2184 prohibere
1121 2101 1235 2163 aut
1282 2094 1562 2168 irritare.
1613 2098 1779 2169 Nam
1807 2104 2128 2192 ejusmodi
2159 2114 2454 2181 contrac-

161 2215 279 2277 tus
328 2208 697 2299 plurimum
766 2210 1009 2278 confert
1064 2210 1147 2279 ad
1202 2211 1457 2283 bonum
1529 2218 2072 2289 communitatum
2124 2223 2458 2315 religiosa-

160 2344 325 2391 rum
341 2374 361 2409 ‚
403 2328 597 2412 atque
642 2322 723 2390 ad
772 2344 995 2392 earum
1046 2324 1486 2396 dilatationem
1531 2336 1596 2398 et
1629 2332 2120 2423 prosperitatem
2169 2360 2186 2405 ε
2227 2360 2456 2411 conse-

160 2438 451 2525 quenter
476 2432 663 2501 valde
688 2433 867 2503 utilis
903 2440 999 2504 est
1020 2436 1104 2505 ad
1153 2438 1403 2507 bonum
1423 2486 1434 2497 -
1457 2438 1863 2533 spiritualem
1893 2447 2292 2519 animarum.
2329 2450 2455 2521 Sed

160 2550 251 2619 ad
278 2548 638 2619 Ecclesiam
692 2551 985 2641 pertinet
1015 2573 1089 2622 ea
1123 2558 1403 2624 statuere
1449 2576 1598 2645 quae
1645 2560 2019 2630 animarum
2075 2564 2456 2655 perfectioni

162 2672 231 2739 et
260 2664 587 2756 spirituali
620 2664 795 2735 bono
844 2666 1028 2737 utilia
1052 2676 1247 2737 sunt:
1286 2689 1442 2759 ergo
1501 2676 1876 2759 potestatem
1927 2676 2122 2747 habet
2173 2678 2459 2751 Ecclesia

166 2780 523 2874 praefatum
568 2789 997 2870 contractum,
1059 2784 1441 2875 religiosum
1507 2785 1678 2854 inter
1743 2794 1808 2855 et
1874 2795 2446 2885 communitatem,

158 2896 573 2991 approbandi
606 2905 669 2968 et
714 2898 1001 2968 validum
1050 2900 1386 2971 reddendi.
1443 2898 1614 2991 Ergo
1661 2911 1990 2993 repugnat
2031 2926 2218 2995 posse
2269 2928 2454 2977 eum-

158 3012 319 3082 dem
374 3018 787 3083 'contractum
848 3035 887 3081 a
934 3019 1243 3105 potestate
1300 3014 1596 3085 saeculari
1659 3015 2030 3087 invalidum
2094 3018 2282 3089 reddi
2344 3032 2454 3093 aut

158 3126 503 3197 illicitum.
534 3126 665 3197 Nec
710 3128 1057 3219 obiiciatur
1104 3129 1201 3199 ibi
1247 3132 1353 3220 agi
1400 3130 1480 3199 de
1525 3130 1714 3199 bonis
1765 3132 2256 3225 temporalibus,
2282 3146 2344 3204 et
2371 3140 2452 3207 ad

158 3243 525 3315 Ecclesiam
548 3263 681 3311 non
702 3244 1049 3335 pertinere,
1080 3244 1329 3335 absque
1355 3244 1682 3315 soecularis
1706 3249 2030 3337 potestatis
2049 3270 2338 3336 assensu,
2365 3252 2446 3323 de

154 3356 489 3451 ejusmodi
518 3356 705 3427 bonis
730 3358 1097 3429 decernere.
1131 3356 1303 3429 Nam
1352 3359 1628 3429 omnino
1667 3358 1906 3429 salsum
1939 3368 2058 3445 est,
2091 3386 2221 3434 non
2263 3388 2448 3459 posse

150 3472 525 3544 Ecclesiam
576 3472 655 3540 de
699 3472 894 3542 rebus
952 3473 1150 3542 etiam
1226 3472 1694 3564 temporalibus
1747 3474 2118 3559 decernere,
2185 3484 2447 3571 quando

150 3590 221 3657 id
254 3588 463 3677 exigit
502 3586 856 3677 spiritualis
908 3590 1285 3657 animarum
1328 3589 1672 3659 necessitas
1720 3598 1834 3659 aut
1888 3592 2151 3662 utilitas.
2193 3596 2454 3666 Absur-'

146 3704 323 3773 dum
350 3723 598 3794 nempe
636 3709 755 3791 est,
806 3702 1009 3772 finem
1066 3701 1363 3775 Ecclesiae
1411 3703 1503 3795 (id
1549 3710 1646 3773 est
1697 3706 1969 3775 salutem
2027 3717 2338 3780 aeternam
2381 3721 2444 3783 et

150 3815 569 3907 spiritualem
633 3816 1091 3907 perfectionem
1148 3818 1546 3906 animarum)
1609 3818 2020 3913 subordinari
2065 3822 2185 3891 fini
2231 3830 2442 3897 socie-

150 3932 313 4003 tatis
366 3931 691 4000 saecularis
747 3932 837 4025 (id
886 3940 979 4003 est
1044 3934 1389 4025 temporali
1441 3934 1684 4005 civium
1727 3936 2229 4031 tranquillitati).
2292 3940 2436 4011 Non

147 4042 339 4111 enim
396 4043 605 4111 voluit
674 4042 969 4115 Christus
1038 4042 1364 4115 Dominus
1427 4045 1724 4116 homines
1775 4045 1848 4115 in
1907 4056 2073 4118 terra
2131 4048 2438 4141 degentes

146 4162 407 4225 sanctos
462 4155 660 4243 effici,
726 4164 801 4225 ut
852 4158 1055 4227 vitam
1110 4158 1530 4249 temporalem
1595 4160 1944 4249 tranquille
1989 4172 2227 4253 agant3
2287 4168 2436 4238 sede

137 4276 379 4341 contra
414 4270 623 4341 voluit
666 4294 779 4365 per
834 4279 1207 4363 potestatem
1265 4274 1642 4345 saecularem
1689 4278 2024 4365 procurari
2073 4282 2434 4373 tranquilli·

140 4398 341 4459 tatem
402 4396 467 4457 et
519 4395 935 4463 securitatem
984 4414 1227 4463 eorum
1288 4392 1736 4485 temporalem,
1801 4402 1875 4464 ut
1922 4397 2016 4467 sic
2094 4401 2442 4475 efficaciter

434 4504 455 4536 —.
2081 4520 2154 4571 n
