2834 4959
356 327 485 385 464
946 332 1290 383 moruus
1336 334 1415 383 Μ
1446 334 1602 384 Jmut
1648 334 2066 383 anonumum.

350 478 416 527 se
460 456 621 525 votis
654 454 1062 545 simplicibus
1106 458 1568 547 constringere,
1600 460 1715 525 aut
1755 454 1912 525 cum
1951 455 2442 546 temporalibus
2479 460 2646 533 dun-

351 580 515 642 taxat
562 592 967 663 permanere.
1020 570 1071 640 li
1115 592 1309 663 porro
1347 574 1466 663 qui
1502 576 1811 663 perpetua
1863 576 2012 639 vota
2059 569 2130 639 in
2174 574 2301 643 bac
2355 595 2645 667 congre-

350 689 605 778 gatione
654 691 1064 777 nuncupant,
1098 689 1267 757 veris
1302 688 1624 778 religiosis
1653 680 2038 757 accensendi
2077 686 2406 757 videntur.
2451 690 2646 761 Nulla

350 805 530 874 enim
574 804 731 894 ipsis
776 799 949 871 deest
996 824 1031 869 e
1059 803 1389 893 requisitis
1416 803 1498 872 ad
1535 808 1731 872 status
1765 800 2054 891 religiosi
2103 804 2444 873 essentiam
2483 828 2643 875 oon·

352 919 754 989 ditionibus:
788 917 966 986 adest
1003 918 1245 1009 quippe
1275 924 1576 987 votorum
1607 916 2038 1007 perpetuitas;
2077 938 2338 987 necnon
2377 942 2640 992 eorum-

352 1036 503 1103 dem
544 1033 837 1123 legitima
874 1030 1264 1121 acceptati03
1326 1032 1522 1122 idque
1565 1033 1635 1099 in
1689 1032 1976 1121 legitime
2021 1038 2232 1099 erecta
2285 1054 2640 1125 congrega·

350 1150 548 1217 tio-ne.
596 1148 729 1217 Nec
756 1146 963 1215 obstat
988 1142 1165 1233 quod
1202 1144 1518 1213 membris
1547 1166 1620 1212 ex
1672 1142 1964 1212 instituto
1993 1130 2282 1213 liberum
2327 1148 2435 1232 sit,
2481 1170 2637 1219 curn

352 1261 817 1354 temporalibus
878 1261 1183 1329 duntaxat
1250 1260 1415 1327 votis
1467 1278 1727 1349 semper
1775 1278 2138 1339 remanere,
2201 1266 2264 1329 et
2333 1268 2640 1352 perpetua

353 1400 692 1469 nunquam
751 1376 1037 1445 emittere
1084 1401 1099 1443 ε
1178 1394 1557 1465 quanquam
1619 1375 1799 1443 enim
1881 1374 2172 1463 ipsorum
2245 1376 2312 1444 id
2365 1377 2640 1449 arbitrio

352 1495 777 1581 relinquitur,
848 1490 903 1559 si
966 1496 1275 1580 perpetuo
1346 1508 1577 1557 vovere
1645 1488 1912 1577 eligant,
1971 1509 2105 1558 non
2155 1496 2249 1559 est
2311 1492 2456 1581 jam
2517 1512 2642 1561 cur

354 1606 680 1698 perpetuis
734 1602 1049 1695 ejusmodi
1130 1604 1291 1672 votis
1344 1622 1496 1671 vera
1564 1608 1764 1671 status
1813 1602 2098 1693 religiosi
2143 1604 2424 1681 essentia,
2487 1624 2634 1675 non

350 1720 725 1791 inducatur.
812 1720 899 1788 At
976 1738 1157 1803 vero,
1236 1723 1428 1808 prout
1500 1715 1581 1785 de
1661 1715 2049 1786 Scholarum
2113 1716 2638 1787 Christianarum

352 1836 660 1905 fratribus
726 1835 971 1904 dictum
1034 1839 1151 1917 est,
1230 1833 1443 1901 caeteri
1509 1831 1662 1901 solis
1745 1832 2204 1923 temporalibus
2275 1834 2438 1903 votis
2513 1834 2640 1905 ob-

354 1950 579 2031 stricti,
655 1950 949 2019 nondum
1024 1953 1223 2017 status
1284 1947 1568 2035 religiosi
1632 1948 1952 2015 rationem
2005 1950 2279 2017 assecuti
2333 1949 2636 2019 censendi

356 2074 529 2136 sunt.

446 2180 513 2246 4⁰
548 2175 971 2268 Agnoscenda
1000 2176 1191 2245 etiam
1226 2182 1319 2245 est
1342 2182 1538 2245 status
1565 2176 1851 2265 religiosi
1877 2177 2148 2245 essentia
2175 2178 2246 2245 in
2273 2198 2636 2269 congrega-—

345 2292 529 2362 'tione
552 2292 1154 2361 sacratissimorum
1180 2288 1496 2359 Cordium
1531 2294 1716 2360 Iesus
1745 2304 1808 2359 et
1837 2292 2098 2374 Marioe,
2131 2292 2329 2383 vulgo
2355 2294 2534 2363 dicta
2561 2292 2642 2363 de

356 2409 621 2497 Ρὶοραε,
652 2428 849 2497 quam
880 2405 1004 2474 sub
1039 2406 1303 2473 initium
1334 2404 1549 2473 saeculi
1587 2404 1828 2475 decimi
1853 2408 2010 2475 noni
2037 2408 2238 2475 erexit
2265 2408 2368 2475 vir
2391 2418 2644 2500 aposto·

355 2524 483 2592 lico
498 2522 632 2591 zelo
662 2521 1057 2611 conspicuus
1080 2520 1236 2589 etde
1262 2541 1333 2589 re
1350 2520 1666 2591 catholica
1685 2522 1850 2590 bene
1882 2523 2150 2591 meritus
2169 2520 2372 2592 Maria
2395 2521 2638 2617 «loseph

356 2636 667 2708 Condrin.
722 2636 1055 2727 Siquidem
1088 2636 1157 2703 in
1188 2654 1261 2705 ea
1302 2636 1426 2704 tria
1461 2644 1610 2705 vota
1651 2642 1954 2727 perpetua
1987 2638 2407 2727 paupertatis,
2431 2638 2639 2707 casti-

357 2754 503 2822 tatis
552 2764 619 2823 et
658 2752 1059 2839 obedientiae,
1120 2752 1509 2821 emittuntur
1535 2756 1598 2821 et
1643 2772 1682 2820 a
1717 2752 2010 2841 generali
2066 2750 2420 2844 Praeposito
2475 2756 2640 2823 reci-

357 2870 646 2959 piuntur.
1741 2870 1748 2875 ’

446 2985 512 3053 5⁰
562 2984 774 3053 Status
828 2983 1114 3073 religiosi
1168 2983 1512 3052 essentiam
1565 2982 1803 3052 habere
1847 2983 2185 3053 censendae
2229 2991 2386 3053 sunt
2429 3009 2642 3078 qene-

356 3101 563 3170 ratz’m
594 3099 702 3192 (ne
746 3100 1062 3169 inutiliter
1106 3099 1185 3168 de
1224 3099 1506 3189 singulis
1535 3099 1606 3167 in
1635 3099 2009 3189 particulari
2039 3120 2406 3169 sermonem
2447 3104 2643 3171 insti-

357 3217 643 3309 tuamus)
698 3217 993 3285 virorum
1040 3217 1568 3304 congregationes
1617 3214 1898 3305 praefatis
1941 3215 2220 3300 similes3
2275 3216 2336 3283 id
2383 3224 2508 3300 est,
2567 3217 2644 3285 in

358 3330 597 3419 quibus
642 3330 960 3421 reperitur
1021 3330 1225 3399 trium
1269 3334 1570 3399 votorum
1611 3330 2029 3420 perpetuitas,
2072 3347 2432 3419 eorumque
2471 3330 2646 3421 legi-

358 3444 519 3515 tima
568 3446 948 3535 acceptati05
1002 3444 1195 3513 modo
1264 3450 1482 3515 tamen
1551 3444 1870 3534 ejusmodi
1943 3446 2480 3534 congregationes
2559 3449 2641 3515 ita

356 3566 599 3635 fuerint
633 3570 880 3649 erectae,
928 3572 999 3633 ut
1036 3585 1167 3631 non
1213 3565 1345 3632 sint
1373 3564 1635 3633 illicitae.
1681 3560 1752 3633 Si
1793 3564 1970 3632 enim
2002 3586 2076 3632 ex
2116 3564 2430 3655 legitimae
2461 3588 2642 3637 erec-

358 3682 550 3751 tionis
592 3683 845 3751 det'ectu
882 3681 1131 3769 ‚illicitas
1172 3681 1403 3764 forent,
1460 3702 1592 3773 non
1623 3686 1830 3769 posset
1861 3681 1928 3747 in
1975 3679 2058 3748 iis
2097 3682 2370 3772 reperiri
2419 3694 2641 3752 status

346 3795 804 3887 perfectionis,
844 3815 966 3863 nec
1009 3800 1476 3886 consequenter
1515 3804 1734 3864 status
1767 3793 2149 3886 reliqiosus.
2185 3794 2388 3865 Nobis
2417 3804 2636 3867 autem

354 3922 612 3991 illicitas
646 3942 775 3989 non
826 3920 1029 3989 videri
1080 3918 1423 3988 hodiernas
1477 3920 2003 4009 congregationes
2023 3972 2043 4005 ,
2097 3940 2172 3989 ex
2215 3940 2292 3989 eo
2331 3924 2508 4012 quod
2559 3922 2638 3989 de

356 4037 506 4107 sola
548 4034 901 4106 Ordinarii
930 4034 1199 4106 licentia
1226 4042 1452 4105 erectae
1477 4034 1735 4119 fuerint,
1771 4034 2055 4105 diximus
2083 4042 2264 4126 parte
2291 4036 2362 4119 2,
2390 4034 2526 4127 cap.
2557 4034 2636 4119 2,

356 4153 398 4245 ἓ
426 4152 491 4224 3.
540 4152 848 4233 Quamvis
874 4152 1053 4222 enim
1081 4156 1257 4220 certo
1290 4156 1488 4219 exstet
1523 4149 1621 4219 lex
1656 4150 2088 4221 ecclesiastica
2109 4172 2221 4219 eas
2254 4148 2638 4242 prohibenS,

358 4268 610 4336 videtur
662 4275 883 4336 contra
922 4267 1132 4357 legem
1174 4266 1353 4335 illam
1398 4266 1797 4335 consuetudo
1839 4266 2126 4355 legitime
2158 4267 2300 4357 jam
2347 4266 2644 4358 proescri-

359 4370 579 4470 ps'isse.
630 4380 790 4461 Quae
818 4402 959 4449 mea
987 4381 1209 4472 opinio
1245 4381 1299 4449 si
1339 4402 1486 4451 vera
1511 4380 1620 4467 sit,
1663 4378 2003 4449 tribuenda
2039 4380 2236 4451 etiam
2269 4381 2394 4451 erit
2431 4386 2642 4451 status
