2834 4959
1171 304 1324 353 PARS
1369 306 1587 355 mum.
2442 306 2469 361 1
2486 303 2522 360 3

238 448 273 485 α
317 424 638 492 conferat.
697 421 1016 491 Probatur
1085 425 1414 515 imprimis
1486 426 1867 513 generaliter
1948 438 2075 497 tota
2150 430 2454 499 resolutio
2502 455 2518 497 :

231 566 266 603 ιι
325 536 490 627 quia
538 537 922 627 contingere
975 544 1182 629 potest
1265 546 1340 608 ut
1417 540 1655 630 aliquis
1734 541 1968 611 habeat
2039 542 2302 613 habitus
2370 566 2521 634 gra-

227 682 264 719 ιι
317 657 428 723 tiae
469 660 533 723 et
570 653 908 723 charitatis
945 654 1134 723 valde
1178 656 1487 743 intensos,
1542 662 1605 724 et
1650 678 1781 725 non
1830 657 2065 727 habeat
2108 658 2521 729 mortificatas

231 798 270 833 «ι
317 771 672 861 passiones,
741 792 866 838 nec
931 776 1116 840 actus
1191 771 1483 841 heroicos
1534 772 1639 839 vel
1686 772 1997 862 periectos
2064 776 2317 844 virtutis
2388 774 2519 842 fre-

229 908 266 945 «
313 890 590 969 quenter
640 878 748 947 vel
794 880 1120 949 ordinarie
1199 882 1414 965 faciat,
1460 882 1829 973 saepiusque
1876 882 2216 953 venialiter
2273 892 2511 974 peccet.
2634 904 2640 911 ’

233 1020 272 1058 α
315 992 518 1061 Hunc
559 1002 777 1063 autem
825 1016 1022 1063 nemo
1058 995 1225 1063 dicet
1271 1018 1406 1065 esse
1465 996 1849 1087 perfectum,
1904 996 2005 1065 vel
2062 998 2517 1089 perfectionem

245 1136 284 1175 ιι
323 1108 640 1177 charitatis
699 1116 1090 1179 assecutum.
1163 1109 1221 1179 E
1303 1112 1627 1180 contrario
1695 1134 1849 1183 vero
1912 1112 2053 1181 fieri
2118 1119 2325 1204 potest
2356 1166 2375 1199 ,
2446 1124 2524 1184 ut

241 1251 280 1288 α
314 1223 550 1312 aliquis
585 1222 830 1293 habens
881 1224 1262 1294 charitatem
1321 1227 1547 1295 minus
1600 1228 1948 1308 intensam,
1998 1226 2359 1299 moderatos
2402 1228 2515 1299 ha·

227 1365 264 1404 «
307 1339 460 1407 beat
487 1338 748 1408 affectus
778 1391 798 1419 ,
853 1340 942 1408 ita
989 1346 1064 1408 ut
1105 1340 1295 1411 facile
1337 1348 1400 1410 et
1446 1340 1773 1411 ordinarie
1826 1344 2101 1416 venialia
2165 1344 2321 1411 vitet
2364 1366 2519 1434 pec·-

219 1484 256 1523 «
303 1460 482 1539 cata,
533 1462 598 1522 et
647 1461 1014 1523 constanter
1053 1456 1358 1525 virtutem
1397 1464 1725 1547 operetur,
1776 1478 1853 1527 ac
1907 1458 2177 1547 proinde
2224 1460 2293 1527 in
2346 1466 2513 1529 statu

219 1598 256 1635 α
304 1571 750 1661 perlectorum
799 1568 906 1639 sit.
968 1568 1137 1661 Ergo
1183 1571 1324 1640 haec
1383 1572 1711 1663 perfectio,
1768 1594 1811 1641 a
1858 1594 1991 1662 qua
2039 1572 2361 1644 nimirum
2398 1574 2515 1643 ho-

223 1712 260 1750 «
309 1690 524 1754 mines
579 1692 892 1754 vocantur
971 1686 1258 1777 perfecti,
1329 1709 1463 1757 non
1532 1687 1797 1757 habitus
1860 1690 2295 1756 intensionem
2326 1740 2347 1771 ,
2402 1692 2513 1757 sed

235 1827 272 1863 a
309 1800 499 1867 aliam
539 1800 982 1869 conditionem
1011 1823 1128 1869 seu
1157 1802 1647 1891 dispositionem
1696 1822 1983 1890 personae
2026 1802 2328 1890 postulat,
2366 1824 2512 1891 quae

247 1940 284 1980 ιι
321 1936 390 1982 ex
433 1916 570 1985 aliis
621 1914 1048 2005 qualitatibus
1081 1916 1443 2004 consurgit,
1497 1914 1801 2004 quamvis
1874 1914 2153 1981 intensio
2196 1914 2277 1980 ad
2328 1915 2512 1983 illam

231 2056 270 2095 α
291 2032 522 2118 juvare
551 2030 816 2121 possit»
862 2029 1024 2111 (loco
1051 2031 1262 2113 citato,
1295 2051 1363 2097 n.
1404 2028 1537 2119 10).
1580 2027 1859 2118 Reponit
1902 2048 2137 2119 nempe
2174 2025 2511 2101 Suaresius

215 2145 685 2237 perfectionem
707 2147 786 2215 in
839 2144 1134 2237 quadam
1179 2145 1596 2215 convenienti
1639 2144 2070 2235 dispositione
2097 2166 2211 2213 seu
2248 2144 2509 2215 habili-

213 2278 361 2335 tate
389 2266 716 2357 proxima
741 2263 1146 2356 adperfecte
1185 2264 1599 2356 operandum
1629 2265 1843 2354 juxta
1878 2262 2131 2332 Christi
2163 2276 2509 2355 praecepta

211 2395 277 2451 et
317 2380 612 2449 consilia
649 2379 864 2471 (ibid.,
897 2402 966 2447 n.
1007 2378 1134 2470 11).
1185 2378 1372 2450 Unde
1416 2388 1479 2447 et
1508 2380 1859 2465 concludit,
1906 2404 1945 2445 «
1982 2400 2166 2469 posse
2218 2378 2505 2468 aliquem

219 2526 256 2563 α
311 2496 490 2587 apud
535 2496 752 2564 Deum
779 2517 914 2565 esse
963 2498 1378 2583 sanctiorem,
1415 2500 1478 2563 et
1512 2494 1951 2563 nihilominus
2000 2514 2135 2563 esse
2189 2494 2507 2582 imperfe-

226 2638 266 2677 α
314 2612 606 2698 ctiorem,
632 2609 702 2678 id
733 2616 851 2695 est,
891 2612 962 2679 in
987 2610 1190 2699 gradu
1232 2610 1525 2679 inferiori
1562 2608 1773 2699 quoad
1802 2608 2071 2680 modum
2102 2608 2507 2699 perfectionis

226 2754 264 2792 a
323 2726 617 2795 existere:
649 2732 712 2794 et
747 2730 1206 2816 consequenter
1232 2746 1416 2817 posse
1464 2724 1751 2814 aliquem
1796 2725 2021 2793 minus
2050 2724 2405 2814 perfectum
2432 2726 2503 2793 in

218 2868 260 2907 ει
313 2838 430 2907 hac
453 2844 580 2909 vita
616 2840 700 2908 ad
740 2840 1186 2933 perfectiorem
1235 2838 1709 2909 beatitudinem
1758 2840 1831 2907 in
1870 2838 2069 2907 altera
2098 2839 2434 2929 pervenire
2458 2864 2495 2903 »

215 2957 436 3049 (ibim,
469 2956 598 3049 12).
1500 3005 1505 3013 -

299 3070 686 3141 Psorosmo
710 3071 808 3142 IV
808 3078 858 3141 ⁸.
886 3108 976 3123 -
997 3070 1330 3161 Perfectio
1367 3080 1461 3139 est
1507 3069 1801 3137 charitas
1858 3067 1962 3135 ita
2016 3064 2387 3135 habitualis
2434 3081 2501 3135 et

221 3186 504 3269 intensa,
543 3196 625 3253 ut
664 3184 998 3253 hominem
1015 3184 1328 3275 prooeae‘me
1355 3181 1669 3274 disponat
1714 3178 1807 3249 ad
1830 3176 2164 3270 aqendum
2182 3179 2387 3269 facile
2434 3193 2501 3249 et

221 3297 558 3369 ordinarie
579 3302 792 3391 juxta
819 3298 942 3367 Dei
951 3310 1292 3388 praecepta
1313 3310 1377 3365 et
1411 3296 1711 3365 consilia.
1743 3292 2165 3379 -Dicimu3,
2203 3294 2265 3362 1⁰
2294 3296 2499 3387 perfe-

217 3418 498 3486 ctionem
529 3436 664 3485 οπο
686 3415 1079 3501 charitatem,
1111 3415 1306 3503 idque
1345 3413 1417 3481 in
1441 3411 1817 3481 definitione
1848 3408 2158 3501 ponimus
2184 3416 2491 3499 tanquam

213 3552 458 3621 genus:
503 3538 568 3601 et
589 3531 822 3601 merito
844 3527 1136 3621 quidem.
1163 3526 1332 3595 Nam
1358 3525 1663 3617 perfectio
1692 3523 2037 3615 cujuslibet
2084 3526 2251 3593 entis
2298 3524 2370 3590 in
2420 3542 2495 3589 eo

209 3652 308 3715 est
329 3655 404 3715 ut
427 3646 510 3715 ad
541 3647 764 3726 finem,
795 3650 1053 3735 propter
1081 3664 1277 3733 quem
1305 3646 1593 3709 creatum
1642 3646 1759 3717 est,
1791 3638 2031 3721 tendat,
2064 3638 2252 3727 eique
2276 3634 2495 3705 adhae-

211 3765 369 3827 reat.
402 3757 588 3829 Finis
615 3762 832 3827 autem
875 3754 1148 3832 ultimus
1189 3739 1479 3822 ho’minis
1508 3759 1603 3820 est
1628 3749 1797 3819 Deus
1822 3749 1958 3841 ipse
1984 3774 2001 3834 ;
2044 3748 2223 3817 unde
2251 3752 2314 3813 et
2338 3764 2497 3837 per-

207 3874 402 3943 fectio
427 3873 753 3943 hominis
736 3894 806 3940 m
828 3892 904 3940 eo
929 3876 1024 3939 est
1049 3876 1122 3937 ut
1142 3868 1278 3937 Deo
1311 3876 1623 3957 tanquam
1652 3864 1769 3933 fini
1808 3886 1931 3933 suo
1952 3862 2188 3930 ultimo
2216 3880 2293 3929 ac
2314 3882 2495 3929 sum-

207 4013 324 4059 mo
343 3990 518 4059 bono
535 3988 895 4057 adhaereat:
927 4006 1076 4076 quae
1097 3982 1377 4053 adhaesio
1415 3980 1582 4052 nihil
1612 3981 1791 4050 aliud
1826 3984 1923 4047 est
1944 3994 2141 4065 quam
2186 3974 2487 4043 charitas.

201 4104 385 4195 Ergo
407 4104 711 4196 perfectio
737 4102 1024 4173 hominis
1069 4122 1202 4170 non
1245 4102 1455 4191 potest
1487 4119 1622 4167 esse
1676 4069 1924 4183 aliquid
1962 4110 2001 4157 a
2046 4090 2357 4159 charitate
2380 4110 2494 4159 seu

203 4220 555 4291 dilectione
579 4217 698 4289 Dei
715 4220 1063 4289 diversum.
1096 4216 1180 4285 Et
1199 4236 1421 4285 revera
1443 4212 1639 4281 sacris
1655 4207 1915 4279 Litteris
1940 4205 2255 4276 docemur
2282 4206 2495 4273 homi·

205 4360 392 4423 nem,
419 4336 538 4407 etsi
561 4335 806 4406 caeteris
833 4332 1180 4401 virtutibus
1219 4328 1597 4421 praeditum,
1628 4327 1685 4395 si
1710 4330 1930 4393 tamen
1950 4322 2331 4393 charitatem
2354 4338 2487 4389 non
