2834 4959
380 307 501 363 316
552 262 573 287 κ
952 311 1295 361 Tmcnws
1334 314 1415 359 DE
1452 312 1600 361 sm
1645 312 2066 361 mmmmm.

382 445 645 511 «ferme
680 442 1017 511 civitatum
1064 444 1338 512 solitudo
1382 450 1450 510 et
1493 442 1902 534 depopulatio
1945 442 2416 535 expectabatur.
2455 442 2648 514 Unde

389 588 425 626 α
452 558 530 627 ad
580 558 703 627 hoc
749 557 1127 627 evitandum
1168 557 1691 643 incommodum,
1743 578 1980 626 novam
2027 558 2096 625 in
2133 558 2409 649 propriis
2440 558 2659 627 domi-

394 706 428 740 a
456 675 583 743 bus
632 673 889 742 vivendi
944 673 1215 741 formam
1272 671 1449 740 idem
1487 678 1748 741 sanctus
1793 670 1900 740 his
1946 674 2366 764 praescripsit,
2405 652 2482 741 in
2527 674 2656 764 piis

391 816 426 855 α
460 788 793 881 operibus,
846 786 1273 871 abuinentiis,
1324 786 1593 877 jeJ‘uniis
1629 792 1694 854 et
1742 786 2160 878 poenitentiis.
2217 786 2391 857 Hinc
2431 788 2657 879 hujus-

391 931 425 970 «
470 904 649 973 modi
708 902 1002 992 regulam
1073 908 1413 993 sequentes
1469 901 1550 971 de
1589 902 1996 994 poenitentia
2051 902 2315 971 fuerunt
2367 902 2550 990 dicti,
2601 909 2660 972 et

398 1048 431 1086 α
480 1017 819 1097 Tertiarii,
846 1020 910 1086 in
934 1020 1211 1111 propriis
1232 1018 1536 1087 domibus
1559 1019 1844 1088 viventes
1865 1018 1989 1085 viri
2017 1024 2080 1087 et
2107 1019 2438 1099 mulieres,
2467 1020 2660 1089 etiam

390 1164 425 1198 a
467 1134 733 1205 uxorati.
782 1134 943 1217 Quae
988 1136 1173 1201 tertia
1216 1134 1442 1223 regula
1491 1134 1796 1203 instituta·
1829 1133 1954 1203 fuit
1998 1156 2168 1203 anno
2217 1134 2416 1220 1221,
2457 1128 2656 1204 aetati‘s
2789 1178 2791 1193 ‹

402 1282 435 1321 «
462 1276 593 1322 suae
634 1253 749 1340 39,
790 1260 934 1343 post
968 1250 1049 1320 13
1092 1272 1295 1320 annos
1323 1250 1405 1320 ab
1447 1250 1738 1319 instituto
1776 1252 2005 1343 primae
2031 1250 2296 1341 regulae.
2341 1248 2422 1319 Et
2449 1252 2550 1343 (ut
2573 1254 2656 1320 ait

394 1396 429 1434 ι(
460 1368 536 1437 D.
582 1370 864 1450 Anton.‚
898 1372 1077 1456 parte
1102 1366 1143 1435 3
1174 1366 1357 1445 hist„
1388 1366 1486 1434 tit.
1529 1366 1642 1447 24,
1682 1386 1823 1455 cap.
1876 1367 1940 1453 1,
1971 1366 2012 1457 ἓ
2038 1366 2108 1456 2)
2145 1366 2458 1456 fraterna
2483 1364 2655 1433 dile-

400 1510 435 1549 «
468 1484 679 1551 ctione
714 1480 1004 1549 devictus
1030 1482 1258 1549 beatus
1282 1481 1698 1568 Franciscus‚
1723 1480 2052 1549 adinstar
2077 1480 2484 1573 patriar-aha»
2517 1483 2661 1551 Noe

403 1622 438 1661 α
462 1618 687 1663 arcam
724 1595 1117 1687 fabricavit,
1147 1610 1213 1665 et
1245 1596 1748 1664 tricameratam
1770 1595 1962 1685 feeit,
1994 1593 2376 1685 reliqionem
2404 1591 2656 1660 seilicet
2790 1600 2791 1643 3

406 1738 441 1777 «
462 1713 789 1801 fratrum,
836 1712 1261 1798 monialium,
1306 1722 1373 1779 et
1408 1712 1594 1780 tertii
1630 1709 1924 1794 ordinis,·
1949 1722 2026 1779 ut
2059 1709 2431 1778 habitantes
2459 1708 2532 1776 in
2573 1728 2652 1775 ea
2790 1716 2791 1719 ’

404 1852 439 1891 α
465 1840 903 1918 praeservat-et
945 1850 991 1896 a
1038 1825 1287 1897 diluvio
1316 1825 1633 1894 vitiorum
1667 1835 1734 1893 et
1777 1837 1990 1894 morte
2031 1825 2425 1915 inferorum,
2471 1823 2658 1892 omni
2790 1816 2791 1831 ³

406 1968 442 2010 α
470 1943 685 2012 statui
706 1944 975 2037 cupiens
998 1941 1355 2012 dilectione
1376 1940 1746 2034 providere.
1779 1965 1813 2007 n

490 2058 558 2127 3⁰
608 2058 943 2147 Ejusmodi
991 2059 1456 2127 Tertiariorum
1493 2078 1568 2125 ac
1610 2054 2074 2125 Tertiariarum
2129 2055 2506 2124 institutum
2540 2052 2656 2122 sub

398 2172 648 2261 duplici
684 2172 893 2240 [orma
922 2178 1349 2262 propagatum
1376 2179 1515 2238 est:
1561 2172 1920 2240 viventium
1961 2192 2194 2261 nempe
2219 2169 2652 2260 collegialiter‚
2790 2170 2791 2217 ἕ

400 2297 461 2354 et
510 2286 885 2374 degentium
944 2286 1285 2375 sejunctim
1332 2285 1402 2352 in
1452 2284 1716 2377 privatis
1764 2285 2088 2355 domibus.
2131 2284 2208 2353 Id
2255 2284 2470 2375 quoad
2519 2282 2658 2353 Ter-
2790 2352 2791 2359 χ

398 2401 619 2468 tiarias
644 2400 904 2471 adnotat
930 2398 1315 2467 Benedictus
1342 2398 1504 2468 XIV
1529 2398 1745 2490 (citata
1771 2401 2193 2471 institutione
2219 2400 2374 2488 105,
2407 2420 2481 2469 n.
2513 2397 2614 2487 61)
2636 2420 2652 2463 :
2790 2450 2791 2461 ,

407 2542 443 2580 α
472 2514 565 2582 Ex
618 2515 775 2605 ipsis
830 2513 998 2599 aliae,
1050 2514 1292 2604 inquit,
1357 2516 1626 2606 privatis
1681 2515 1986 2586 domibus
2031 2517 2500 2599 immorantur,
2553 2532 2656 2581 nec
2790 2550 2791 2555 =

409 2654 447 2694 α
480 2629 682 2697 ullam
738 2650 890 2697 cum
948 2630 1194 2698 caeteris
1246 2630 1486 2699 habent
1537 2632 1948 2700 societatem:
2003 2630 2144 2700 alia»,
2199 2650 2350 2698 vero
2403 2629 2485 2697 in
2537 2647 2654 2697 uno
2790 2636 2791 2643 ’

408 2742 809 2814 «domicilio
858 2744 1059 2815 simul
1110 2748 1629 2837 conjunguntur.
1679 2770 1716 2813 n
1767 2746 1938 2828 Quid
1987 2744 2068 2814 de
2113 2756 2386 2835 utraque
2425 2744 2661 2816 Tertia-
2790 2790 2791 2839 3

400 2860 651 2929 riarum
710 2861 919 2952 specie
962 2863 1115 2952 jure
1159 2867 1432 2931 cautum
1485 2863 1702 2948 fuerit,
1754 2862 2047 2953 primum
2089 2862 2213 2931 sub
2261 2860 2661 2953 sequentibus
2790 2948 2791 2953 ἵ

398 2977 816 3068 paragraphis
844 2976 1323 3068 expendemus3
1366 2984 1510 3048 tum
1544 2984 1607 3047 et
1641 2978 1853 3069 quoad
1893 2979 2066 3047 viros
2110 2976 2458 3048 Tertiarios
2499 2976 2658 3047 idem

398 3094 870 3183 praestabimus.
2790 3106 2791 3119 ¹

1467 3328 1512 3418 g
1534 3324 1616 3394 Π.

912 3487 980 3540 De
1008 3488 1267 3541 Tertlarns
1294 3499 1409 3551 quae
1427 3490 1480 3539 in
1505 3491 1610 3541 suls
1635 3488 1828 3541 aedtbus
1853 3490 2140 3539 morantur.

492 3653 541 3721 1.
590 3654 925 3745 Ejusmodi
974 3656 1304 3728 Tertiariae
1358 3678 1488 3725 non
1549 3656 1884 3726 censendae
1935 3663 2087 3726 sunt
2133 3676 2494 3748 suppressae
2543 3670 2649 3721 nec

400 3770 743 3861 Prohibitae
786 3793 900 3862 per
946 3772 1471 3843 constitutionem
1509 3774 1712 3841 sancti
1758 3771 1858 3842 Pii
1896 3772 1985 3861 V,
2017 3794 2164 3863 quae
2210 3773 2447 3863 incipit
2489 3769 2656 3841 Circa

394 3888 767 3975 pastoralis
816 3886 927 3979 (29
974 3888 1131 3957 maii
1180 3888 1401 3978 1566).
1449 3888 1704 3957 Etenim
1750 3888 2022 3978 hujusce
2067 3888 2540 3958 constitutionis
2571 3882 2653 3951 di·
2790 3936 2791 3939 ,

401 4001 687 4092 spositio,
746 4026 895 4095 quae
944 4003 1276 4075 Tertiariis
1328 4003 1724 4085 adversatur,
1781 4009 1845 4073 et
1895 4024 2092 4093 quam
2150 4003 2319 4072 infra
2372 3998 2654 4072 transcri-

400 4111 646 4194 bimus,
694 4115 827 4205 agit
871 4116 1179 4185 duntaxat
1224 4117 1302 4185 de
1357 4114 1692 4183 Tertiariis
1736 4136 1885 4205 quae
1927 4113 2370 4205 colleqialiter
2415 4114 2647 4187 vivunt,

392 4226 633 4317 absque
676 4232 837 4299 votis
882 4231 1278 4302 solemnibus
1320 4238 1381 4300 et
1426 4231 1763 4319 clausura3
1795 4250 1927 4298 non
1967 4236 2184 4300 autem
2219 4231 2296 4299 de
2335 4225 2649 4299 Tertiariis

394 4362 539 4429 quae
562 4344 891 4433 privatim
920 4347 989 4413 in
1012 4348 1295 4437 propriis
1322 4345 1572 4417 aedibus
1607 4352 1970 4415 morantur.
2016 4343 2370 4415 ludubium
2401 4346 2466 4413 id
2491 4336 2646 4432 apud
