2834 4959
1055 361 1208 410 mus
1253 363 1548 414 secum-A.
2318 377 2437 434 303

164 501 198 542 α
225 483 288 544 et
323 475 445 546 hic
485 477 636 568 plus
677 478 854 568 juris
901 480 1022 549 sihi
1069 503 1347 554 asserere
1398 490 1630 579 nequit
1686 513 1885 582 quam
1940 498 2215 589 simplex
2256 525 2438 576 exer—

157 619 192 658 «
217 591 460 662 citium
505 615 709 680 curae,
747 599 826 662 ut
849 597 1182 686 respondit
1207 599 1402 688 Rota,
1448 603 1521 672 in
1558 605 1929 680 Ariminen.
1955 613 2437 709 Functionum,

154 729 422 800 «super
448 707 680 798 primo
715 706 919 781 dubio
967 709 1053 782 13
1071 713 1267 802 junii
1297 716 1495 803 1746,
1533 719 1653 810 ἓ·2
1682 733 1746 790 et
1772 723 1840 811 6,
1877 747 2010 795 cor.
2045 727 2193 800 bon.
2236 756 2435 806 mem.

153 855 188 898 α
211 833 394 902 Lan.
446 829 816 902 consensus
862 841 1082 904 autem
1129 838 1209 908 de
1253 861 1384 930 quo
1432 843 1673 933 agitur,
1717 868 1853 917 non
1898 857 1990 918 est
2038 860 2441 943 praestandus

149 967 190 1008 ι
217 943 472 1012 ratione
498 943 792 1014 exercitii
813 965 1012 1016 c‘urae.
1039 971 1079 1012 »

238 1061 620 1134 Pnorosrno
659 1065 776 1140 11⁸.
816 1106 910 1120 —
941 1067 1181 1138 curati
1206 1070 1300 1142 ad
1321 1084 1567 1143 nutum
1598 1080 2009 1163 amovibiles‚
2042 1085 2105 1154 si
2131 1109 2267 1157 non
2294 1093 2435 1162 sint

141 1181 370 1250 simul
415 1183 645 1252 vicarii
686 1184 898 1275 (verbi
935 1189 1187 1280 qratia,
1232 1193 1493 1264 Gallice
1527 1207 1593 1264 et
1636 1198 1859 1289 Belqii
1898 1207 2428 1301 succursalistoe),

141 1298 386 1388 quoad
433 1298 811 1390 faciendam
849 1325 1178 1374 novorum
1227 1322 1669 1380 conventuum
1686 1315 2207 1404 fundationibus.
2228 1346 2433 1416 oppo-

141 1420 482 1504 sitionem,
509 1419 676 1488 idem
685 1421 806 1511 jus
837 1421 1076 1494 habere
1101 1425 1412 1496 videntur
1450 1453 1531 1498 ac
1568 1435 1851 1522 parochi
1869 1442 2201 1530 perpetui.
2235 1477 2326 1496 —-
2356 1445 2429 1516 ld

141 1535 445 1623 sequitur
477 1555 552 1602 ex
585 1556 664 1603 eo
703 1536 881 1626 quod
932 1537 1210 1609 habeant
1257 1541 1662 1615 habitualem.
1701 1548 1899 1619 etiam
1932 1574 2183 1624 curam.
2238 1557 2427 1630 Tune

139 1649 384 1718 scilicet
410 1670 548 1718 non
575 1648 752 1720 adest
791 1653 1032 1744 aliquis
1061 1661 1270 1726 rector
1297 1661 1699 1752 principalis,
1744 1667 1823 1735 ad
1871 1690 2067 1759 quem
2099 1673 2211 1760 jus
2261 1675 2427 1746 illud

141 1764 479 1853 pertineat.
504 1763 676 1855 Ergo
705 1766 995 1858 ipsismet
1019 1773 1519 1864 succursalistis,
1550 1776 1701 1848 lieet
1724 1780 1804 1848 ad
1834 1788 2072 1851 nutum
2105 1789 2423 1858 amovibi-

143 1875 330 1965 libus,
358 1877 470 1968 jus
495 1875 661 1946 illud
694 1877 1198 1952 adscribendum
1227 1889 1345 1952 est.

1070 2128 1352 2200 CAPUT
1389 2129 1476 2202 V.

143 2371 212 2416 ΒΕ
251 2371 578 2428 uomsrro
615 2372 1060 2422 immotosomm
1096 2377 1370 2439 meno,
1415 2379 1499 2426 11¹1·
1538 2379 1688 2429 uovl
1732 2383 2091 2436 GONVENTUS
2138 2391 2411 2440 vmontm

1013 2474 1180 2522 Emol
1223 2477 1529 2527 VALEART.

225 2664 278 2733 1.
317 2663 696 2736 Tridentino
721 2668 1002 2760 synodus
1041 2669 1218 2759 (sess.
1266 2669 1380 2748 25.
1422 2670 1501 2740 de
1526 2675 1719 2762 Κεφ,
1754 2695 1899 2766 cap.
1932 2678 2003 2766 3)
2028 2681 2309 2760 decrevit
2343 2687 2413 2756 in

143 2779 328 2850 hunc
345 2782 610 2856 modum
645 2808 664 2854 z
699 2781 1128 2877 Inpraedictis
1153 2795 1382 2854 autem
1405 2786 1820 2856 monasteriis
1840 2801 1905 2857 et
1928 2791 2416 2884 domibus,tam

141 2895 437 2965 virorum
471 2921 684 2990 quam⁸
715 2899 1111 2990 mulierum,
1160 2899 1334 2976 bona
1362 2901 1745 2970 immobilia
1778 2905 2268 2994 possidentibus
2310 2915 2415 2982 vel

141 3031 274 3080 non
290 3013 798 3106 possidentibus,
815 3017 870 3084 is
887 3027 1155 3088 tantum
1177 3039 1492 3086 numerus
1510 3017 1978 3108 constituatur,
1999 3045 2078 3092 ac
2108 3024 2179 3092 in
2198 3039 2415 3116 poste-

137 3147 283 3197 rum
300 3143 743 3219 conservetur,
763 3131 1010 3224 quive!
1033 3154 1115 3201 ea·
1130 3131 1493 3202 redditibus
1510 3135 1805 3226 propriis
1828 3139 2409 3228 monasteriorum,

137 3242 236 3312 vel
256 3267 336 3314 ex
356 3249 684 3318 consuetis
711 3247 1138 3341 eleemosynis
1165 3248 1502 3320 commode
1524 3251 1738 3342 possit
1754 3255 2138 3356 sustentari.

215 3357 298 3428 ΙΙ.
321 3359 679 3452 Gregorius
704 3363 859 3451 XV,
887 3366 1342 3438 constitutione
1369 3367 1544 3436 Cum
1568 3366 1771 3448 alias,
1810 3366 1889 3434 17
1920 3373 2183 3460 augusti
2206 3371 2407 3465 1622,

135 3471 577 3548 Tridentinam
613 3480 1016 3551 sanctionem
1057 3479 1267 3572 magis
1306 3482 1747 3551 determinans
1786 3482 1875 3550 ita
1912 3485 2227 3576 disposuit
2262 3516 2279 3558 ε
2319 3493 2411 3556 De

135 3602 360 3662 coetero
376 3597 885 3684 monasterium,
905 3607 1290 3686 conventus,
1314 3595 1573 3686 domus,
1600 3598 2049 3690 conqreqatio,
2079 3602 2185 3670 vel
2212 3601 2411 3672 socie-

135 3713 230 3774 tas
252 3707 720 3799 reliqiosorum
762 3733 879 3780 seu
911 3710 1359 3802 reqularium,
1402 3712 1851 3805 cujuscunque
1886 3712 2113 3805 (etiam
2144 3717 2409 3786 mendi-

129 3821 450 3914 cantium)
465 3824 742 3915 ordinis‚
759 3826 1094 3901 societatis
1116 3838 1181 3895 et
1195 3825 1522 3913 instituti,
1540 3850 1929 3922 quocunque
1950 3829 2219 3899 nomine
2236 3853 2409 3901 nun-

131 3947 563 4030 cupentur...,
585 3963 722 4012 non
740 3943 1117 4034 eriqantur,
1141 3942 1281 4011 nisi
1305 3942 1381 4012 in
1410 3964 1483 4013 eo
1508 3943 1744 4014 saltem
1766 3943 2113 4016 duodecim
2130 3947 2407 4040 fratres,

135 4061 250 4120 aut
271 4054 608 4146 monachi,
635 4080 749 4126 seu
769 4057 1083 4149 reliqiosi,
1121 4040 1529 4148 inhabitare,
1555 4081 1635 4128 ac
1662 4082 1745 4130 ex
1771 4059 2134 4130 redditibus
2162 4074 2227 4130 et
2258 4085 2410 4134 oon-

136 4169 324 4237 suetis
383 4169 820 4264 eleemosynis
842 4173 1211 4270 sustentari
1232 4174 1530 4243 valeant.

214 4285 327 4360 111.
385 4285 510 4361 Die
556 4293 636 4364 21
685 4292 866 4386 junii
916 4293 1088 4362 1625
1141 4293 1406 4384 prodiit,
1454 4297 1645 4386 jussu
1722 4303 1786 4363 et
1842 4297 2219 4366 auctoritate
2274 4297 2405 4370 Ur-

135 4399 280 4472 bani
332 4403 513 4495 vlu,
572 4411 908 4479 decretum
961 4407 1172 4478 Sacrae
1227 4409 1757 4500 Congregationis
1812 4409 2114 4498 Concilii,
2164 4418 2403 4486 tenoris
