2834 4959
1195 389 1348 436 rans
1393 387 1655 449 onaan.
2433 385 2559 442 563

279 539 424 586 non
447 524 802 605 exemptae,
836 521 900 579 et
929 510 1192 580 etiamsi
1219 523 1376 579 vota
1406 511 1737 579 solemnia
1770 533 1905 580 non
1940 511 2254 596 habeant,
2290 515 2383 584 ad
2406 518 2566 586 reci-

270 630 604 726 piendam
647 628 948 720 aliquam
999 624 1351 694 novitiam.
1381 663 1471 678 -
1494 623 1676 695 Hanc
1716 626 2008 716 regulam
2050 628 2415 716 generalem
2458 633 2567 702 ad-

283 745 569 816 mittunt
604 744 892 812 doctores
933 739 1392 810 communiter.
1435 738 1623 820 Quod
1661 741 1868 823 enim,
1899 741 1980 810 de
2014 744 2163 832 jure
2200 747 2563 834 communi,

295 861 674 952 requiratur
757 857 952 926 etiam
1035 854 1527 926 communitatis
1600 874 1969 941 consensus,
2024 857 2160 946 jam
2228 865 2575 930 asserentes

297 977 675 1059 audivimus
747 971 1148 1056 Suaresium,
1232 969 1607 1040 Ferrarium
1674 977 1737 1038 et
1785 968 2245 1043 Pellizarium:
2305 979 2369 1043 et
2416 997 2577 1045 con-

309 1089 579 1160 cordare
606 1093 867 1158 c‘aeteros
895 1085 1201 1178 reperies,
1235 1083 1431 1175 Ergo,
1464 1105 1597 1154 non
1625 1084 2195 1175 consentientibus,
2226 1109 2337 1158 seu
2368 1090 2583 1160 invitis

311 1204 742 1292 monialibus,
769 1202 1068 1292 nequibit
1096 1200 1347 1270 admitti
1395 1200 1659 1286 novitia,
1688 1205 2107 1293 quantumvis
2148 1205 2215 1273 id
2260 1205 2588 1298 praecipiat

317 1323 707 1414 EpiscopuS,
737 1327 798 1388 et
823 1319 976 1388 licet
1003 1315 1319 1386 moniales
1346 1337 1480 1386 non
1508 1317 1639 1385 sint
1663 1326 1993 1410 exemplae.

403 1436 511 1508 Ab
558 1436 682 1504 bac
739 1443 954 1505 tamen
1009 1433 1300 1524 generali
1346 1433 1595 1522 regula,
1642 1435 1847 1525 excipi
1895 1437 2103 1504 solent
2144 1436 2275 1506 duo
2336 1459 2519 1508 casus
2564 1463 2583 1507 ε

317 1579 355 1620 α
397 1553 466 1620 1⁰
493 1551 572 1620 In
610 1551 1014 1620 monasteriis
1059 1569 1206 1641 quae
1245 1546 1581 1617 abundant
1615 1547 1971 1618 redditibus
2007 1556 2070 1619 et
2113 1553 2450 1643 patiuntur
2482 1553 2592 1624 de-

315 1695 356 1736 «
387 1669 628 1739 fectum
707 1665 1096 1736 monialium
1138 1688 1154 1732 ι
1217 1683 1372 1732 nam
1438 1667 1639 1753 potest
1682 1662 2039 1757 Episcopus
2094 1687 2353 1736 monere
2404 1667 2599 1738 abba·

315 1811 358 1852 «
390 1784 618 1854 tissam
671 1787 732 1852 et
780 1787 1197 1864 conventum,
1251 1785 1325 1848 ut
1383 1778 1464 1848 de
1516 1798 1685 1847 novo
1734 1777 2005 1847 debeant
2056 1779 2307 1871 aliquas
2349 1804 2587 1853 creare.

323 1926 364 1966 <a
391 1897 584 1980 Quod
632 1898 687 1965 si
738 1896 906 1964 infra
953 1895 1312 1964 terminum
1349 1893 1441 1964 eis
1488 1879 1843 1985 praeflxum'
1872 1914 2005 1962 non
2044 1903 2367 1986 parerent,
2417 1886 2627 1989 posse'

332 2039 372 2078 «
399 2012 794 2104 Episcopum
857 2008 1312 2100 negligentiam
1380 2007 1707 2100 supplere,
1760 2008 1981 2097 ibique
2054 2011 2366 2080 moniales
2437 2033 2597 2082 con-

327 2131 739 2198 minuere...
789 2126 974 2207 Quod
1018 2133 1237 2195 tamen
1294 2146 1416 2216 ego
1458 2123 1751 2213 intelligo
1809 2145 2030 2194 verum
2078 2127 2150 2193 in
2195 2131 2597 2198 monasteriis

343 2271 378 2310 ι(
409 2265 542 2314 non
597 2243 954 2334 exemptis:
1009 2241 1167 2310 alias
1221 2241 1400 2309 enim
1454 2261 1585 2310 non
1642 2240 1987 2332 pertineret
2058 2241 2139 2309 ad
2208 2241 2603 2336 Episcopum

339 2359 704 2451 «supplere
753 2358 1133 2449 huJusmodi
1202 2356 1689 2448 negligentiam,
1757 2357 1867 2424 sed
1926 2357 2010 2425 ad
2075 2357 2337 2427 illarum
2412 2379 2606 2452 supe-

335 2501 374 2542 «
402 2477 684 2544 rioreS...
746 2473 980 2542 Atvero
1033 2477 1318 2540 cessante
1359 2471 1776 2561 negligentia,
1832 2471 2025 2540 etiam
2079 2472 2147 2540 in
2202 2476 2607 2543 monasteriis

337 2617 371 2656 α
403 2612 534 2659 non
585 2587 918 2678 exemptis,
960 2585 1346 2655 monialium
1396 2587 1677 2675 receptio
1728 2583 1807 2652 de
1852 2587 2005 2674 jure
2041 2586 2139 2676 (1)
2196 2609 2327 2657 non
2370 2595 2612 2680 spectat

335 2733 376 2772 α
404 2707 484 2776 ad
543 2705 958 2798 Episcopum,
1025 2703 1137 2770 sed
1201 2699 1282 2768 ad
1345 2699 1733 2768 abbatissam
1804 2706 1867 2765 et
1916 2706 2327 2769 conventum.
2369 2729 2405 2768 »
2463 2705 2610 2793 (Fa-

349 2843 632 2913 gnanus,
657 2823 729 2890 in
757 2841 901 2910 cap.
936 2821 1351 2900 Por-rectum,
1374 2813 1453 2883 de
1480 2812 1942 2905 Reqularibus,
1978 2835 2043 2880 n.
2072 2813 2213 2904 28.)

429 2937 498 3006 2⁰
529 2935 686 3006 ltem
743 2935 1118 3023 contingere
1177 2938 1404 3024 potest,
1460 2953 1535 3000 ex
1603 2929 1825 3020 aliquo
1860 2931 2013 3019 jure
2052 2929 2483 3022 particulari,
2542 2940 2615 3002 ut

327 3051 613 3144 receptio
663 3051 1062 3120 novitiarum
1146 3047 1465 3118 exclusive
1551 3043 1859 3137 pertineat
1936 3043 2013 3112 ad
2072 3043 2493 3136 Episcopum,
2542 3067 2617 3115 ac

339 3168 614 3262 proinde
655 3169 855 3260 possit
910 3167 1266 3258 Episcopus
1312 3171 1703 3233 conventum
1758 3182 1984 3251 cogere
2036 3159 2113 3228 ad
2176 3159 2463 3249 aliquam
2507 3161 2617 3230 ad-

333 3285 768 3365 mittendam3
811 3303 1044 3372 nempe
1097 3283 1199 3372 (ut
1247 3279 1336 3348 ait
1381 3277 1757 3368 Fagnauus,
1786 3275 1929 3344 loco
1975 3275 2190 3358 citato,
2224 3298 2293 3345 n.
2323 3273 2433 3367 32)
2485 3275 2613 3344 «in

341 3429 380 3468 α
405 3400 812 3472 monasteriis
851 3401 1148 3466 virorum
1201 3395 1302 3464 vel
1350 3392 1729 3471 mulierum,
1783 3411 1931 3481 quae
1972 3391 2058 3459 ita
2110 3397 2264 3460 sunt
2304 3391 2617 3484 Episcopo

337 3547 376 3587 α
405 3518 716 3609 subjecta,
743 3521 820 3584 ut
871 3515 948 3584 ad
997 3535 1153 3582 eum
1197 3514 1437 3603 spectet
1481 3507 1762 3599 receptio
1818 3504 2291 3575 monachorum
2332 3506 2435 3574 vel
2476 3529 2615 3576 mo-

341 3663 376 3702 α
403 3634 682 3706 nialium
710 3659 728 3721 ;
760 3637 938 3723 puta,
972 3653 1047 3699 ex
1083 3622 1549 3698 consuetudine
1575 3621 1998 3714 proeson'pta,
2032 3621 2129 3689 vel
2160 3619 2541 3712 privileqio.
2572 3647 2608 3688 κ

426 3747 784 3833 Caeterum,
847 3746 1094 3815 secluso
1148 3739 1467 3834 ejusmodi
1526 3734 1950 3827 exceptionali
2009 3738 2181 3825 jure,
2226 3756 2340 3802 seu
2392 3737 2617 3808 stando

337 3865 410 3933 in
457 3863 602 3954 jure
656 3862 1022 3944 communi,
1074 3864 1324 3926 certum
1380 3858 1478 3923 est
1530 3851 1613 3921 ab
1660 3849 2003 3920 Ordinario
2060 3851 2203 3938 cogi
2251 3870 2381 3917 non
2433 3873 2619 3941 posse

343 3979 668 4050 moniales
707 3978 787 4048 ad
840 3971 1280 4064 recipiendam
1334 3969 1619 4058 aliquam
1678 3965 2011 4034 novitiam.
2064 3963 2249 4046 Quod
2302 3967 2397 4034 sio
2450 3965 2620 4036 inter

406 4290 472 4352 (1)
493 4283 718 4346 intellige
747 4281 812 4332 de
850 4278 1020 4342 riqore
1039 4274 1206 4339 juris,
1241 4274 1394 4336 prout
1422 4278 1575 4334 snpra
1602 4264 1823 4316 diximus
1848 4278 1863 4310 ι
1885 4275 2005 4313 nam
2037 4277 2095 4315 ox
2117 4265 2349 4330 vener-ali
2368 4271 2625 4320 mmmm-

344 4377 466 4428 dine
515 4375 704 4436 requiri
745 4373 902 4420 ettam
943 4363 1192 4416 ordinarit
1232 4367 1563 4419 consensum,
1598 4352 1798 4420 quando
1820 4351 2063 4405 moniales
2085 4364 2187 4405 non
2215 4361 2334 4406 sunt
2364 4363 2627 4424 exemplat,

355 4467 601 4518 evincunt
623 4461 790 4512 allata
812 4453 1156 4508 auctoritates.
