2834 4959
942 309 947 312 ’
1060 311 1211 362 PARS
1258 313 1548 362 stonum.
2311 311 2392 368 2⁴
2403 311 2440 366 7

59 453 62 476 ÷
186 455 453 528 expresse
520 433 597 502 in
668 437 845 504 textu
914 433 1051 524 ipso
1136 434 1440 521 habetur,
1499 440 1564 505 et
1645 435 1954 508 adnotant
2009 447 2442 516 communiter

59 577 62 584 ·
186 552 536 624 canonistas.

60 723 62 752 ,
258 668 392 738 Jam
442 671 635 734 notos
680 663 879 732 habet
902 664 1105 735 lector
1150 666 1323 754 juris
1350 671 1584 752 textus,
1629 689 1665 736 e
1687 667 1930 757 quihus
1951 669 2186 760 pendet
2213 671 2445 740 solun‘o

59 757 62 850 3
184 779 503 871 propositae
538 777 945 868 quaestionis,
986 799 1073 846 an
1097 799 1332 872 nempe
1388 781 1539 848 novi
1583 789 1936 850 conventus
1987 782 2440 870 religiosorum

182 905 241 966 et
298 893 681 964 monialium
737 895 904 983 erigi
952 894 1206 964 valeant
1252 917 1405 964 cum
1454 875 1594 964 'sola
1621 894 1928 985 Episcopi
1978 893 2258 965 licentia.
2293 895 2438 966 Non

182 1012 358 1082 enim
392 1009 545 1077 alios
586 1007 845 1100 reperio
891 1030 927 1077 a
968 1007 1339 1079 doctoribus
1372 1008 1718 1097 allegatos3
1773 1009 1884 1080 sed
1921 1016 2050 1080 tota
2073 1012 2242 1080 inter
2265 1011 2438 1101 ipsos

59 1189 61 1192 ,
185 1122 539 1215 disceptatio
568 1123 739 1192 circa
762 1124 1247 1214 praemissorum
1268 1124 1766 1216 intelligentiam
1787 1125 2080 1194 vertitur.

1220 1454 1365 1544 gn.

182 1655 443 1719 Exponitur
467 1651 721 1701 sententia
742 1649 986 1711 Fagnanl,
1009 1651 1093 1712 qul
1114 1647 1368 1698 concludit
1377 1651 1710 1700 necessariam
1725 1663 1830 1702 non
1846 1664 1954 1703 esse
1970 1653 2032 1702 de
2047 1655 2160 1714 jure
2173 1658 2427 1708 communi

228 1743 481 1794 licentiam
500 1738 639 1790 sedis
659 1735 969 1807 Apostollcae,
989 1739 1086 1788 nist
1109 1737 1273 1801 quoad
1295 1739 1606 1803 Capu-seinos
1623 1743 1676 1788 et
1697 1741 1910 1791 Minores
1932 1741 1994 1791 de
2019 1741 2342 1796 observantia
2354 1783 2367 1796 .

268 1993 301 2033 α
326 1967 553 2049 Quaero
598 1989 685 2036 an
710 1965 1097 2036 monasteria
1143 1973 1272 2035 tam
1313 1969 1604 2036 virorum
1635 1987 1837 2058 quam
1867 1967 2224 2035 mulierum
2272 1970 2434 2059 erigi

183 2107 213 2147 α
238 2086 471 2172 possint
500 2084 581 2152 de
614 2083 879 2153 licentia
907 2083 1103 2152 solius
1142 2083 1504 2176 Episcopi?
1535 2121 1621 2135 —-
1659 2080 1783 2150 Pro
1815 2083 2132 2152 solutione
2160 2089 2437 2174 quatuor

182 2204 521 2290 «tempora
559 2203 716 2268 sunt
756 2197 1231 2288 distinguenda.
1270 2199 1578 2266 Primum
1623 2212 1876 2290 tempus
1932 2203 2024 2267 est
2059 2200 2222 2285 juris
2252 2221 2440 2268 com-

180 2314 453 2384 «munis
499 2313 751 2402 antiqui
809 2339 825 2382 ε
874 2318 936 2380 et
984 2313 1344 2381 secundum
1402 2312 1526 2382 boc
1587 2316 1974 2384 monasteria
2018 2315 2430 2406 regularium

178 2451 207 2492 α
231 2429 475 2518 absque
488 2428 693 2496 dubio
725 2429 891 2516 erigi
923 2433 1217 2517 poterant
1240 2429 1610 2498 auctoritate
1637 2429 1941 2524 Episcopi
1978 2431 2342 2502 dioecesani.
2384 2459 2417 2498 »

170 2534 261 2609 lbi
287 2543 469 2609 affert
494 2542 845 2631 Fagnanus
871 2543 1047 2610 varia
1082 2541 1468 2612 documenta
1483 2547 1594 2632 jus
1616 2543 1779 2612 illud
1799 2547 2111 2615 testantia.

266 2681 301 2719 α
332 2656 703 2724 Secundum
742 2668 1001 2749 tempus
1039 2662 1132 2724 est
1162 2657 1636 2725 constitutionis
1678 2657 1990 2727 Bonifacii
2009 2661 2164 2730 vm
2193 2663 2426 2752 (capite

180 2795 215 2836 α
244 2771 447 2839 unico
474 2770 551 2838 de
581 2771 965 2840 Excessibus
990 2771 1471 2851 Proelatorum‚
1506 2771 1574 2838 in
1624 2769 1716 2859 6),
1749 2791 1876 2858 qua
1924 2772 2305 2860 prohibetur
2345 2795 2429 2842 ne

180 2909 217 2949 <x
249 2883 547 2974 deinceps
588 2885 773 2954 liceat
822 2885 1127 2954 fratribus
1181 2882 1697 2953 mendicantibus
1739 2903 1906 2951 nova
1948 2884 2088 2951 loca
2129 2892 2240 2954 aut
2287 2906 2426 2953 mo-

179 3025 215 3066 «
241 3001 511 3068 nasteria
534 3000 772 3069 alicubi
802 3001 881 3068 ad
930 2999 1360 3092 habitandum·
1392 3001 1739 3092 suscipere,
1793 3021 1907 3070 seu
1932 2998 2091 3068 olim
2135 3009 2428 3091 suscepta

176 3139 209 3180 «
252 3124 531 3205 mutare,
576 3117 681 3186 vel
740 3116 865 3184 alio
920 3115 1292 3199 transferre,
1343 3117 1586 3206 absque
1637 3115 1896 3207 speciali
1949 3115 2114 3185 sedis
2160 3117 2430 3206 Aposto-

175 3255 207 3298 α
230 3231 370 3302 licae
420 3233 710 3318 licentia,
765 3253 911 3323 quae
974 3233 1053 3300 de
1098 3233 1207 3314 illa
1258 3229 1695 3322 prohibitione
1751 3233 2147 3299 mentionem
2205 3229 2419 3300 faciat.

176 3369 209 3412 α
242 3345 671 3438 Excipiuntur
714 3353 934 3417 tamen
987 3349 1389 3439 acquirentes
1435 3349 1578 3417 loca
1621 3325 1740 3439 pro
1796 3345 2124 3416 eremitica
2152 3347 2280 3418 vita
2308 3347 2425 3418 du-

171 3485 205 3528 «
235 3463 455 3530 cenda.
502 3463 585 3560 Et
610 3463 753 3533 haec
797 3463 1171 3555 prohibitio,
1215 3463 1474 3554 adjectis
1519 3463 1754 3556 poenis,
1785 3462 1908 3529 fuit
1968 3469 2184 3552 postea
2235 3465 2428 3532 inno·

171 3601 201 3640 α
228 3583 371 3646 vata
398 3579 469 3646 in
509 3577 917 3648 Clementina
948 3580 1297 3671 Cupientes
1327 3579 1422 3670 (in
1451 3580 1802 3671 principio,
1831 3575 1910 3645 de
1941 3577 2210 3667 Poenis).
2241 3577 2426 3644 Unde

168 3717 197 3754 α
230 3691 357 3761 hoc
402 3701 693 3787 tempore
719 3693 1031 3786 inspect0‚
1073 3696 1369 3786 adempta
1390 3701 1526 3763 erat
1554 3693 1884 3785 Episcopis
1909 3691 2174 3761 facultas
2206 3689 2426 3780 (quam

164 3831 201 3871 α
232 3805 562 3878 habebant
589 3831 663 3878 ex
686 3810 1101 3902 dispositione
1120 3813 1542 3901 antiquorum
1563 3810 1916 3901 canonum)
1942 3811 2152 3900 quoad
2177 3825 2432 3874 monas-

164 3945 197 3984 α
230 3921 396 3990 teria
424 3929 483 3990 et
496 3925 635 3994 loca
660 3923 995 3994 ordinum
1018 3925 1540 3995 mendicantium
1558 3925 1895 3995 duntaxat
1907 3946 1937 4010 ,·
1967 3923 2073 3994 sed
2098 3921 2270 3990 salva
2297 3928 2430 3990 erat

167 4063 199 4102 a
226 4038 448 4128 quoad
481 4043 802 4126 eremitas,
833 4047 895 4110 et
930 4061 1065 4134 non
1097 4042 1556 4112 mendicantes.

254 4181 292 4220 α
322 4157 627 4226 Tertium
665 4170 929 4250 tempus
956 4164 1051 4227 est
1077 4159 1335 4229 concilii
1365 4157 1756 4243 Tridentini,
1789 4155 1962 4248 quod
1997 4155 2088 4246 (in
2117 4155 2321 4248 capite
2357 4155 2424 4242 3,

166 4293 201 4334 α
225 4269 299 4336 in
327 4272 480 4360 fine,
514 4273 797 4343 sessione
830 4273 944 4358 25,
970 4273 1049 4343 de
1075 4275 1540 4366 Reqularibus)
1571 4275 1789 4342 statuit
1828 4295 1943 4366 per
1969 4274 2109 4342 haec
2136 4263 2430 4342 formalia

162 4405 199 4448 t«
228 4387 449 4470 verba,
475 4388 781 4459 videlicet
807 4413 827 4460 ι
852 4391 989 4464 Nec
1008 4389 1089 4459 de
1106 4403 1337 4463 caetero
1357 4388 1612 4459 similia
1636 4387 1786 4458 loca
1814 4387 1906 4480 (id
1925 4395 2022 4462 est
2048 4389 2430 4460 monasteria
