2834 4959
1101 306 1251 357 rias
1294 310 1536 361 raam.
2322 304 2450 373 465

174 429 452 521 religiosi
503 425 777 497 essentia
828 428 1339 517 congregationi,
1394 430 1476 499 de
1521 432 1654 501 sola
1697 431 2026 505 Ordinarii
2075 444 2448 516 auctoritate

174 552 414 626 erectae,
446 542 641 619 modo
668 540 810 611 aliae
838 562 971 609 non
1014 542 1223 613 desint
1250 544 1676 617 conditiones.

254 662 321 729 6ο
398 658 615 729 Status
673 656 965 747 religiosi
1036 658 1375 729 essentiam
1431 662 1671 751 pariter
1729 662 1970 734 habent
2024 667 2092 737 in
2153 672 2454 744 societate

174 776 317 847 Jaeu
342 771 724 845 scholastici
744 777 807 840 et
834 770 1249 863 coadjutores
1266 775 1576 864 formati,
1603 780 1905 867 quamvis
1935 781 2254 873 simplicia
2285 788 2452 859 dun·

170 897 351 961 taxat
403 900 545 959 vota
596 890 916 959 emittant.
976 887 1146 957 Cum
1198 891 1379 959 enim
1431 898 1576 961 vota
1632 894 1772 965 haec
1823 904 2128 988 perpetua
2183 902 2336 986 sint,
2395 915 2458 977 et

177 1010 303 1077 rite
354 1012 787 1096 acceptentur,
839 1006 1047 1096 sitque
1092 1005 1263 1076 dicta
1300 1008 1567 1079 societas
1607 1010 1774 1080 sedis
1816 1011 2200 1103 Apostolicae
2237 1028 2458 1091 aucto-

172 1121 366 1189 ritate
406 1120 697 1213 legitime
733 1126 966 1204 erecta,
1016 1118 1197 1189 nulla
1238 1120 1413 1190 deest
1451 1144 1528 1192 ex
1569 1122 1892 1215 requisitis
1931 1128 2013 1195 ad
2042 1136 2254 1211 ‚status
2295 1135 2456 1204 reli-

176 1236 343 1326 giosi
366 1236 683 1305 rationem
713 1232 1211 1303 conditionibus.
1243 1234 1513 1328 Insuper
1552 1244 1792 1309 certam
1817 1242 2092 1312 omnino
2115 1264 2254 1317 rem
2284 1249 2457 1320 fece-

174 1361 335 1422 runt
360 1350 660 1441 Gregorii
686 1348 836 1419 xiil
868 1350 1377 1421 constitutiones.

1213 1596 1257 1688 g
1316 1596 1434 1668 ιιι.

178 1766 433 1831 Quanam
448 1763 601 1814 hodie
616 1765 669 1815 in
682 1762 839 1813 Gallia
850 1762 1075 1813 virorum
1094 1762 1502 1825 congregationes
1519 1772 1550 1811 a
1563 1766 1727 1814 status
1741 1765 1956 1827 religiosi
1975 1771 2192 1819 essentia
2209 1770 2464 1825 deficiant.

289 1937 351 2001 1⁰
378 1934 595 2003 Status
614 1932 887 2021 religiosi
906 1931 1179 2001 essentia
1203 1937 1425 1999 carent
1449 1933 2006 2020 congregationeS,
2031 1934 2104 2001 in
2133 1936 2376 2024 quibus
2399 1960 2474 2007 ex

182 2050 501 2122 instituto
528 2047 707 2115 nulla
732 2048 893 2117 fiunt
929 2054 1097 2117 vota.
1142 2046 1480 2136 Ejusmodi
1507 2052 1602 2117 est
1639 2048 2026 2117 clericorum
2055 2051 2296 2118 Sancti
2319 2054 2474 2122 Sul-

182 2164 357 2259 pitia·
370 2161 787 2253 congregatio
818 2184 839 2231 ε
872 2163 1033 2231 item
1078 2160 1299 2231 Sancti
1348 2160 1637 2254 Philippi
1675 2160 1856 2231 Nerii
1891 2164 2285 2233 institutum.
2343 2165 2475 2235 Ha·

186 2303 349 2351 rum
376 2284 443 2349 et
467 2278 785 2349 similium
816 2278 1395 2369 congregationum
1426 2277 1676 2364 clerici,
1705 2299 1838 2348 non
1863 2280 2170 2369 regulari,
2207 2282 2314 2350 sed
2355 2304 2472 2353 sse·

188 2398 401 2471 calari
418 2396 591 2465 clero
617 2395 1000 2466 accensendi
1024 2400 1207 2481 sunt,
1241 2399 1313 2462 ut
1340 2400 1535 2485 patet.

276 2515 350 2582 2⁰
395 2512 581 2583 Idem
606 2508 1138 2581 concludendum
1166 2510 1347 2579 venit
1384 2508 2108 2600 decongregationibus
2137 2513 2204 2579 in
2231 2512 2480 2603 quibus

188 2628 579 2721 temporalia
600 2627 907 2696 duntaxat
930 2632 1079 2695 vota
1101 2626 1492 2695 emittuntur
1520 2647 1538 2707 ;
1566 2624 1886 2711 siquidem
1913 2626 2155 2716 absque
2187 2634 2482 2697 votorum

189 2744 623 2837 perpetuitate
648 2763 779 2811 non
814 2740 1003 2809 datur
1026 2760 1217 2808 verus
1246 2736 1588 2827 religiosus
1611 2741 1830 2803 status.

281 2858 355 2929 3⁰
408 2856 844 2941 Quantnmvis
900 2860 1212 2946 perpetua
1280 2858 1424 2921 vota
1478 2847 1891 2934 emittantur,
1959 2853 2012 2918 si
2068 2858 2484 2940 congregatio

188 2973 487 3047 Romani
535 2970 884 3057 Pontificis,
938 2974 1053 3039 aut
1092 2968 1321 3037 saltem
1374 2962 1701 3034 Ordinarii
1742 2963 2121 3031 auctoritate
2177 2973 2382 3035 erecta
2426 2974 2488 3034 et

188 3090 558 3185 approbata
604 3109 737 3158 non
778 3086 997 3173 fuerit,
1035 3108 1075 3153 a
1118 3091 1318 3153 status
1370 3078 1660 3171 religiosi
1707 3080 1983 3147 essentia
2028 3078 2296 3149 deficere
2335 3102 2486 3149 cen-

184 3205 401 3279 senda
447 3208 586 3273 est:
632 3209 775 3272 tum
810 3202 963 3293 quia
1002 3202 1177 3271 deest
1202 3199 1319 3289 qui
1348 3196 1551 3266 valeat
1578 3200 1724 3265 vota
1766 3193 1905 3263 haec
1934 3194 2222 3283 legitime
2261 3216 2486 3288 accep-

188 3332 339 3393 tare
370 3345 389 3391 :
445 3325 589 3388 tum
616 3320 769 3409 quia
798 3318 943 3387 talis
982 3313 1397 3405 congregatio
1425 3314 1718 3381 remanet
1760 3308 2083 3399 prohibita
2121 3316 2184 3379 et
2210 3310 2477 3398 illicita;

185 3445 273 3508 ut
302 3434 581 3528 proinde
615 3440 935 3525 repugnet
961 3432 1033 3500 in
1060 3452 1137 3499 ea
1164 3428 1436 3517 reperiri
1469 3436 1729 3495 statum
1741 3424 2188 3515 perfectionis,
2239 3434 2302 3497 et
2329 3450 2484 3498 con-

184 3560 551 3645 sequenter
586 3560 828 3623 statum
858 3552 1264 3641 religiosum.

290 3671 621 3751 Diximus,
656 3682 781 3739 aut
806 3670 1053 3740 saltem
1090 3663 1443 3737 ordinarii
1466 3662 1889 3731 auctoritate.
1923 3657 2091 3729 Nam
2121 3660 2264 3743 etsi,
2298 3661 2370 3729 in
2395 3664 2484 3733 ri-

186 3808 367 3881 gore
402 3789 575 3877 juris
626 3786 851 3857 illicita
890 3788 973 3855 sit
1020 3782 1460 3874 congregati0‚
1511 3785 1656 3848 ante
1699 3778 2029 3847 obtentam
2077 3773 2481 3846 pontificiam

180 3905 561 3986 licentiam,
612 3902 937 3989 inchoata,
972 3923 1048 3970 ex
1094 3896 1562 3969 consuetudine
1607 3901 1822 3965 tamen
1849 3893 2098 3961 licitam
2148 3890 2340 3959 hodie
2385 3895 2483 3961 vi-

176 4019 371 4105 deri,
419 4038 567 4109 quae
594 4018 673 4087 de
700 4018 835 4087 sola
860 4014 1161 4107 Episcopi
1192 4012 1460 4083 licentia
1497 4014 1706 4079 erecta
1731 4007 1880 4092 suit,
1916 4006 2160 4097 pluries
2175 4006 2314 4095 jam
2343 4028 2484 4076 mo·

180 4133 501 4205 fluimus.
1457 4146 1464 4153 ·

292 4248 363 4316 4⁰
378 4248 448 4316 E
452 4246 539 4316 tsi
558 4258 717 4315 vota
738 4242 1083 4337 simplicia
1096 4241 1171 4311 in
1192 4250 1591 4336 perpetuum
1613 4234 2006 4305 emittantur
2027 4232 2099 4301 in
2122 4233 2349 4324 aliquo
2363 4256 2486 4327 ap-

184 4363 497 4458 probato
516 4363 855 4451 institute,
884 4360 944 4429 si
966 4371 1122 4429 vota
1146 4358 1283 4427 kaec
1307 4355 1435 4425 rite
1450 4374 1586 4423 non
1604 4360 2049 4443 acceptentur,
2075 4372 2118 4417 a
2143 4360 2361 4419 status
2387 4372 2488 4420 re-
2599 4372 2604 4377 ·
2655 4388 2662 4395 ·

418 4487 467 4533 1.
2223 4472 2292 4520 80
