2834 4959
1079 341 1230 391 ruts
1273 343 1515 392 mm.
2334 341 2405 400 51
2424 343 2461 398 '1

181 468 388 540 me
429 464 880 537 elles-memes
909 477 978 536 et
1001 485 1316 534 renonem·
1347 466 1394 532 ἀ
1434 465 1609 534 leurs
1665 487 1863 536 voeuoe
1900 465 2253 538 solennels.
2290 469 2463 562 Ergo

175 606 350 658 anno
371 582 574 662 1820,
601 561 684 650 sae
699 587 774 650 in
787 581 1068 652 dubium
1089 580 1362 672 quidem
1383 579 1649 648 vocabat
1666 581 1739 652 s.
1770 579 2276 680 Paenitentiam,
2296 605 2459 656 num

172 699 494 771 solemnia
521 703 732 766 essent
755 696 1168 786 Belgicarum
1199 696 1585 766 monialium
1634 703 1800 785 vota,
1832 699 2173 790 hueusque
2196 703 2453 772 emissa.

265 815 336 884 2⁰
363 813 690 882 Consonat
735 811 916 881 aliud
979 811 1268 902 ejusdem
1353 809 1431 882 S.
1506 810 1999 884 Poenitentiariae
2072 835 2455 906 responsum

173 932 340 1000 anni
375 927 572 1014 1852,
599 929 790 1016 cujus
837 927 980 996 haec
1003 926 1129 996 fuit
1155 927 1402 996 occasio
1430 951 1449 998 ε
1496 928 1749 998 novitia
1770 930 2099 1020 quasdam,
2124 933 2458 1002 tentationi

173 1045 566 1135 obsequens,
600 1043 772 1111 clam
800 1041 1132 1128 omnihus,
1169 1043 1449 1132 deposita
1467 1050 1637 1112 veste
1660 1045 1969 1135 regulari,
2000 1067 2035 1116 e
2066 1048 2453 1116 monasterio

178 1181 298 1229 suo
321 1160 550 1244 evasit,
583 1177 740 1227 cum
779 1156 1003 1226 animo
1037 1177 1170 1225 non
1221 1158 1503 1249 amplius
1540 1159 1876 1230 redeundi.
1927 1160 2073 1232 Mox
2092 1184 2269 1249 vero,
2302 1163 2453 1234 facti

181 1275 534 1367 poenitens,
565 1275 962 1364 regreditur3
983 1278 1049 1342 et
1073 1274 1296 1364 fugam
1321 1297 1535 1364 suam,
1566 1299 1711 1367 quae
1738 1277 1953 1347 adhuc
1972 1280 2043 1346 in
2072 1280 2457 1348 monasterio

178 1390 632 1482 ignorabatur,
668 1388 1104 1480 superiorissoe
1139 1409 1270 1457 suae
1300 1389 1681 1460 manifestat.
1711 1390 2073 1483 interrupto
2086 1414 2261 1463 anno
2286 1401 2458 1484 tyro-

179 1505 371 1590 cinii,
393 1504 801 1574 inchoandus
835 1509 972 1572 erat
1009 1503 1224 1572 denuo
1263 1504 1632 1576 novitiatus.
1660 1506 2062 1600 Quapropter
2090 1510 2169 1577 ad
2192 1509 2457 1578 Sacram

180 1617 735 1690 Poenitentiariam
763 1619 1159 1702 recurritur;
1195 1641 1364 1709 quoe,
1391 1623 1702 1710 quoniam
1742 1629 1875 1691 tam
1900 1624 2101 1692 exitus
2130 1645 2329 1715 quam
2357 1647 2457 1693 re·

177 1735 350 1804 ditus
382 1736 680 1804 occultus
703 1733 932 1817 iuerat,
961 1733 1501 1827 dispensationem
1548 1741 1855 1808 concessit
1882 1741 1953 1809 in
1976 1761 2147 1810 anno
2175 1741 2453 1810 novitia-

173 1857 308 1920 tus.
339 1849 530 1919 Certo
561 1850 644 1919 ad
667 1871 778 1919 me
818 1851 1186 1920 testimonio
1209 1852 1449 1944 perlata
1471 1852 1593 1920 fuit
1620 1853 1767 1922 iacti
1794 1855 1993 1944 huJus
2016 1854 2261 1924 notitia.
2282 1853 2447 1924 Pro-

176 1967 296 2036 bat
317 1973 533 2034 autem
561 1987 938 2056 persuasum
953 1965 1164 2038 Sacrae
1193 1965 1689 2038 Poenitentiariae
1708 1970 1903 2039 fuisse
1912 1970 2227 2038 solemnia
2247 1971 2455 2038 emitti

174 2103 218 2152 a
241 2081 522 2172 Belgicis
566 2083 959 2154 monialibus
995 2092 1164 2154 vota.
1211 2083 1278 2156 Si
1318 2087 1500 2155 enim
1533 2086 1855 2179 simplicia
1908 2085 2019 2156 illa
2066 2091 2445 2176 reputasset,

173 2218 310 2268 non
349 2199 768 2271 concessisset
813 2199 1384 2292 dispensationem,
1444 2202 1554 2272 sed
1582 2202 2007 2293 respondisset
2052 2201 2135 2271 ad
2162 2201 2449 2270 valorem

173 2313 578 2407 simplicium
631 2320 930 2384 votorum
979 2337 1389 2408 nequaquam
1438 2318 1683 2410 requiri
1726 2318 2056 2408 integrum
2108 2315 2450 2387 novitiatus

175 2449 452 2496 annum.

263 2541 338 2613 3⁰
386 2545 583 2613 Anno
639 2543 814 2614 1854
859 2545 937 2615 ad
967 2544 1036 2617 S.
1071 2545 1625 2617 Poenitentiariam
1662 2547 1825 2618 facto
1874 2525 2168 2631 rectfrsu,
2216 2565 2335 2638 pro
2357 2544 2449 2614 fa·

172 2657 413 2728 cultate
459 2662 758 2730 mutandi
807 2663 1156 2732 nonnullas
1183 2662 1631 2753 dispositiones
1658 2665 2039 2740 testamenti,
2086 2686 2125 2730 a
2172 2661 2443 2730 moniali

171 2775 458 2864 quadam
484 2755 763 2866 Belgica,
821 2785 970 2846 ante
1024 2778 1482 2870 professionem
1528 2797 1713 2846 suam
1760 2776 2029 2863 conditi,
2064 2775 2447 2864 rescriptum

169 2891 366 2962 estin
387 2891 562 2962 hunc
591 2891 866 2960 modum
899 2916 918 2961 ι
967 2897 1038 2962 S.
1090 2893 1624 2971 Paenitentiam,
1660 2889 2082 2961 consideratis
2106 2887 2445 2978 expositis,

169 3005 545 3098 respondet,
575 3005 754 3098 quod
773 3020 930 3076 vota
957 3010 1364 3078 monialium
1393 3010 1467 3077 in
1502 3009 1729 3078 Gallia
1758 3019 1821 3076 et
1846 3005 2083 3099 Belqio
2116 3003 2445 3070 habentur

171 3135 255 3191 ut
295 3122 633 3214 simplicia
643 3145 674 3208 ,·
699 3138 762 3192 et
791 3123 935 3194 ideo
965 3126 1222 3194 oratrix
1243 3149 1386 3194 rem
1413 3139 1579 3216 aqat
1598 3147 1749 3192 cum
1783 3123 2168 3207 ordinario,
2214 3129 2277 3186 et
2302 3117 2443 3207 ejus

171 3235 420 3322 iudicio
449 3259 516 3306 se
543 3237 819 3331 diriqat.
854 3245 1111 3310 Datum
1139 3246 1364 3311 Roma·
1387 3244 1460 3312 in
1484 3247 1689 3312 Sacra
1709 3233 2365 3318 Poenitmtiariaffle
2394 3233 2437 3302 2

172 3351 528 3423 decembris
585 3355 780 3425 1854.
838 3356 986 3426 Prae
1047 3358 1350 3428 manibus
1401 3357 1609 3428 habeo
1669 3355 1885 3447 ipsum
1956 3352 2433 3445 autographum

171 3472 714 3556 instrumentum,
743 3471 814 3542 S.
850 3472 1348 3544 Poenitentiariae
1370 3473 1585 3562 sigillo
1604 3471 1977 3552 munitum;
2022 3491 2101 3538 ex
2134 3493 2267 3561 quo
2304 3472 2445 3558 ipse

171 3587 438 3678 propria
467 3607 670 3658 manu
717 3590 1046 3680 praemissa
1107 3591 1304 3660 verba
1358 3589 1757 3680 transcripsi.
1812 3589 1979 3656 Ante
2018 3584 2182 3654 illud
2218 3579 2445 3650 rescri-

167 3708 386 3792 ptum,
423 3704 634 3788 nulla,
674 3707 847 3796 quod
875 3707 1096 3794 sciam,
1131 3707 1200 3775 in
1249 3707 1433 3774 hunc
1478 3727 1739 3774 sensum
1770 3704 2005 3773 decisio
2052 3695 2260 3790 quoad
2296 3693 2447 3764 Bel-

164 3817 364 3907 gium
401 3819 755 3909 prodierat.
785 3821 972 3903 Quod
998 3828 1216 3890 autem
1255 3841 1406 3889 cum
1456 3819 1708 3890 duobus
1736 3815 2238 3911 praecedentibus
2262 3808 2437 3879 haud

166 3931 508 4020 cohaereat,
559 3955 677 4026 per
700 3955 766 4004 se
795 3942 992 4028 patet.
1025 3937 1302 4006 Videtur
1323 3940 1547 4006 autem
1592 3935 1831 4005 decisio
1874 3934 1987 4002 illa
2014 3915 2435 4002 ‘occasionem

165 4045 416 4120 dedisse
446 4055 544 4120 sat
563 4051 768 4120 arduo
793 4053 1084 4143 sequenti
1105 4051 1332 4140 dubio,
1347 4052 1523 4143 quod
1545 4049 1615 4120 S.
1648 4048 2127 4120 Poenitentiaria
2151 4041 2443 4114 decidere

165 4162 404 4249 noluit,
435 4166 548 4234 sed
597 4165 796 4257 (quod
857 4166 1016 4236 forte
1057 4167 1194 4258 ipsa
1221 4188 1460 4258 anceps
1499 4163 1791 4256 haereret)
1840 4161 1910 4234 S.
1948 4154 2447 4252 congregationi

166 4275 638 4372 Episcoporum
663 4290 726 4352 et
743 4281 1144 4373 regularium
1191 4284 1465 4352 remisit.
1498 4281 1775 4373 Nempe,

259 4395 328 4466 4⁰
360 4397 420 4466 Α
453 4398 742 4488 quodam
797 4397 1214 4489 Belgicarum
1247 4397 1633 4468 monialium
1688 4395 2096 4478 confessario,
2138 4391 2448 4464 Eminen-
