2834 4959
1123 400 1274 448 rans
1337 402 1599 460 omnm.
2348 394 2472 453 665

190 544 332 592 non
364 542 499 590 esse
545 520 726 588 dotes
748 518 1027 608 recipere
1055 526 1119 587 et
1145 522 1224 590 de
1261 520 1344 591 iis
1367 523 1632 613 pacisci,
1666 529 1739 589 ut
1767 542 1882 612 per
1909 542 1975 590 se
1997 528 2187 612 patet.
2222 524 2289 591 2⁰
2314 526 2474 595 Item

189 638 360 725 ipsis
385 631 767 725 applicanda
795 630 1118 717 videntur,
1159 658 1306 725 quae
1345 636 1425 706 de
1477 634 1883 704 monasteriis
1941 636 2265 727 opulentis
2307 638 2477 709 dicta

187 757 380 818 sunt.
417 752 482 817 3⁰
534 744 716 815 Dotis
773 747 1002 814 taxatio
1047 770 1180 817 non
1235 748 1557 819 censenda
1585 752 1682 816 est
1725 748 1932 838 quoad
1967 750 2136 838 ipsas
2194 752 2259 819 S.
2304 748 2477 820 Con-

193 865 561 954 gregationi
615 863 1088 955 Episcoporum
1155 872 1217 934 et
1265 867 1670 955 regularium
1724 872 2074 947 reservata3
2134 875 2273 937 tum
2324 870 2479 959 quia

195 1000 340 1047 non
370 986 614 1049 constat
658 980 739 1047 de
775 981 888 1049 tali
935 983 1363 1051 reservatione
1383 1004 1529 1072 quae
1556 982 1673 1051 has
1722 982 2073 1074 improprie
2103 981 2307 1053 dictas
2345 1007 2481 1055 mo·

195 1095 410 1163 niales
460 1096 799 1185 respiciat3
835 1103 979 1165 tum
1005 1098 1156 1187 quia
1201 1100 1268 1167 in
1311 1100 1705 1167 contrarium
1732 1105 1828 1167 est
1880 1100 2199 1187 generalis
2244 1101 2477 1191 praxis.

197 1211 330 1280 Per
385 1232 450 1279 se
511 1218 752 1301 autem,
783 1219 848 1282 et
896 1214 1024 1283 nisi
1080 1214 1262 1283 aliter
1314 1202 1625 1284 statutum
1664 1218 1747 1283 sit
1796 1216 1861 1284 in
1910 1216 2479 1287 constitutionibus

199 1330 730 1418 congregationis
781 1350 818 1397 a
877 1329 1026 1397 sede
1084 1329 1455 1418 Apostolica
1504 1329 1906 1421 approbatis,
1961 1330 2041 1399 ad
2088 1330 2485 1422 Episcopum

200 1449 473 1533 spectat,
529 1449 747 1535 utpote
802 1444 1042 1513 harum
1101 1444 1495 1513 monialium
1560 1446 1989 1537 superiorem,
2017 1446 2195 1515 dotes
2247 1452 2481 1515 taxare.

204 1560 278 1626 4⁰
316 1557 578 1642 Caetera,
621 1580 766 1648 quae
806 1560 964 1648 jure
998 1559 1286 1649 positivo
1333 1560 1505 1628 circa
1538 1560 1713 1629 dotes
1762 1560 2143 1656 monialium
2190 1560 2489 1651 disposita

204 1697 280 1743 su
293 1680 386 1758 nt,
412 1674 587 1742 haud
606 1676 909 1743 videntur
937 1673 1018 1743 ad
1039 1674 1240 1742 dictas
1266 1677 1793 1764 congregationes
1816 1675 2237 1759 extendenda,
2270 1680 2487 1765 utpote

207 1788 452 1857 sancita
485 1790 698 1878 quoad
737 1790 1066 1859 moniales
1098 1790 1325 1859 stricte
1373 1802 1703 1881 sumptas.
1758 1792 1839 1859 de
1879 1810 2159 1881 quarum
2214 1811 2489 1861 numero

141 1982 148 1989 ⁸
210 1924 346 1971 non
372 1909 524 1971 sunt
559 1924 648 1971 eae
675 1904 753 1972 de
779 1906 1021 1995 quibus
1054 1906 1413 1995 loquimur.
1445 1904 1631 1973 Unde
1658 1906 1726 1973 in
1755 1905 1942 1973 dietis
1968 1905 2492 1994 congregationi-

219 2020 368 2102 bus,
400 2018 748 2107 regulanda
775 2020 914 2089 baec
955 2026 1108 2089 sunt
1153 2018 1483 2088 ordinarii
1517 2020 1917 2108 auctoritate,
1974 2019 2190 2087 habita
2244 2020 2493 2089 ratione

218 2133 742 2225 uniuscujusque
789 2136 1085 2223 instituti,
1124 2156 1381 2205 necnon
1447 2136 2087 2205 circumstantiarum
2116 2141 2179 2203 et
2203 2140 2493 2227 recepta-

217 2271 369 2317 rum
400 2250 969 2321 consuetudinum.

304 2366 506 2434 Nota.
537 2404 624 2417 —
657 2365 860 2436 Hodie
893 2369 964 2437 in
1003 2368 1230 2439 Galliis
1260 2376 1324 2440 et
1373 2368 1597 2460 Belgio
1640 2389 1771 2437 non
1808 2368 2149 2459 stipulatur
2187 2388 2315 2456 pro
2344 2364 2495 2435 dote

216 2482 401 2573 (quia
437 2481 562 2549 sub
612 2482 714 2551 bis
758 2485 1058 2551 terminis
1097 2486 1242 2553 initi
1273 2490 1635 2554 contractus
1672 2484 1952 2553 valorem
1989 2484 2089 2552 lex
2116 2481 2325 2551 civilia
2360 2502 2489 2551 non

219 2599 639 2692 agnosceret),
671 2598 778 2666 sed
811 2618 940 2687 pro
962 2600 1467 2666 sustentatione.

1155 2912 1431 2985 CAPUT
1457 2912 1573 2983 IV.

225 3120 591 3168 montannos
628 3100 1140 3178 EGREDIENTI'BUS,
1177 3117 1321 3163 POST
1362 3114 1684 3163 OBTENTAH
1727 3112 1770 3157 A
1813 3111 1989 3160 VOTIS
2024 3111 2154 3157 SUIS
2198 3110 2493 3158 sunum-

596 3216 706 3262 BUS
747 3215 1298 3276 DISPENSATIONEM,
1345 3214 1535 3261 DOTES
1578 3210 1916 3258 REDDENDAE
1959 3210 2129 3255 SUNT.

317 3419 389 3486 Id
420 3418 813 3487 sufficienter
847 3417 1162 3509 probatur
1183 3437 1258 3483 ex
1281 3432 1473 3483 causa
1500 3408 1795 3477 civitatis
1829 3404 2227 3476 Castellanae
2255 3404 2294 3475 3
2333 3426 2501 3473 mar-

232 3535 304 3602 tii
335 3532 505 3600 1792
554 3532 948 3624 (Thesaurus
983 3530 1205 3611 resol„
1253 3536 1410 3597 tom.
1459 3524 1571 3608 61,
1600 3546 1749 3615 pag.
1796 3523 1879 3591 27
1911 3532 1969 3592 et
1997 3523 2183 3613 seq.).
2222 3522 2315 3589 lbi
2341 3542 2501 3609 age-

235 3649 424 3717 batur
476 3648 553 3717 de
595 3654 913 3717 conventu
966 3646 1250 3737 quodam
1297 3640 1707 3724 monialium,
1740 3640 1809 3707 in
1861 3660 2011 3728 quo,
2044 3658 2129 3705 an
2184 3635 2501 3727 simplicia

234 3784 314 3833 an
344 3762 654 3831 solemnia
697 3762 907 3831 forent
933 3768 1080 3830 vota
1115 3762 1184 3827 in
1223 3755 1657 3828 controversia
1702 3760 1859 3823 erat.
1896 3753 2063 3823 Cum
2104 3759 2319 3822 autem
2358 3752 2501 3819 duae

235 3900 478 3948 sorores
505 3879 1044 3971 dispensationem
1088 3898 1126 3943 a
1157 3876 1316 3943 votis
1345 3874 1478 3943 suis
1513 3870 1942 3941 obtinuissent
1968 3875 2032 3938 et
2082 3867 2162 3937 ad
2189 3867 2501 3937 saeculum

233 3994 591 4081 rediissent,
619 3994 796 4063 dotes
822 4014 970 4063 suas
997 3990 1121 4061 sihi
1145 3990 1326 4060 reddi
1361 3986 1787 4080 postulabant.
1832 3985 1900 4053 S.
1948 3983 2368 4073 Congregatio
2391 3980 2503 4051 dc-

235 4111 514 4200 claravit,
546 4118 608 4179 et
636 4116 778 4179 vota
825 4131 938 4201 per
983 4110 1135 4178 istas
1172 4106 1487 4176 moniales
1509 4103 1718 4172 emitti
1749 4100 1963 4188 solita,
1984 4120 2117 4169 esse
2136 4097 2496 4195 simplicia3

237 4234 294 4297 et
322 4228 496 4299 dotes
522 4227 708 4297 dictis
739 4224 994 4294 duabus
1022 4224 1294 4313 egressis
1331 4241 1469 4290 esse
1497 4218 1874 4288 reddendas.

321 4342 393 4411 ln
452 4364 657 4415 causae
711 4346 926 4411 autem
981 4338 1314 4421 relatione,
1372 4337 1465 4403 sic
1512 4332 1939 4424 exponebatur
1976 4332 2111 4421 jus,
2156 4350 2195 4397 a
2246 4326 2502 4397 duabus

239 4458 420 4528 dictis
471 4458 866 4531 monialibus
918 4454 1186 4546 egressis
1239 4458 1655 4542 praetensum,
1698 4447 1891 4534 ⁸dotes
1938 4466 2086 4515 suas
2148 4440 2497 4535 repetendi.
