2834 4959
447 378 528 433 54
1008 384 1345 432 TRACTATL'S
1391 384 1471 429 DE
1516 382 1666 429 sumt
1714 344 2129 430 menmium.

431 506 880 597 prohibemus,
901 506 1144 597 nequis
1161 506 1241 575 de
1275 520 1508 574 coetero
1527 526 1773 574 novam
1800 503 2196 595 reliqionem
2218 502 2564 586 inveniat;
2597 500 2716 571 sed

432 621 804 715 quicunque
853 622 948 691 ad
971 623 1365 714 relt'qimzem
1416 622 1718 690 converti
1759 620 2067 706 voluerit,
2103 644 2311 689 unam
2337 618 2419 687 de
2460 642 2713 712 appro-

435 738 616 807 batis
667 750 967 807 assumat
1017 740 1181 830 (cap.
1221 740 1289 823 9,
1323 741 1421 806 tit.
1470 738 1583 817 36,
1613 737 1767 806 libri
1796 736 1836 806 3
1888 735 2369 826 Decretalium).
2430 734 2715 825 Fuitque

432 874 507 923 ea
529 852 630 920 lex
646 875 685 919 a
709 851 1020 943 Gregorio
1046 854 1112 921 X
1135 854 1202 921 in
1229 852 1507 922 concilio
1536 852 1819 941 generali
1840 850 2294 941 Lugdunensi,
2316 872 2488 919 anno
2509 850 2711 935 1273,

431 969 810 1038 confirmata
863 968 1088 1060 (capite
1125 968 1592 1059 Reliqionum‚
1648 966 1819 1035 tituli
1857 968 1965 1055 17,
2018 967 2171 1034 libri
2209 969 2275 1050 3,
2310 968 2381 1034 in
2424 966 2515 1057 6).
2571 966 2716 1037 Hoc

429 1088 571 1175 ipso
601 1094 816 1152 autem
842 1084 1014 1172 quod
1031 1084 1265 1172 aliquis
1291 1082 1629 1170 religiosus
1648 1089 1846 1150 status
1870 1082 2067 1150 fuerit
2083 1080 2165 1150 ab
2182 1080 2465 1150 Ecclesia
2491 1084 2718 1174 prohi-

431 1197 638 1285 bitus,
691 1198 764 1266 fit
791 1198 990 1266 simul
1028 1196 1276 1283 irritus,
1305 1218 1419 1264 seu
1472 1196 1827 1286 impeditur
1856 1216 1937 1263 ne
1964 1196 2047 1264 sit
2077 1218 2267 1265 verus
2306 1204 2507 1265 status
2558 1199 2715 1267 reli-

435 1314 683 1403 giosus,
729 1310 841 1381 Est
880 1312 1056 1380 enim
1106 1312 1188 1380 de
1213 1313 1487 1380 essentia
1515 1317 1717 1379 status
1747 1310 2027 1399 religiosi
2075 1318 2146 1378 ut
2190 1312 2273 1379 sit
2318 1319 2519 1381 status
2566 1336 2720 1405 per-

430 1428 766 1497 fectionis:
821 1428 1035 1495 statim
1067 1434 1282 1494 autem
1318 1449 1393 1496 ac
1445 1427 1571 1494 fuit
1598 1426 1985 1517 prohibitus,
2019 1427 2155 1515 jam
2189 1447 2322 1495 non
2364 1436 2459 1495 est
2509 1436 2718 1498 status

431 1544 862 1636 perfectionis,
903 1542 1012 1611 sed
1065 1544 1277 1634 potius
1323 1543 1721 1611 rebellionis.
1774 1540 2063 1611 Omnino
2113 1564 2269 1633 ergo
2316 1550 2562 1613 certum
2618 1556 2723 1615 est

425 1683 609 1752 posse
637 1660 718 1728 ab
769 1659 1054 1729 Ecclesia
1108 1656 1443 1750 prohiberi
1492 1664 1555 1727 et
1610 1659 1852 1726 irritari
1906 1657 2263 1747 quamlibet
2316 1666 2513 1729 status
2558 1663 2722 1731 reli-

428 1776 589 1866 giosi
613 1776 920 1865 formam,
946 1774 1029 1843 ab
1061 1776 1198 1865 ipsa
1223 1795 1356 1844 non
1385 1774 1831 1865 approbatam.
1876 1773 2059 1843 Sicut
2086 1796 2323 1865 nempe
2359 1781 2562 1865 potest
2586 1776 2719 1845 Ec-

425 1889 617 1959 clesia
661 1892 873 1981 quoad
913 1892 1410 1959 matrimonium
1454 1898 1597 1957 tum
1646 1887 2092 1979 impedientia,
2151 1897 2295 1956 tum
2336 1890 2717 1960 dirimentis.

429 2008 834 2076 matrimonii
863 2008 1331 2097 impedimenta
1353 2011 1653 2083 statuere,
1708 2006 1795 2072 ita
1822 2013 1886 2071 et
1934 2004 2147 2093 quoad
2172 2012 2410 2073 statum
2441 2005 2719 2095 religio-

427 2142 620 2205 sum;
663 2143 818 2189 cum
845 2143 920 2191 eo
945 2127 1160 2187 tamen
1181 2119 1563 2187 discrimine
1590 2119 1763 2207 quod
1795 2119 2030 2209 aliquis
2046 2124 2243 2187 status
2268 2118 2549 2209 religiosi
2576 2144 2723 2191 mo-

427 2234 550 2304 dus
567 2256 692 2303 non
711 2235 908 2326 possit
932 2234 1259 2325 prohiberi
1279 2226 1439 2322 quin
1456 2232 1656 2302 simul
1672 2234 2019 2302 dirimatur
2037 2256 2148 2302 seu
2175 2236 2461 2304 irritetur
2486 2263 2505 2317 ς
2530 2239 2718 2326 quia,

425 2352 632 2437 posita
684 2349 1166 2442 prohibitione„
1204 2352 1345 2439 jam
1392 2350 1620 2438 nequit
1677 2372 1812 2419 esse
1861 2357 2059 2419 status
2103 2351 2537 2441 perfectionis,
2593 2377 2717 2425 nec

429 2464 711 2556 proinde
739 2472 937 2532 status
963 2464 1325 2554 religiosus.

517 2570 891 2640 PnoPosrrio
921 2570 1055 2639 tX·.
1089 2609 1176 2623 —
1218 2574 1505 2640 Attente
1533 2570 1683 2639 sola
1731 2584 1983 2640 natura
2018 2584 2234 2641 status
2258 2572 2574 2664 reliqiosi‚
2626 2574 2723 2643 ad

427 2688 571 2778 ejus
596 2687 950 2757 essentiam
973 2710 1108 2756 non
1126 2688 1416 2778 pertinet
1446 2688 1587 2755 vita
1606 2689 2002 2755 communis.
2028 2726 2121 2740 —
2142 2688 2384 2757 Sensus
2436 2692 2719 2780 proposi-

427 2806 624 2874 tionis
677 2812 792 2888 est,
845 2825 1028 2893 posse
1070 2803 1210 2872 dari
1267 2825 1500 2871 verum
1553 2811 1795 2871 statum
1847 2804 2233 2893 religiosum
2282 2810 2458 2873 extra
2509 2808 2717 2875 vitam

427 2944 875 3004 communem,
935 2922 1061 2988 nisi
1115 2918 1401 2988 Ecclesia
1455 2919 1775 3010 ejusmodi
1832 2920 2117 3011 religiosi
2182 2930 2383 2990 status
2436 2922 2723 2991 formam

433 3034 790 3125 prohibeat.
841 3035 924 3103 Et
951 3035 1140 3103 hodie
1191 3035 1454 3125 quidem
1508 3056 1725 3103 revera
1752 3036 1961 3103 existit
1986 3036 2097 3103 illa
2134 3034 2432 3104 Ecclesiae
2478 3036 2725 3126 prohi-

433 3150 617 3218 bitio.
676 3151 960 3220 Ecclesia
995 3170 1232 3240 nempe
1273 3149 1605 3239 prohibuit
1636 3150 1997 3240 quamlibet
2022 3152 2308 3241 religiosi
2336 3158 2534 3219 status
2584 3153 2725 3219 for-

435 3286 612 3331 mam
641 3266 723 3333 ab
767 3268 905 3357 ipsa
934 3288 1065 3335 non
1110 3266 1530 3357 approbatam
1564 3292 1581 3334 ε
1625 3274 1687 3335 et
1708 3267 2109 3354 Jamdudum
2151 3288 2284 3334 non
2316 3268 2474 3335 solet
2505 3268 2721 3337 vitam

434 3380 784 3448 solitariam
819 3380 1182 3471 approbare
1213 3404 1229 3458 ;
1261 3402 1392 3469 quo
1436 3382 1507 3449 fit
1534 3386 1605 3449 ut
1632 3404 1852 3465 revera
1880 3384 2015 3450 vita
2044 3384 2181 3450 haec
2220 3384 2303 3449 sit
2328 3382 2661 3472 prohibita
2700 3410 2719 3452 z

434 3517 582 3585 quae
616 3496 962 3585 prohibitio
1013 3496 1284 3586 impedit
1333 3518 1416 3565 ne
1443 3504 1640 3565 status
1671 3498 2012 3585 religiosus
2054 3505 2228 3564 extra
2275 3500 2477 3564 vitam
2530 3520 2725 3567 com-

436 3632 706 3678 munem
737 3612 932 3700 possit
967 3630 1099 3677 esse
1141 3618 1336 3678 status
1376 3612 1805 3702 perfectionis,
1846 3632 1919 3678 ac
1958 3612 2229 3700 proinde
2280 3634 2474 3680 verus
2510 3620 2725 3682 status

435 3725 800 3815 religiosus,
877 3722 1005 3793 Sed
1085 3726 1436 3814 prohibitio
1488 3728 1629 3794 baec
1692 3734 1788 3795 est
1812 3728 1982 3815 juris
2042 3726 2351 3795 duntaxat
2411 3726 2725 3797 ecclesia-

437 3842 580 3908 stici
607 3864 624 3923 ;
651 3848 718 3907 et
761 3840 1254 3930 expendendum
1309 3842 1506 3919 venit,
1552 3860 1745 3925 num,
1786 3842 2033 3909 seclusa
2056 3844 2373 3931 ejusmodi
2418 3842 2725 3931 prohibi-

437 3953 636 4035 tione,
661 3960 724 4019 et
747 3959 982 4020 attenta
1005 3952 1138 4021 sola
1164 3960 1362 4021 status
1388 3952 1666 4040 religiosi
1685 3960 1938 4034 natura,
1972 3955 2168 4044 possit
2192 3961 2391 4023 status
2416 3954 2528 4023 ille
2552 3978 2721 4027 cum

436 4074 567 4133 tota
617 4088 730 4133 sua
769 4068 1040 4136 essentia
1085 4071 1348 4135 existere
1375 4068 1617 4156 absque
1674 4072 1801 4138 vita
1843 4070 2204 4138 communi.
2260 4070 2470 4150 Quam
2528 4094 2723 4161 quae-

441 4182 713 4250 stionem
749 4184 842 4249 sic
869 4183 1170 4271 expendit
1196 4180 1773 4271 Schmalzgrueber
1812 4185 1902 4274 (in
1946 4188 2043 4252 tit.
2076 4183 2190 4266 31,
2224 4184 2374 4253 libri
2404 4185 2445 4255 3
2474 4182 2719 4257 Decre-

436 4295 690 4377 talium,
722 4314 788 4361 n.
815 4294 968 4387 20):

533 4434 572 4477 «ι
604 4409 930 4490 Quaeritur
982 4420 1206 4482 utrum
1247 4414 1330 4485 ad
1369 4415 1797 4485 substantiam
1826 4436 1993 4484 verse
2036 4416 2365 4505 religionis
2404 4420 2715 4508 requira-
