2834 4959
1073 426 1225 475 raas
1268 428 1507 477 ream.
2303 430 2430 489 ⁴35

148 548 347 621 simul
405 550 727 641 potestatis
774 546 975 615 finem
1024 548 1407 637 respiciunt,
1471 572 1604 621 una
1643 552 1904 623 deberet
1937 553 2124 625 alteri
2179 558 2424 631 cedere.

152 666 517 757 Sedneque
539 664 746 733 voluit
768 660 943 731 Deus
988 668 1101 731 aut
1146 663 1309 733 velle
1354 666 1592 757 potuit,
1641 675 1718 737 ut
1743 678 2228 761 promoveretur
2271 681 2433 745 tem-

154 782 381 875 porale
409 780 758 850 hominum
785 778 1033 849 bonum
1069 798 1223 847 cum
1268 779 1662 851 detrimento
1689 784 2124 875 spiritualiset
2141 793 2370 859 aeterni
2403 815 2422 860 z

150 921 317 970 nam
344 918 385 965 e
412 903 628 965 contra
657 893 855 961 vitam
894 894 1313 983 tranquillam
1340 901 1403 964 et
1431 916 1728 967 securam
1779 899 2126 971 hominum
2159 904 2228 972 in
2264 913 2432 977 terra

154 1035 299 1085 non
326 1011 603 1080 intendit
642 1008 843 1089 Deus,
877 1006 1003 1077 nisi
1024 1015 1335 1099 tanquam
1379 1011 1670 1083 medium
1698 1014 1776 1083 ad
1807 1016 2100 1106 ipsorum
2147 1021 2438 1091 sanctifi-

161 1132 485 1200 cationem
534 1130 599 1195 et
634 1124 860 1215 salutis
896 1129 1149 1195 aeternae
1182 1129 1722 1217 prosecutionem.
1769 1129 1946 1222 Ergo
1989 1134 2266 1204 dubium
2308 1158 2440 1207 non

164 1252 261 1315 est
304 1240 471 1334 quin
510 1240 793 1311 voluerit
870 1237 1047 1309 Deus
1106 1238 1486 1311 saecularem
1553 1248 1924 1334 potestatem
1993 1248 2436 1323 ecclesiasticis

168 1360 389 1429 locum
433 1356 681 1444 oedere,
711 1355 929 1446 quoad
974 1376 1079 1425 eas
1116 1377 1345 1427 omnes
1370 1358 1590 1448 (etiam
1619 1361 1790 1431 circa
1826 1383 1966 1430 rem
1992 1368 2444 1457 temporalem)

172 1472 645 1565 dispositiones,
664 1492 812 1561 quae
836 1469 927 1539 ad.
948 1471 1426 1561 procurandum
1441 1472 1774 1565 spirituale
1801 1477 2168 1549 animarum
2198 1481 2447 1553 bonum

174 1594 341 1681 aptae
366 1593 535 1659 sunt.
574 1585 762 1656 Unde
786 1585 927 1674 juri
972 1583 1273 1657 Ecclesiae
1322 1590 1738 1661 aceensendae
1797 1598 1952 1661 sunt
2002 1594 2450 1686 dispositiones

173 1702 679 1793 hujuscemodi3
714 1707 779 1769 et
816 1700 1114 1771 saeculari
1162 1704 1560 1795 principatui
1601 1704 1976 1797 deneganda
2009 1712 2264 1781 easdem
2289 1736 2458 1804 proe-

172 1818 479 1911 pediendi
508 1822 803 1907 potestas.
840 1816 987 1887 Non
1018 1822 1239 1887 autem
1270 1817 1426 1887 inde
1449 1820 1742 1907 sequitur
1759 1820 2012 1891 directa
2035 1823 2344 1897 Ecclesiae
2373 1832 2446 1899 in

175 1954 328 2003 rem
350 1931 765 2023 temporalem
794 1936 1064 2023 potestas
1093 1952 1113 2021 3
1158 1934 1486 2022 siquidem
1534 1934 1760 2024 nequit
1789 1934 2074 2005 Ecclesia
2112 1938 2452 2030 disponere

186 2050 275 2119 de
310 2045 507 2117 rebus
532 2046 1011 2138 temporalibus,
1060 2046 1185 2117 nisi
1210 2046 1474 2137 quando
1517 2052 1582 2117 et
1605 2055 1923 2139 quatenus
1965 2052 2454 2143 dispositionem

181 2161 509 2255 ejusmodi
552 2163 826 2253 requirit
866 2162 1023 2233 finis
1048 2162 1173 2253 ipsi
1200 2162 1529 2255 proprius,
1572 2164 1930 2255 spiritualis
1952 2166 2459 2243 scilicetanima-

180 2302 339 2349 rum
365 2278 711 2371 protectus.
749 2276 817 2349 Si
838 2276 1160 2349 directam
1188 2278 1257 2347 in
1302 2300 1405 2349 res
1432 2281 1816 2372 temporales
1841 2288 2216 2373 potestatem
2263 2286 2462 2363 habe-

186 2398 311 2476 ret,
334 2395 542 2482 posset
560 2388 641 2459 de
655 2390 735 2460 iis
754 2388 1101 2459 decernere
1136 2388 1264 2460 hoc
1288 2391 1428 2481 ipso
1453 2391 1628 2481 quod
1661 2395 2042 2485 temporales
2063 2399 2220 2467 sint.
2255 2400 2452 2471 Porro

186 2501 255 2570 id
295 2502 653 2595 rejicimus,
713 2506 777 2570 et
830 2498 1111 2571 dicimus
1152 2498 1357 2591 ipsius
1387 2500 1840 2591 jurisdictione
1868 2526 1998 2575 non
2045 2506 2279 2600 subjici
2314 2531 2456 2583 rem

189 2616 638 2709 temporalem,
669 2614 798 2685 nisi
850 2615 1111 2707 quando
1150 2617 1307 2684 etin
1338 2626 1662 2705 quantum
1683 2616 1754 2687 id
1802 2620 2075 2709 requirit
2111 2626 2464 2715 spiritualis

193 2734 327 2823 ipsi
352 2734 731 2801 constitutus
768 2732 939 2800 finis.
976 2730 1174 2799 Porro
1218 2729 1285 2798 id
1318 2728 1510 2819 plene
1553 2727 1790 2797 sufficit
1823 2736 1898 2798 ut
1929 2732 2138 2803 valeat
2180 2736 2466 2813 Ecclesia

198 2852 425 2918 ratum
456 2846 693 2917 habere
716 2854 778 2915 et
801 2846 1095 2917 validum
1151 2845 1494 2915 decernere
1519 2846 1918 2913 contractum
1946 2868 2080 2935 quo
2101 2850 2464 2939 religiosus,

192 2962 661 3054 professionem
690 2961 1077 3047 emittendo,
1113 2960 1285 3031 bona
1308 2981 1426 3029 sua
1484 2957 1834 3029 adventitia
1861 2965 2318 3036 communitati
2347 2988 2460 3039 ce·-

195 3080 343 3182 ‘¹1²0‘
368 3078 519 3171 quia
562 3077 627 3147 id
656 3078 971 3169 religiosis
996 3076 1338 3149 ordinibus
1364 3096 1440 3145 ac
1465 3074 1735 3167 proinde
1755 3074 2072 3167 spirituali
2094 3080 2477 3154 animarum·

196 3196 379 3265 bono
402 3193 586 3265 valde
609 3193 981 3285 proficuum
1006 3200 1123 3263 est.
1155 3190 1333 3283 Ergo
1355 3190 1383 3261 l
1400 3193 1512 3281 jus
1535 3193 2028 3263 communitatis
2055 3195 2124 3263 in
2153 3194 2324 3267 bona
2345 3198 2468 3267 ad-

194 3306 471 3378 ventitia
490 3309 771 3399 religiosi
790 3309 1014 3378 induci
1038 3314 1245 3401 potest
1266 3306 1332 3375 vi
1356 3310 1748 3392 contractuS,
1794 3306 2174 3397 religiosum
2217 3312 2388 3385 inter
2409 3324 2472 3387 et

202 3422 749 3495 communitatem
775 3423 942 3495 initi.
2355 3488 2364 3497 .
2447 3429 2452 3440 '

294 3534 673 3608 Notandum
694 3545 911 3608 tamen
931 3535 1250 3628 ejusmodi
1270 3540 1676 3607 contractum
1705 3536 2204 3610 insufficientem
2227 3544 2362 3611 fore
2395 3546 2474 3615 ad

200 3652 647 3723 inducendam
697 3654 1185 3746 incapacitatem
1231 3650 1514 3729 dominii
1559 3672 1634 3722 eo
1663 3652 1882 3740 mode,
1935 3652 2050 3742 qui
2083 3658 2478 3727 necessarius

200 3772 305 3833 est
330 3764 411 3832 ad
438 3766 568 3833 voti
613 3763 1105 3833 solemnitatem.
1173 3760 1341 3831 Nam
1390 3762 1576 3833 hicce
1605 3768 1962 3832 contractus
1991 3768 2200 3853 posset
2240 3772 2472 3839 mutuo

204 3894 529 3945 consensu
581 3878 1073 3947 communitatis
1097 3882 1159 3945 et
1187 3876 1476 3967 religiosi
1499 3876 1572 3944 in
1600 3896 1678 3945 ea
1713 3874 2068 3967 profitentis
2099 3875 2394 3962 dissolvi3
2417 3886 2483 3961 et

202 3998 375 4063 tunc
413 3992 752 4085 religiosus
800 3992 913 4065 ille
958 3994 1201 4065 iterum
1234 4014 1434 4084 capax
1479 3991 1758 4067 dominii
1805 3992 2120 4064 evaderet.
2177 3991 2376 4066 Porro
2399 3995 2481 4065 ad

43 4138 47 4203 ἰ
206 4107 769 4179 solemnizandum
796 4114 1023 4179 votum
1054 4108 1471 4201 paupertatis,
1499 4126 1752 4177 necesse
1779 4111 1875 4175 est
1898 4106 2123 4176 induci
2155 4108 2483 4199 incapaci-

45 4212 49 4317 Ι
206 4228 409 4293 tatem
452 4223 757 4309 dominii,
783 4244 931 4315 quae
958 4244 995 4293 a
1026 4224 1210 4293 nullo
1238 4226 1698 4314 (praeterquam
1745 4241 1783 4289 a
1807 4220 2098 4290 Romano
2148 4220 2488 4315 Pontifice)

47 4324 50 4355 ²
210 4336 379 4409 solvi
410 4338 629 4428 possit.
674 4338 959 4416 Proinde
985 4356 1243 4409 necesse
1282 4343 1379 4410 est
1416 4344 1492 4406 ut
1539 4334 1925 4410 interveniat
1952 4334 2286 4423 Eccleeiae,
2317 4338 2492 4408 inea-

49 4478 54 4573 }
212 4450 565 4542 paeitatem
595 4452 779 4525 illam
806 4452 1155 4537 firmantis,
1184 4452 1554 4528 auctoritas.

53 4596 56 4643 ι
