2834 4959
1151 343 1306 393 ruis
1341 343 1579 394 mm.
2392 342 2511 405 505

223 497 266 540 a
301 491 412 559 ne,
441 489 602 538 cum
631 485 750 559 per
771 463 940 534 illud
971 464 1300 536 bonorum
1329 487 1603 536 suorum
1663 467 2123 558 proprietatem
2170 491 2245 540 ac
2288 473 2513 543 domi·-

219 613 266 656 α
297 587 494 656 nium
544 581 762 651 adhuc
801 580 1146 650 retineant.
1204 580 1491 652 Proinde
1542 603 1661 652 nec
1698 582 2010 652 solemnia
2036 605 2173 653 esse
2212 585 2339 655 alia
2380 587 2512 660 duo

215 727 258 767 ι(
287 707 438 771 vota
464 699 770 770 castitatis
815 701 880 766 et
905 696 1370 767 obedientiae...
1420 721 1461 764 τ»
1497 699 1715 790 (Apud
1764 697 2119 781 Gautrelet,
2156 686 2330 772 E'tat
2356 705 2511 774 reli-

216 816 468 908 qieux,
497 821 654 882 tom.
687 813 756 896 2,
789 834 940 904 pag.
973 811 1134 902 270,
1161 813 1316 882 edit.
1351 813 1579 904 1853.)

315 929 500 1004 Licet
523 950 648 1000 nou
705 929 1066 1000 babeamus
1092 929 1346 1020 proet'ati
1375 931 1727 1020 superioris
1754 929 1977 1015 verba,
2011 933 2254 1023 quibus
2280 955 2507 1004 casum

215 1050 634 1138 exposuerat,
683 1065 758 1113 ex
790 1063 1100 1136 responso
1129 1049 1351 1112 tamen
1399 1045 1551 1112 satis
1606 1044 1809 1135 liquet
1844 1045 2063 1137 ipsum
2116 1048 2509 1120 monialibus

214 1160 532 1230 tribuisse
563 1159 1006 1228 intentionem
1029 1159 1302 1228 vovendi
1329 1158 1692 1228 secundum
1708 1160 2053 1230 articulum
2074 1161 2412 1251 gubernii3
2439 1164 2507 1234 id

221 1283 354 1361 est,
409 1275 834 1344 intentionem
901 1272 1204 1344 servandi
1268 1273 1593 1343 bonorum
1672 1293 1943 1344 suorum
2018 1278 2499 1369 proprietatem.

225 1389 312 1460 Id
334 1389 607 1459 omnino
627 1395 1010 1481 supponunt
1039 1389 1175 1457 istae
1203 1390 1493 1478 responsi
1520 1410 1705 1458 voces
1734 1411 1753 1456 ε
1790 1413 1825 1456 α
1856 1388 2095 1459 Votum
2115 1393 2507 1482 paupertatis

241 1527 286 1570 ι
307 1504 478 1593 quod
509 1524 692 1574 novae
709 1503 1072 1574 Galliarum
1095 1503 1410 1592 religiosae
1444 1503 1801 1593 secundum
1814 1505 2181 1574 articulum
2198 1527 2237 1574 a
2262 1507 2504 1594 guber-

231 1642 274 1684 «
311 1621 420 1688 nio
445 1620 770 1710 adjectum
799 1619 1206 1688 emittunt...
1251 1641 1288 1684 ι
1359 1617 1807 1708 Respondetur
1848 1620 2384 1711 nempe.relative
2428 1621 2511 1690 ad

221 1734 670 1826 hypothesim,
711 1734 886 1824 q‘uod
945 1733 1266 1803 moniales
1327 1732 1763 1802 intentionem
1818 1733 2001 1804 illam
2074 1734 2145 1802 in
2216 1736 2535 1810 vovendo·

221 1847 537 1918 habeant.

323 1959 498 2050 Ergo
523 1981 744 2029 revera
767 1961 984 2052 plures
1005 1981 1298 2032 romanae
1326 1961 1785 2030 declarationes
1812 1959 2095 2030 relativae
2122 1960 2393 2030 fuerunt
2426 1962 2509 2031 ad

225 2077 536 2166 exposita,
579 2076 820 2165 quibus
869 2077 1271 2146 asserebatur
1295 2098 1529 2146 vovere
1560 2075 1869 2144 moniales
1900 2074 2153 2155 Gauiae,
2198 2096 2349 2144 cum
2384 2075 2509 2146 in-

223 2189 516 2260 tentione
555 2191 908 2260 retinendae
954 2191 1310 2262 habilitatis
1351 2192 1435 2260 ad
1480 2191 1881 2280 dominium,
1901 2192 2085 2282 juxta
2105 2190 2271 2280 legis
2296 2191 2509 2262 civilis

229 2305 740 2397 dispositionem.
1043 2293 1050 2300 ⁸

319 2419 694 2490 Psorosrno
736 2419 842 2489 11⁸.
875 2457 966 2472 --
1009 2423 1171 2491 Vera
1192 2443 1330 2490 non
1352 2423 1639 2512 fuerunt
1651 2423 1963 2514 proefata
1988 2422 2321 2512 exposita,
2353 2422 2509 2513 qui-

231 2536 838 2606 busuniversaliter
863 2536 1308 2618 asserebatur,
1352 2538 1576 2605 emitti
1611 2537 2089 2628 professionem
2115 2559 2161 2606 a
2186 2538 2513 2608 moniali-

233 2651 361 2721 bus
389 2650 658 2733 Gallioe,
687 2672 838 2720 eum
859 2650 1233 2720 attentione
1257 2649 1592 2719 retinendi
1620 2650 1911 2718 dominii
1946 2663 2073 2720 aut
2116 2651 2514 2722 habilitatis

233 2766 338 2837 ad
373 2765 762 2838 dominium.
793 2805 886 2821 -
911 2767 1244 2858 Frequens
1283 2766 1453 2835 mihi
1504 2765 1629 2833 fuit
1656 2766 1933 2848 occasio,
1966 2766 2034 2831 in
2066 2767 2263 2833 variis
2288 2767 2515 2838 Gauiae

236 2883 636 2973 regionibus,
662 2883 938 2952 verbum
967 2882 1244 2953 faciendi
1267 2903 1425 2950 cum
1448 2882 1529 2950 iis
1558 2880 1891 2948 variorum
1910 2879 2225 2947 ordinum
2256 2883 2511 2950 monia-

225 2997 434 3085 libus,
465 3019 638 3087 quie,
667 3018 744 3065 ex
770 2996 1064 3066 instituto
1115 3019 1154 3066 a
1183 2995 1331 3066 sede
1375 2995 1743 3087 Apostolica
1787 2993 2167 3085 approbate,
2200 2995 2517 3064 solemnia

231 3115 386 3179 vota
424 3113 718 3180 emittere
781 3111 1115 3182 deberent.
1187 3110 1605 3181 Percontatus
1656 3117 1872 3180 autem
1923 3107 2251 3199 quomodo
2288 3114 2515 3178 votum

231 3247 436 3296 suum
482 3229 868 3317 paupertatis
903 3227 1389 3324 intelligerent,
1435 3232 1498 3294 et
1542 3247 1629 3296 an
1654 3224 2093 3294 existimarent
2146 3243 2213 3293 se
2271 3223 2512 3308 adhuc,

231 3343 706 3432 ponemissam
733 3343 1226 3434 professionem,
1272 3341 1521 3412 habiles
1538 3359 1875 3410 remanere
1899 3329 1981 3406 ad
2004 3337 2370 3420 habendam
2401 3358 2515 3407 seu

239 3455 704 3543 acquirendam
767 3457 862 3526 rei
929 3455 1205 3546 alicujus
1256 3456 1745 3546 proprietatem,
1796 3452 1963 3522 mihi
2014 3454 2513 3545 responderunt,

229 3569 448 3644 emitti
498 3592 537 3641 a
587 3558 655 3639 εἳ
725 3570 1120 3662 paupertatis
1185 3577 1419 3640 votum
1475 3572 1665 3660 juxta
1722 3572 1919 3638 totam
1978 3567 2519 3638 constitutionum

231 3705 505 3755 suarum
532 3685 666 3754 vim
687 3709 706 3770 ;
725 3686 813 3754 ita
835 3707 1074 3779 nempe
1099 3693 1174 3755 ut
1199 3684 1397 3756 alicui
1440 3685 1737 3776 professae
1782 3683 2133 3755 obveniens
2157 3679 2517 3762 haereditas,

239 3817 654 3890 nequaquam
693 3807 1026 3892 reputetur
1079 3802 1160 3871 ad
1189 3801 1396 3893 ipsam
1437 3803 1785 3893 pertinere,
1816 3798 2242 3892 quantumvis
2291 3796 2391 3866 lex
2420 3795 2520 3864 ci-

241 3911 420 4001 vilis,
455 3935 586 3984 non
615 3917 1098 4001 communitati,
1153 3915 1266 3986 sed
1301 3915 1573 3986 moniali
1622 3917 2061 3986 haereditatem
2120 3912 2300 3981 illam
2344 3910 2525 3979 attri-

243 4027 454 4118 buat3
483 4029 655 4099 nihil
682 4051 919 4104 curare
943 4053 1012 4100 se
1047 4032 1264 4120 quoad
1313 4031 1801 4120 conscientiam,
1833 4032 1913 4101 de
1958 4029 2121 4120 legis
2154 4024 2365 4098 civilis
2390 4025 2523 4094 dis·

243 4144 610 4234 positione3
663 4145 1124 4237 obligatorium
1193 4146 1485 4238 reputari
1536 4146 1931 4238 paupertatis
1982 4150 2241 4224 votum,
2306 4137 2523 4231 quoad

233 4307 442 4377 C'haque
491 4327 630 4363 soeur
657 4327 887 4364 conserve
927 4313 980 4364 la
1017 4314 1277 4379 proprie&
1304 4314 1370 4366 de
1393 4329 1473 4366 ses
1502 4313 1637 4369 biens
1657 4313 1881 4380 praeno
1922 4315 1971 4363 et
1994 4311 2027 4362 ὰ
2065 4309 2249 4374 υεηίνς
2272 4305 2403 4358 mais
2423 4303 2519 4357 elle

227 4399 352 4462 peut
369 4414 434 4452 en
461 4399 688 4468 dispom·
709 4401 1106 4466 conformement
1134 4415 1238 4454 aux
1259 4401 1370 4454 lois.
