2834 4959
1054 362 1205 412 PARS
1251 361 1521 412 stonum
1530 392 1546 411 .
2313 357 2350 414 2
2360 360 2392 414 7
2403 359 2438 416 9

159 501 515 578 Clementis
552 497 707 596 vm
742 502 1165 588 sanctionem,
1212 501 1532 572 vocandos
1577 523 1712 572 esse
1749 503 2009 594 priores
2033 527 2146 574 seu
2198 527 2438 598 procu·

153 632 433 707 ratores,
459 629 527 686 et
558 615 729 684 alios
746 615 1055 684 interesse
1080 615 1414 702 habentes,
1443 615 1873 687 nihilominus
1899 619 1968 686 in
1987 639 2254 710 corpore
2269 621 2442 712 ejus—

150 739 294 806 dem
336 733 593 803 decreti
648 730 912 831 dieitur,
953 731 1291 834 erigendos
1320 753 1454 802 non
1504 754 1640 802 esse
1672 753 1872 802 novos
1897 742 2277 821 conventus,
2311 718 2444 806 ⁴nisi

149 852 407 944 priores
450 869 571 916 seu
592 858 1059 940 procuratores
1104 849 1391 918 aliorum
1427 849 2009 920 monasteriorum.
2025 901 2070 919 ..
2121 853 2343 920 vocati
2381 865 2446 921 et

156 965 387 1038 auditi
406 965 715 1057 suerin&
737 985 1148 1056 nequaquam
1180 973 1396 1034 autem
1430 965 1712 1051 additur,
1744 977 1810 1034 et
1837 965 1964 1034 alii
1995 965 2302 1036 interesse
2323 967 2445 1036 ha·

162 1083 411 1150 bentes.
458 1079 541 1149 Et
562 1080 827 1148 tandem
892 1081 965 1148 in
1009 1085 1287 1170 utroque
1325 1079 1582 1149 decreto
1605 1080 1858 1150 intendi
1884 1079 2302 1150 solummodo
2346 1085 2448 1152 in-

160 1203 403 1264 teresse
457 1214 571 1262 seu
598 1193 849 1262 bonum
908 1193 1241 1286 spirituale
1282 1199 1346 1262 et
1397 1194 1750 1286 temporale
1789 1195 2220 1286 regularium,
2257 1199 2446 1268 facile

163 1310 521 1402 perspiciet
560 1310 781 1396 lector,
826 1309 1217 1380 conferendo
1259 1310 1401 1379 baec
1451 1310 1799 1381 Clementis
1853 1312 2048 1382 verba
2082 1337 2098 1381 ε
2138 1337 2175 1379 α
2223 1315 2447 1386 Novo:

163 1453 201 1493 t(
250 1424 633 1517 hujusmodi
698 1425 1037 1515 erigendos
1110 1431 1466 1496 conventus
1529 1428 1666 1496 sine
1730 1425 2018 1496 aliorum
2063 1427 2450 1499 detrimento

31 1537 33 1546 '
160 1569 196 1608 α
236 1540 585 1612 commode
603 1539 951 1608 sustentari
964 1561 1147 1648 posse
1174 1539 1552 1630 constiterit,
1584 1565 1618 1607 n
1651 1561 1804 1611 cum
1822 1541 1926 1610 his
1953 1540 2250 1634 Gregorii
2274 1541 2444 1612 XV:

161 1685 193 1724 α
236 1657 615 1728 ordinariis
639 1656 930 1726 locorum
958 1656 1340 1742 constiterit,
1372 1655 1704 1746 religiosos
1724 1659 2127 1745 monasterii,
2157 1678 2438 1728 conven-

161 1799 195 1840 αι
238 1782 341 1844 tus
370 1795 499 1844 seu
552 1773 787 1841 domus
831 1771 1145 1862 regularis
1177 1773 1271 1842 sic
1336 1771 1628 1860 erigendi
1657 1773 1758 1841 vel
1799 1772 2144 1861 erigendae,
2203 1773 2446 1861 absque

165 1919 199 1956 α
234 1893 633 1961 detrimento
655 1890 1117 1982 reliqiosorum
1146 1890 1216 1958 in
1241 1889 1666 1958 monasteriis
1687 1911 1802 1958 seu
1829 1889 2156 1978 domibus,
2184 1903 2348 1958 ante
2373 1891 2450 1958 in

172 2030 207 2070 α
250 2004 647 2089 civitatibus
673 2027 787 2072 seu
814 2005 972 2073 locis
1000 2001 1393 2095 hujusmodi
1414 2005 1642 2073 erectis
1667 2004 2070 2096 deqentium,
2099 2004 2192 2072 ibi
2219 2005 2292 2071 in
2319 2025 2450 2073 nu-

168 2145 201 2186 «
226 2142 411 2191 mero
430 2121 780 2190 duodecim
804 2120 1141 2189 commode
1164 2125 1229 2188 et
1243 2139 1536 2209 congrue
1557 2121 1973 2190 manuteneri.
1987 2126 2049 2188 et
2077 2118 2162 2190 ali
2175 2139 2379 2209 posse.
2400 2145 2436 2184 »

237 2235 419 2329 Ergo
464 2257 690 2306 revera
734 2233 1093 2306 Pontificiae
1124 2235 1202 2304 de
1230 2237 1559 2326 erigendis
1607 2236 1792 2306 novis
1841 2236 2266 2305 conventibus
2284 2255 2443 2305 con-

159 2353 550 2436 stitutioneS,
598 2370 1015 2440 nequaquam
1073 2351 1431 2420 decernunt
1475 2349 1842 2420 vocandum
1883 2373 2015 2420 esse
2055 2350 2444 2442 parochum,

158 2473 511 2556 antequam
550 2465 875 2534 licentiam
926 2466 1233 2548 concedat
1272 2465 1652 2558 Episcopus.
1699 2463 1706 2470 ’

241 2581 327 2650 11.
362 2583 591 2672 Neque
617 2577 694 2648 id
730 2579 1083 2672 requirunt
1120 2579 1267 2650 ulla
1289 2581 1435 2649 alia
1478 2581 1792 2650 Ecclesiae
1820 2579 2105 2650 decreta.
2131 2579 2446 2672 —Equi-

163 2696 316 2764 dem
367 2718 588 2764 cavere
614 2695 799 2766 debet
846 2695 1230 2787 EpiscopuS‚
1284 2717 1367 2764 ne
1407 2717 1518 2785 per
1575 2695 1728 2763 novi
1777 2703 2132 2764 conventus
2177 2698 2452 2766 erectio-

166 2833 321 2880 nem
353 2811 663 2882 laedantur
706 2813 973 2904 parochi
1010 2833 1127 2881 seu
1178 2810 1465 2880 ecclesiae
1493 2807 1874 2900 parochialis
1911 2809 2106 2898 jura,
2133 2816 2198 2878 et
2241 2819 2454 2899 potest

166 2927 487 3019 parochus
508 2929 561 2996 si
590 2929 1047 3020 praejudicium
1079 2928 1268 2998 dictis
1290 2927 1550 3017 juribus
1577 2925 1920 3010 inferatur,
1954 2944 1993 2993 a
2021 2925 2272 2996 decreto
2301 2929 2442 3020 epi·

163 3043 409 3136 scopali
432 3046 825 3114 erectionem
870 3044 1261 3114 concedente
1297 3043 1658 3134 appellare3
1711 3043 1852 3111 imo
1906 3048 1969 3110 et
2013 3040 2228 3110 audiri
2278 3043 2442 3112 debe

164 3159 509 3248 parochus,
540 3158 597 3228 si
622 3165 767 3229 ante
796 3179 1160 3228 concessam
1199 3139 1532 3227 licentiam
1573 3157 1967 3249 Episcopum
1995 3157 2203 3236 adeat,
2231 3162 2296 3224 et
2339 3178 2452 3246 op-

156 3281 541 3367 positionem
570 3277 797 3363 faciat3
829 3280 893 3348 et
918 3279 1057 3348 haec
1082 3279 1307 3346 omnia
1345 3277 1514 3368 juris
1579 3277 1952 3346 communis
1999 3274 2276 3346 textibus
2303 3297 2456 3368 pro-

156 3389 303 3461 bari
330 3401 595 3484 possunt
626 3419 644 3462 ε
681 3399 920 3463 atvero
946 3393 1123 3484 quod
1152 3399 1460 3462 teneatur
1527 3393 1880 3484 Episcopus
1917 3412 2072 3460 eum
2117 3413 2370 3475 vocare,
2404 3399 2466 3463 et

153 3525 226 3574 ex
258 3509 499 3577 omissa
526 3506 639 3578 illa
668 3509 1050 3578 formalitate
1095 3509 1381 3578 invalida
1414 3509 1500 3577 sit
1525 3507 1900 3601 episcopalis
1923 3511 2277 3593 concessio,
2312 3527 2445 3576 non

153 3621 417 3692 aliunde
449 3623 739 3693 inferunt
766 3625 970 3714 aliqui
1006 3623 1253 3693 canoni
1266 3629 1377 3692 stae
1398 3672 1419 3711 ,
1458 3623 1586 3692 nisi
1621 3645 1696 3691 ex
1729 3623 1914 3692 dictis
1941 3622 2292 3692 Clementis
2313 3618 2464 3690 vlll

149 3744 211 3802 et
263 3737 567 3827 Gregorii
608 3737 735 3811 XV
764 3738 1327 3809 constitutionibus
1374 3745 1482 3807 :et
1515 3737 1792 3807 fatentur
1835 3757 2058 3806 omnes
2087 3735 2442 3805 formalita-

156 3857 302 3917 tem
344 3851 539 3938 hanc,
568 3855 698 3923 nisi
743 3877 857 3947 per
881 3855 1083 3924 dictas
1106 3853 1594 3924 constitutiones
1619 3853 2054 3945 praecipiatur,
2081 3851 2454 3920 nullatenus

168 3966 599 4038 necessariam
628 3967 758 4038 dici
788 3993 991 4060 posse.
1027 3970 1197 4040 Cum
1226 3991 1379 4061 ergo
1405 3969 1503 4062 (ut
1530 3968 1966 4061 probavimus)
1990 3969 2179 4037 dictae
2202 3966 2448 4036 consti-

172 4083 454 4151 tutionen
488 4081 659 4154 circa
686 4107 1011 4156 novorum
1047 4093 1487 4156 conventuum
1531 4087 1919 4156 erectionem
1946 4083 2166 4168 editoe,
2213 4103 2456 4172 nequa-

176 4217 367 4284 quam
426 4201 762 4291 praefatam
795 4202 1063 4272 vocandi
1110 4202 1375 4295 parochi
1435 4200 1887 4272 formalitatem
1921 4200 2278 4290 requirant,
2311 4216 2456 4265 eam

173 4313 551 4384 nullatenus
587 4319 833 4409 requiri
874 4320 1102 4388 merito
1136 4317 1488 4407 colligitur.
