<?xml version="1.0" encoding="UTF-8"?>
<!DOCTYPE html PUBLIC "-//W3C//DTD XHTML 1.0 Transitional//EN"
    "http://www.w3.org/TR/xhtml1/DTD/xhtml1-transitional.dtd">
<html xmlns="http://www.w3.org/1999/xhtml" xml:lang="en" lang="en">
 <head>
  <title>
</title>
<meta http-equiv="Content-Type" content="text/html;charset=utf-8" />
  <meta name='ocr-system' content='tesseract 3.04.00' />
  <meta name='ocr-capabilities' content='ocr_page ocr_carea ocr_par ocr_line ocrx_word'/>
</head>
<body>
  <div class='ocr_page' id='page_1' title='image "./tractatusdejure01unkngoog_0563.png"; bbox 0 0 2834 4959; ppageno 0'>
   <div class='ocr_carea' id='block_1_1' title="bbox 1087 349 2461 418">
    <p class='ocr_par' dir='ltr' id='par_1_1' title="bbox 1087 349 2461 418">
     <span class='ocr_line' id='line_1_1' title="bbox 1087 349 2461 418; baseline 0.004 -23"><span class='ocrx_word' id='word_1_1' title='bbox 1087 349 1240 398; x_wconf 64' lang='lat' dir='ltr'>rans</span> <span class='ocrx_word' id='word_1_2' title='bbox 1291 351 1557 410; x_wconf 63' lang='lat' dir='ltr'>omma,</span> <span class='ocrx_word' id='word_1_3' title='bbox 2334 361 2461 418; x_wconf 68' lang='lat'>545</span> 
     </span>
    </p>
   </div>
   <div class='ocr_carea' id='block_1_2' title="bbox 157 463 2475 4367">
    <p class='ocr_par' dir='ltr' id='par_1_2' title="bbox 158 463 2461 670">
     <span class='ocr_line' id='line_1_2' title="bbox 158 463 2461 566; baseline 0.009 -32"><span class='ocrx_word' id='word_1_4' title='bbox 158 486 234 534; x_wconf 82' lang='lat' dir='ltr'>ex</span> <span class='ocrx_word' id='word_1_5' title='bbox 261 465 548 558; x_wconf 86' lang='lat' dir='ltr'>ipsomet</span> <span class='ocrx_word' id='word_1_6' title='bbox 588 466 742 554; x_wconf 81' lang='lat' dir='ltr'>jure</span> <span class='ocrx_word' id='word_1_7' title='bbox 775 463 1000 534; x_wconf 82' lang='lat' dir='ltr'>divino</span> <span class='ocrx_word' id='word_1_8' title='bbox 1053 465 1467 554; x_wconf 79' lang='lat' dir='ltr'>concludant,</span> <span class='ocrx_word' id='word_1_9' title='bbox 1502 479 1693 562; x_wconf 88' lang='lat' dir='ltr'>prout</span> <span class='ocrx_word' id='word_1_10' title='bbox 1717 494 1791 544; x_wconf 82' lang='lat' dir='ltr'>ex</span> <span class='ocrx_word' id='word_1_11' title='bbox 1820 475 2224 566; x_wconf 68' lang='lat' dir='ltr'>{eorumdem</span> <span class='ocrx_word' id='word_1_12' title='bbox 2261 505 2461 555; x_wconf 84' lang='lat' dir='ltr'>cano·</span> 
     </span>
     <span class='ocr_line' id='line_1_3' title="bbox 163 580 984 670; baseline -0.005 -19"><span class='ocrx_word' id='word_1_13' title='bbox 163 603 332 651; x_wconf 87' lang='lat' dir='ltr'>num</span> <span class='ocrx_word' id='word_1_14' title='bbox 357 587 584 650; x_wconf 83' lang='lat' dir='ltr'>tenore</span> <span class='ocrx_word' id='word_1_15' title='bbox 603 580 755 648; x_wconf 81' lang='lat' dir='ltr'>satis</span> <span class='ocrx_word' id='word_1_16' title='bbox 785 586 984 670; x_wconf 87' lang='lat' dir='ltr'>patet.</span> 
     </span>
    </p>

    <p class='ocr_par' dir='ltr' id='par_1_3' title="bbox 157 694 2469 1477">
     <span class='ocr_line' id='line_1_4' title="bbox 261 694 2463 806; baseline 0.009 -41"><span class='ocrx_word' id='word_1_17' title='bbox 261 695 562 788; x_wconf 79' lang='lat' dir='ltr'>Objicies</span> <span class='ocrx_word' id='word_1_18' title='bbox 617 696 705 765; x_wconf 83' lang='lat'>1⁰.</span> <span class='ocrx_word' id='word_1_19' title='bbox 757 733 842 748; x_wconf 89' lang='lat'>--</span> <span class='ocrx_word' id='word_1_20' title='bbox 869 694 1186 780; x_wconf 76' lang='lat' dir='ltr'>Clericus,</span> <span class='ocrx_word' id='word_1_21' title='bbox 1235 698 1308 766; x_wconf 89' lang='lat' dir='ltr'>in</span> <span class='ocrx_word' id='word_1_22' title='bbox 1341 719 1675 777; x_wconf 83' lang='lat' dir='ltr'>sacrorum</span> <span class='ocrx_word' id='word_1_23' title='bbox 1713 705 2025 776; x_wconf 83' lang='lat' dir='ltr'>ordinum</span> <span class='ocrx_word' id='word_1_24' title='bbox 2070 714 2463 806; x_wconf 73' lang='lat' dir='ltr'>receptione,</span> 
     </span>
     <span class='ocr_line' id='line_1_5' title="bbox 161 811 2464 917; baseline 0.009 -37"><span class='ocrx_word' id='word_1_25' title='bbox 161 811 616 881; x_wconf 83' lang='lat' dir='ltr'>obedientiam</span> <span class='ocrx_word' id='word_1_26' title='bbox 634 812 882 903; x_wconf 85' lang='lat' dir='ltr'>juravit</span> <span class='ocrx_word' id='word_1_27' title='bbox 917 811 1276 904; x_wconf 82' lang='lat' dir='ltr'>Episcop03</span> <span class='ocrx_word' id='word_1_28' title='bbox 1311 835 1468 906; x_wconf 91' lang='lat' dir='ltr'>ergo</span> <span class='ocrx_word' id='word_1_29' title='bbox 1508 819 1737 909; x_wconf 82' lang='lat' dir='ltr'>nequit</span> <span class='ocrx_word' id='word_1_30' title='bbox 1760 820 2005 914; x_wconf 81' lang='lat' dir='ltr'>absque</span> <span class='ocrx_word' id='word_1_31' title='bbox 2034 824 2237 917; x_wconf 88' lang='lat' dir='ltr'>ipsius</span> <span class='ocrx_word' id='word_1_32' title='bbox 2262 828 2464 900; x_wconf 91' lang='lat' dir='ltr'>licen-</span> 
     </span>
     <span class='ocr_line' id='line_1_6' title="bbox 157 924 2467 1022; baseline 0.009 -28"><span class='ocrx_word' id='word_1_33' title='bbox 157 925 260 994; x_wconf 75' lang='lat' dir='ltr'>tia</span> <span class='ocrx_word' id='word_1_34' title='bbox 281 945 326 992; x_wconf 84' lang='lat' dir='ltr'>a</span> <span class='ocrx_word' id='word_1_35' title='bbox 350 924 606 994; x_wconf 86' lang='lat' dir='ltr'>dioecesi</span> <span class='ocrx_word' id='word_1_36' title='bbox 640 925 987 995; x_wconf 85' lang='lat' dir='ltr'>discedere.</span> <span class='ocrx_word' id='word_1_37' title='bbox 1025 963 1110 980; x_wconf 91' lang='lat'>—·</span> <span class='ocrx_word' id='word_1_38' title='bbox 1154 925 1580 1020; x_wconf 75' lang='lat' dir='ltr'>Respondent</span> <span class='ocrx_word' id='word_1_39' title='bbox 1621 934 2073 1022; x_wconf 76' lang='lat' dir='ltr'>Juramentum</span> <span class='ocrx_word' id='word_1_40' title='bbox 2120 939 2285 1012; x_wconf 88' lang='lat' dir='ltr'>illud</span> <span class='ocrx_word' id='word_1_41' title='bbox 2328 945 2467 1015; x_wconf 77' lang='lat' dir='ltr'>fac·</span> 
     </span>
     <span class='ocr_line' id='line_1_7' title="bbox 166 1039 2467 1136; baseline 0.01 -27"><span class='ocrx_word' id='word_1_42' title='bbox 166 1047 324 1110; x_wconf 82' lang='lat' dir='ltr'>turn</span> <span class='ocrx_word' id='word_1_43' title='bbox 375 1039 575 1110; x_wconf 78' lang='lat' dir='ltr'>fuisse</span> <span class='ocrx_word' id='word_1_44' title='bbox 617 1041 702 1110; x_wconf 84' lang='lat' dir='ltr'>ad</span> <span class='ocrx_word' id='word_1_45' title='bbox 727 1042 1044 1112; x_wconf 87' lang='lat' dir='ltr'>terminos</span> <span class='ocrx_word' id='word_1_46' title='bbox 1095 1063 1429 1114; x_wconf 83' lang='lat' dir='ltr'>sacrorum</span> <span class='ocrx_word' id='word_1_47' title='bbox 1485 1067 1839 1136; x_wconf 86' lang='lat' dir='ltr'>canonum,</span> <span class='ocrx_word' id='word_1_48' title='bbox 1880 1073 1993 1124; x_wconf 85' lang='lat' dir='ltr'>seu</span> <span class='ocrx_word' id='word_1_49' title='bbox 2046 1056 2115 1123; x_wconf 90' lang='lat' dir='ltr'>in</span> <span class='ocrx_word' id='word_1_50' title='bbox 2170 1077 2467 1132; x_wconf 86' lang='lat' dir='ltr'>eosensu</span> 
     </span>
     <span class='ocr_line' id='line_1_8' title="bbox 164 1157 2469 1253; baseline 0.01 -29"><span class='ocrx_word' id='word_1_51' title='bbox 164 1176 384 1245; x_wconf 84' lang='lat' dir='ltr'>quem</span> <span class='ocrx_word' id='word_1_52' title='bbox 429 1157 594 1225; x_wconf 89' lang='lat' dir='ltr'>sacri</span> <span class='ocrx_word' id='word_1_53' title='bbox 638 1177 914 1226; x_wconf 87' lang='lat' dir='ltr'>canones</span> <span class='ocrx_word' id='word_1_54' title='bbox 953 1158 1519 1230; x_wconf 74' lang='lat' dir='ltr'>determinarunt:</span> <span class='ocrx_word' id='word_1_55' title='bbox 1572 1184 1763 1253; x_wconf 87' lang='lat' dir='ltr'>porro</span> <span class='ocrx_word' id='word_1_56' title='bbox 1816 1169 1983 1238; x_wconf 87' lang='lat' dir='ltr'>sacri</span> <span class='ocrx_word' id='word_1_57' title='bbox 2030 1189 2313 1244; x_wconf 85' lang='lat' dir='ltr'>canones</span> <span class='ocrx_word' id='word_1_58' title='bbox 2360 1198 2469 1246; x_wconf 84' lang='lat' dir='ltr'>ex-</span> 
     </span>
     <span class='ocr_line' id='line_1_9' title="bbox 163 1271 2463 1379; baseline 0.01 -40"><span class='ocrx_word' id='word_1_59' title='bbox 163 1291 398 1362; x_wconf 80' lang='lat' dir='ltr'>presse</span> <span class='ocrx_word' id='word_1_60' title='bbox 425 1271 660 1340; x_wconf 86' lang='lat' dir='ltr'>clerico</span> <span class='ocrx_word' id='word_1_61' title='bbox 686 1279 1136 1364; x_wconf 78' lang='lat' dir='ltr'>praeservatam</span> <span class='ocrx_word' id='word_1_62' title='bbox 1176 1274 1539 1344; x_wconf 86' lang='lat' dir='ltr'>decernunt</span> <span class='ocrx_word' id='word_1_63' title='bbox 1580 1277 1967 1372; x_wconf 84' lang='lat' dir='ltr'>libertatem,</span> <span class='ocrx_word' id='word_1_64' title='bbox 2018 1285 2099 1354; x_wconf 86' lang='lat' dir='ltr'>ad</span> <span class='ocrx_word' id='word_1_65' title='bbox 2128 1287 2463 1379; x_wconf 80' lang='lat' dir='ltr'>religionis</span> 
     </span>
     <span class='ocr_line' id='line_1_10' title="bbox 173 1387 1459 1477; baseline 0.005 -23"><span class='ocrx_word' id='word_1_66' title='bbox 173 1394 412 1472; x_wconf 82' lang='lat' dir='ltr'>castra,</span> <span class='ocrx_word' id='word_1_67' title='bbox 439 1387 700 1477; x_wconf 88' lang='lat' dir='ltr'>quando</span> <span class='ocrx_word' id='word_1_68' title='bbox 720 1389 1020 1471; x_wconf 79' lang='lat' dir='ltr'>voluerit,</span> <span class='ocrx_word' id='word_1_69' title='bbox 1055 1391 1459 1461; x_wconf 84' lang='lat' dir='ltr'>transeundi.</span> 
     </span>
    </p>

    <p class='ocr_par' dir='ltr' id='par_1_4' title="bbox 161 1502 2475 4367">
     <span class='ocr_line' id='line_1_11' title="bbox 275 1502 2473 1608; baseline 0.008 -36"><span class='ocrx_word' id='word_1_70' title='bbox 275 1502 560 1593; x_wconf 79' lang='lat' dir='ltr'>objicies</span> <span class='ocrx_word' id='word_1_71' title='bbox 588 1503 681 1572; x_wconf 81' lang='lat'>2⁰.</span> <span class='ocrx_word' id='word_1_72' title='bbox 714 1539 804 1556; x_wconf 92' lang='lat'><em>-</em></span> <span class='ocrx_word' id='word_1_73' title='bbox 833 1503 1234 1592; x_wconf 83' lang='lat' dir='ltr'>Regulariter</span> <span class='ocrx_word' id='word_1_74' title='bbox 1252 1506 1577 1596; x_wconf 89' lang='lat' dir='ltr'>loquendo</span> <span class='ocrx_word' id='word_1_75' title='bbox 1604 1509 1881 1582; x_wconf 89' lang='lat' dir='ltr'>clericus</span> <span class='ocrx_word' id='word_1_76' title='bbox 1898 1511 2217 1608; x_wconf 86' lang='lat' dir='ltr'>Episcopo</span> <span class='ocrx_word' id='word_1_77' title='bbox 2234 1533 2353 1588; x_wconf 89' lang='lat' dir='ltr'>suo</span> <span class='ocrx_word' id='word_1_78' title='bbox 2376 1529 2473 1590; x_wconf 86' lang='lat' dir='ltr'>est</span> 
     </span>
     <span class='ocr_line' id='line_1_12' title="bbox 173 1618 2466 1726; baseline 0.008 -40"><span class='ocrx_word' id='word_1_79' title='bbox 173 1619 476 1710; x_wconf 82' lang='lat' dir='ltr'>apprime</span> <span class='ocrx_word' id='word_1_80' title='bbox 497 1626 713 1703; x_wconf 86' lang='lat' dir='ltr'>notus,</span> <span class='ocrx_word' id='word_1_81' title='bbox 753 1626 818 1688; x_wconf 89' lang='lat' dir='ltr'>et</span> <span class='ocrx_word' id='word_1_82' title='bbox 841 1618 1082 1688; x_wconf 89' lang='lat' dir='ltr'>melius</span> <span class='ocrx_word' id='word_1_83' title='bbox 1121 1623 1370 1690; x_wconf 85' lang='lat' dir='ltr'>caeter-is</span> <span class='ocrx_word' id='word_1_84' title='bbox 1395 1625 1759 1716; x_wconf 86' lang='lat' dir='ltr'>perspicere</span> <span class='ocrx_word' id='word_1_85' title='bbox 1805 1632 2038 1720; x_wconf 89' lang='lat' dir='ltr'>poterit</span> <span class='ocrx_word' id='word_1_86' title='bbox 2082 1633 2466 1726; x_wconf 80' lang='lat' dir='ltr'>Episcopus,</span> 
     </span>
     <span class='ocr_line' id='line_1_13' title="bbox 163 1731 2475 1836; baseline 0.008 -36"><span class='ocrx_word' id='word_1_87' title='bbox 163 1753 266 1800; x_wconf 87' lang='lat' dir='ltr'>-an</span> <span class='ocrx_word' id='word_1_88' title='bbox 297 1733 526 1802; x_wconf 87' lang='lat' dir='ltr'>clerico</span> <span class='ocrx_word' id='word_1_89' title='bbox 566 1754 712 1815; x_wconf 82' lang='lat' dir='ltr'>sue,</span> <span class='ocrx_word' id='word_1_90' title='bbox 741 1739 807 1801; x_wconf 91' lang='lat' dir='ltr'>et</span> <span class='ocrx_word' id='word_1_91' title='bbox 838 1733 1130 1822; x_wconf 86' lang='lat' dir='ltr'>generali</span> <span class='ocrx_word' id='word_1_92' title='bbox 1184 1731 1492 1806; x_wconf 82' lang='lat' dir='ltr'>Ecclesiae</span> <span class='ocrx_word' id='word_1_93' title='bbox 1544 1737 1715 1810; x_wconf 85' lang='lat' dir='ltr'>bono</span> <span class='ocrx_word' id='word_1_94' title='bbox 1765 1741 1941 1810; x_wconf 81' lang='lat' dir='ltr'>utile</span> <span class='ocrx_word' id='word_1_95' title='bbox 1980 1746 2089 1832; x_wconf 89' lang='lat' dir='ltr'>sit,</span> <span class='ocrx_word' id='word_1_96' title='bbox 2134 1746 2353 1836; x_wconf 88' lang='lat' dir='ltr'>ipsum</span> <span class='ocrx_word' id='word_1_97' title='bbox 2390 1749 2475 1818; x_wconf 87' lang='lat' dir='ltr'>ad</span> 
     </span>
     <span class='ocr_line' id='line_1_14' title="bbox 169 1847 2467 1942; baseline 0.007 -28"><span class='ocrx_word' id='word_1_98' title='bbox 169 1847 576 1935; x_wconf 83' lang='lat' dir='ltr'>religionem</span> <span class='ocrx_word' id='word_1_99' title='bbox 617 1847 934 1934; x_wconf 80' lang='lat' dir='ltr'>migrare5</span> <span class='ocrx_word' id='word_1_100' title='bbox 988 1869 1145 1939; x_wconf 89' lang='lat' dir='ltr'>ergo</span> <span class='ocrx_word' id='word_1_101' title='bbox 1195 1850 1406 1939; x_wconf 85' lang='lat' dir='ltr'>magis</span> <span class='ocrx_word' id='word_1_102' title='bbox 1447 1852 1771 1942; x_wconf 84' lang='lat' dir='ltr'>expediret</span> <span class='ocrx_word' id='word_1_103' title='bbox 1820 1861 1893 1923; x_wconf 90' lang='lat' dir='ltr'>ut</span> <span class='ocrx_word' id='word_1_104' title='bbox 1940 1855 2329 1928; x_wconf 88' lang='lat' dir='ltr'>clericorum</span> <span class='ocrx_word' id='word_1_105' title='bbox 2398 1862 2467 1932; x_wconf 89' lang='lat' dir='ltr'>in</span> 
     </span>
     <span class='ocr_line' id='line_1_15' title="bbox 161 1959 2472 2062; baseline 0.006 -31"><span class='ocrx_word' id='word_1_106' title='bbox 161 1959 574 2050; x_wconf 80' lang='lat' dir='ltr'>‚religionem</span> <span class='ocrx_word' id='word_1_107' title='bbox 623 1962 950 2049; x_wconf 84' lang='lat' dir='ltr'>ingressus</span> <span class='ocrx_word' id='word_1_108' title='bbox 995 1985 1031 2032; x_wconf 84' lang='lat' dir='ltr'>a</span> <span class='ocrx_word' id='word_1_109' title='bbox 1072 1965 1322 2056; x_wconf 87' lang='lat' dir='ltr'>proprii</span> <span class='ocrx_word' id='word_1_110' title='bbox 1376 1965 1679 2059; x_wconf 87' lang='lat' dir='ltr'>Episcopi</span> <span class='ocrx_word' id='word_1_111' title='bbox 1723 1968 1975 2058; x_wconf 87' lang='lat' dir='ltr'>judicio</span> <span class='ocrx_word' id='word_1_112' title='bbox 2020 1972 2347 2062; x_wconf 83' lang='lat' dir='ltr'>penderet.</span> <span class='ocrx_word' id='word_1_113' title='bbox 2379 2013 2472 2030; x_wconf 93' lang='lat'><em>-</em></span> 
     </span>
     <span class='ocr_line' id='line_1_16' title="bbox 177 2077 2470 2170; baseline 0.005 -24"><span class='ocrx_word' id='word_1_114' title='bbox 177 2077 613 2168; x_wconf 79' lang='lat' dir='ltr'>Respondeo:</span> <span class='ocrx_word' id='word_1_115' title='bbox 671 2079 1056 2168; x_wconf 81' lang='lat' dir='ltr'>regulariter</span> <span class='ocrx_word' id='word_1_116' title='bbox 1092 2081 1453 2170; x_wconf 89' lang='lat' dir='ltr'>loquendo,</span> <span class='ocrx_word' id='word_1_117' title='bbox 1509 2081 1787 2154; x_wconf 89' lang='lat' dir='ltr'>clericus</span> <span class='ocrx_word' id='word_1_118' title='bbox 1840 2105 2077 2154; x_wconf 85' lang='lat' dir='ltr'>arcana</span> <span class='ocrx_word' id='word_1_119' title='bbox 2132 2088 2470 2158; x_wconf 85' lang='lat' dir='ltr'>conscien-</span> 
     </span>
     <span class='ocr_line' id='line_1_17' title="bbox 177 2193 2466 2292; baseline 0.006 -32"><span class='ocrx_word' id='word_1_120' title='bbox 177 2197 292 2262; x_wconf 82' lang='lat' dir='ltr'>tiae</span> <span class='ocrx_word' id='word_1_121' title='bbox 332 2215 466 2264; x_wconf 78' lang='lat' dir='ltr'>suae</span> <span class='ocrx_word' id='word_1_122' title='bbox 509 2193 786 2285; x_wconf 84' lang='lat' dir='ltr'>proprio</span> <span class='ocrx_word' id='word_1_123' title='bbox 823 2193 1140 2288; x_wconf 84' lang='lat' dir='ltr'>Episcopo</span> <span class='ocrx_word' id='word_1_124' title='bbox 1183 2218 1319 2266; x_wconf 88' lang='lat' dir='ltr'>non</span> <span class='ocrx_word' id='word_1_125' title='bbox 1368 2197 1631 2288; x_wconf 84' lang='lat' dir='ltr'>detegit,</span> <span class='ocrx_word' id='word_1_126' title='bbox 1668 2220 1787 2268; x_wconf 90' lang='lat' dir='ltr'>nec</span> <span class='ocrx_word' id='word_1_127' title='bbox 1848 2200 2141 2292; x_wconf 86' lang='lat' dir='ltr'>detegere</span> <span class='ocrx_word' id='word_1_128' title='bbox 2181 2209 2466 2292; x_wconf 81' lang='lat' dir='ltr'>tenetur3</span> 
     </span>
     <span class='ocr_line' id='line_1_18' title="bbox 173 2313 2467 2411; baseline 0.006 -33"><span class='ocrx_word' id='word_1_129' title='bbox 173 2331 214 2378; x_wconf 88' lang='lat' dir='ltr'>a</span> <span class='ocrx_word' id='word_1_130' title='bbox 239 2329 524 2400; x_wconf 85' lang='lat' dir='ltr'>quorum</span> <span class='ocrx_word' id='word_1_131' title='bbox 549 2315 766 2382; x_wconf 83' lang='lat' dir='ltr'>tamen</span> <span class='ocrx_word' id='word_1_132' title='bbox 797 2313 1061 2384; x_wconf 88' lang='lat' dir='ltr'>notione</span> <span class='ocrx_word' id='word_1_133' title='bbox 1095 2320 1344 2384; x_wconf 84' lang='lat' dir='ltr'>rectum</span> <span class='ocrx_word' id='word_1_134' title='bbox 1378 2313 1502 2383; x_wconf 84' lang='lat' dir='ltr'>hac</span> <span class='ocrx_word' id='word_1_135' title='bbox 1531 2315 1609 2384; x_wconf 93' lang='lat' dir='ltr'>de</span> <span class='ocrx_word' id='word_1_136' title='bbox 1653 2336 1723 2384; x_wconf 90' lang='lat' dir='ltr'>re</span> <span class='ocrx_word' id='word_1_137' title='bbox 1741 2315 2068 2405; x_wconf 87' lang='lat' dir='ltr'>judicium</span> <span class='ocrx_word' id='word_1_138' title='bbox 2101 2319 2467 2411; x_wconf 72' lang='lat' dir='ltr'>plurimum</span> 
     </span>
     <span class='ocr_line' id='line_1_19' title="bbox 177 2423 2473 2526; baseline 0.006 -34"><span class='ocrx_word' id='word_1_139' title='bbox 177 2423 520 2516; x_wconf 84' lang='lat' dir='ltr'>dependet.</span> <span class='ocrx_word' id='word_1_140' title='bbox 554 2425 864 2499; x_wconf 64' lang='lat' dir='ltr'>Praeterea</span> <span class='ocrx_word' id='word_1_141' title='bbox 887 2427 1096 2497; x_wconf 85' lang='lat' dir='ltr'>multo</span> <span class='ocrx_word' id='word_1_142' title='bbox 1149 2428 1383 2498; x_wconf 90' lang='lat' dir='ltr'>melius</span> <span class='ocrx_word' id='word_1_143' title='bbox 1412 2431 1495 2498; x_wconf 91' lang='lat' dir='ltr'>de</span> <span class='ocrx_word' id='word_1_144' title='bbox 1521 2429 1861 2502; x_wconf 81' lang='lat' dir='ltr'>vocatione</span> <span class='ocrx_word' id='word_1_145' title='bbox 1901 2431 2196 2520; x_wconf 86' lang='lat' dir='ltr'>judicare</span> <span class='ocrx_word' id='word_1_146' title='bbox 2240 2439 2473 2526; x_wconf 88' lang='lat' dir='ltr'>poterit</span> 
     </span>
     <span class='ocr_line' id='line_1_20' title="bbox 179 2539 2470 2640; baseline 0.003 -30"><span class='ocrx_word' id='word_1_147' title='bbox 179 2539 486 2632; x_wconf 78' lang='lat' dir='ltr'>proelatus</span> <span class='ocrx_word' id='word_1_148' title='bbox 522 2541 870 2631; x_wconf 84' lang='lat' dir='ltr'>regularis3</span> <span class='ocrx_word' id='word_1_149' title='bbox 927 2549 1071 2612; x_wconf 87' lang='lat' dir='ltr'>tum</span> <span class='ocrx_word' id='word_1_150' title='bbox 1123 2543 1479 2635; x_wconf 84' lang='lat' dir='ltr'>obintegri</span> <span class='ocrx_word' id='word_1_151' title='bbox 1530 2545 1689 2613; x_wconf 83' lang='lat' dir='ltr'>anni</span> <span class='ocrx_word' id='word_1_152' title='bbox 1744 2546 2291 2636; x_wconf 82' lang='lat' dir='ltr'>experimentum,</span> <span class='ocrx_word' id='word_1_153' title='bbox 2340 2569 2470 2640; x_wconf 90' lang='lat' dir='ltr'>quo</span> 
     </span>
     <span class='ocr_line' id='line_1_21' title="bbox 177 2657 2466 2754; baseline 0.003 -28"><span class='ocrx_word' id='word_1_154' title='bbox 177 2657 410 2727; x_wconf 81' lang='lat' dir='ltr'>novitii</span> <span class='ocrx_word' id='word_1_155' title='bbox 437 2660 836 2728; x_wconf 78' lang='lat' dir='ltr'>vocationem</span> <span class='ocrx_word' id='word_1_156' title='bbox 869 2660 1226 2752; x_wconf 86' lang='lat' dir='ltr'>experitur,</span> <span class='ocrx_word' id='word_1_157' title='bbox 1257 2665 1406 2728; x_wconf 84' lang='lat' dir='ltr'>tum</span> <span class='ocrx_word' id='word_1_158' title='bbox 1427 2659 1587 2748; x_wconf 85' lang='lat' dir='ltr'>quia</span> <span class='ocrx_word' id='word_1_159' title='bbox 1614 2659 1695 2727; x_wconf 91' lang='lat' dir='ltr'>de</span> <span class='ocrx_word' id='word_1_160' title='bbox 1738 2660 2083 2731; x_wconf 78' lang='lat' dir='ltr'>idoneitate</span> <span class='ocrx_word' id='word_1_161' title='bbox 2101 2663 2184 2732; x_wconf 88' lang='lat' dir='ltr'>ad</span> <span class='ocrx_word' id='word_1_162' title='bbox 2204 2665 2466 2754; x_wconf 88' lang='lat' dir='ltr'>religio-</span> 
     </span>
     <span class='ocr_line' id='line_1_22' title="bbox 177 2771 2473 2865; baseline 0.001 -22"><span class='ocrx_word' id='word_1_163' title='bbox 177 2795 328 2844; x_wconf 87' lang='lat' dir='ltr'>sam</span> <span class='ocrx_word' id='word_1_164' title='bbox 391 2773 687 2842; x_wconf 83' lang='lat' dir='ltr'>militiam</span> <span class='ocrx_word' id='word_1_165' title='bbox 761 2773 1060 2865; x_wconf 76' lang='lat' dir='ltr'>aptiores,</span> <span class='ocrx_word' id='word_1_166' title='bbox 1143 2771 1533 2862; x_wconf 83' lang='lat' dir='ltr'>regulariter</span> <span class='ocrx_word' id='word_1_167' title='bbox 1598 2771 1947 2860; x_wconf 87' lang='lat' dir='ltr'>loquendo,</span> <span class='ocrx_word' id='word_1_168' title='bbox 1996 2774 2253 2863; x_wconf 80' lang='lat' dir='ltr'>Judices</span> <span class='ocrx_word' id='word_1_169' title='bbox 2316 2785 2473 2846; x_wconf 85' lang='lat' dir='ltr'>sunt</span> 
     </span>
     <span class='ocr_line' id='line_1_23' title="bbox 175 2885 2465 2980; baseline 0 -24"><span class='ocrx_word' id='word_1_170' title='bbox 175 2886 582 2980; x_wconf 86' lang='lat' dir='ltr'>religionum</span> <span class='ocrx_word' id='word_1_171' title='bbox 627 2888 899 2980; x_wconf 75' lang='lat' dir='ltr'>praelati,</span> <span class='ocrx_word' id='word_1_172' title='bbox 955 2909 1152 2978; x_wconf 85' lang='lat' dir='ltr'>quam</span> <span class='ocrx_word' id='word_1_173' title='bbox 1191 2887 1553 2970; x_wconf 68' lang='lat' dir='ltr'>saeculares,</span> <span class='ocrx_word' id='word_1_174' title='bbox 1592 2885 1675 2954; x_wconf 90' lang='lat' dir='ltr'>de</span> <span class='ocrx_word' id='word_1_175' title='bbox 1700 2905 1985 2976; x_wconf 89' lang='lat' dir='ltr'>quorum</span> <span class='ocrx_word' id='word_1_176' title='bbox 2016 2908 2295 2956; x_wconf 88' lang='lat' dir='ltr'>numero</span> <span class='ocrx_word' id='word_1_177' title='bbox 2320 2890 2465 2976; x_wconf 88' lang='lat' dir='ltr'>ple-</span> 
     </span>
     <span class='ocr_line' id='line_1_24' title="bbox 178 2999 2462 3096; baseline 0 -23"><span class='ocrx_word' id='word_1_178' title='bbox 178 3025 472 3094; x_wconf 84' lang='lat' dir='ltr'>rumque</span> <span class='ocrx_word' id='word_1_179' title='bbox 523 3008 618 3073; x_wconf 87' lang='lat' dir='ltr'>est</span> <span class='ocrx_word' id='word_1_180' title='bbox 683 3001 1064 3096; x_wconf 78' lang='lat' dir='ltr'>Episcopus,</span> <span class='ocrx_word' id='word_1_181' title='bbox 1151 3001 1429 3094; x_wconf 86' lang='lat' dir='ltr'>Insuper</span> <span class='ocrx_word' id='word_1_182' title='bbox 1472 3000 1743 3072; x_wconf 87' lang='lat' dir='ltr'>clericos</span> <span class='ocrx_word' id='word_1_183' title='bbox 1796 2999 2047 3092; x_wconf 83' lang='lat' dir='ltr'>pietatis</span> <span class='ocrx_word' id='word_1_184' title='bbox 2073 3007 2164 3072; x_wconf 91' lang='lat' dir='ltr'>.et</span> <span class='ocrx_word' id='word_1_185' title='bbox 2212 3004 2462 3093; x_wconf 85' lang='lat' dir='ltr'>ingenii</span> 
     </span>
     <span class='ocr_line' id='line_1_25' title="bbox 177 3117 2471 3218; baseline 0.002 -32"><span class='ocrx_word' id='word_1_186' title='bbox 177 3118 446 3190; x_wconf 80' lang='lat' dir='ltr'>dotibus</span> <span class='ocrx_word' id='word_1_187' title='bbox 472 3118 924 3218; x_wconf 19' lang='lat' dir='ltr'>§praecellentes</span> <span class='ocrx_word' id='word_1_188' title='bbox 981 3119 1138 3188; x_wconf 88' lang='lat' dir='ltr'>solet</span> <span class='ocrx_word' id='word_1_189' title='bbox 1193 3117 1556 3210; x_wconf 85' lang='lat' dir='ltr'>Episcopus</span> <span class='ocrx_word' id='word_1_190' title='bbox 1613 3117 1941 3208; x_wconf 69' lang='lat' dir='ltr'>praecipua</span> <span class='ocrx_word' id='word_1_191' title='bbox 1984 3117 2269 3208; x_wconf 84' lang='lat' dir='ltr'>quadam</span> <span class='ocrx_word' id='word_1_192' title='bbox 2312 3118 2471 3192; x_wconf 90' lang='lat' dir='ltr'>dile-</span> 
     </span>
     <span class='ocr_line' id='line_1_26' title="bbox 177 3232 2463 3326; baseline -0 -21"><span class='ocrx_word' id='word_1_193' title='bbox 177 3237 402 3306; x_wconf 83' lang='lat' dir='ltr'>ctione</span> <span class='ocrx_word' id='word_1_194' title='bbox 433 3255 510 3303; x_wconf 88' lang='lat' dir='ltr'>ac</span> <span class='ocrx_word' id='word_1_195' title='bbox 559 3233 1029 3318; x_wconf 77' lang='lat' dir='ltr'>benevolentia,</span> <span class='ocrx_word' id='word_1_196' title='bbox 1060 3239 1124 3303; x_wconf 87' lang='lat' dir='ltr'>et</span> <span class='ocrx_word' id='word_1_197' title='bbox 1177 3238 1348 3302; x_wconf 89' lang='lat' dir='ltr'>recte</span> <span class='ocrx_word' id='word_1_198' title='bbox 1395 3233 1691 3324; x_wconf 85' lang='lat' dir='ltr'>quidem,</span> <span class='ocrx_word' id='word_1_199' title='bbox 1722 3234 2061 3326; x_wconf 82' lang='lat' dir='ltr'>prosequi3</span> <span class='ocrx_word' id='word_1_200' title='bbox 2108 3232 2265 3316; x_wconf 78' lang='lat' dir='ltr'>hinc</span> <span class='ocrx_word' id='word_1_201' title='bbox 2291 3255 2463 3326; x_wconf 81' lang='lat' dir='ltr'>aegre</span> 
     </span>
     <span class='ocr_line' id='line_1_27' title="bbox 175 3346 2458 3441; baseline 0 -20"><span class='ocrx_word' id='word_1_202' title='bbox 175 3373 292 3421; x_wconf 86' lang='lat' dir='ltr'>eos</span> <span class='ocrx_word' id='word_1_203' title='bbox 311 3351 702 3419; x_wconf 83' lang='lat' dir='ltr'>dimissurus</span> <span class='ocrx_word' id='word_1_204' title='bbox 723 3348 954 3418; x_wconf 85' lang='lat' dir='ltr'>merito</span> <span class='ocrx_word' id='word_1_205' title='bbox 982 3350 1423 3441; x_wconf 79' lang='lat' dir='ltr'>praesumitur.</span> <span class='ocrx_word' id='word_1_206' title='bbox 1470 3348 1740 3418; x_wconf 85' lang='lat' dir='ltr'>Accedit</span> <span class='ocrx_word' id='word_1_207' title='bbox 1761 3346 1961 3437; x_wconf 89' lang='lat' dir='ltr'>quod,</span> <span class='ocrx_word' id='word_1_208' title='bbox 2014 3370 2131 3438; x_wconf 88' lang='lat' dir='ltr'>pro</span> <span class='ocrx_word' id='word_1_209' title='bbox 2168 3349 2458 3420; x_wconf 89' lang='lat' dir='ltr'>humana</span> 
     </span>
     <span class='ocr_line' id='line_1_28' title="bbox 177 3461 2465 3556; baseline 0.001 -24"><span class='ocrx_word' id='word_1_210' title='bbox 177 3462 714 3548; x_wconf 82' lang='lat' dir='ltr'>illainfirmitate,</span> <span class='ocrx_word' id='word_1_211' title='bbox 738 3483 870 3556; x_wconf 81' lang='lat' dir='ltr'>qua</span> <span class='ocrx_word' id='word_1_212' title='bbox 917 3483 1036 3532; x_wconf 89' lang='lat' dir='ltr'>nec</span> <span class='ocrx_word' id='word_1_213' title='bbox 1071 3461 1377 3554; x_wconf 87' lang='lat' dir='ltr'>Episcopi</span> <span class='ocrx_word' id='word_1_214' title='bbox 1422 3463 1703 3556; x_wconf 83' lang='lat' dir='ltr'>exempti</span> <span class='ocrx_word' id='word_1_215' title='bbox 1744 3467 1923 3546; x_wconf 89' lang='lat' dir='ltr'>sunt,</span> <span class='ocrx_word' id='word_1_216' title='bbox 1955 3461 2133 3531; x_wconf 87' lang='lat' dir='ltr'>haud</span> <span class='ocrx_word' id='word_1_217' title='bbox 2178 3488 2323 3534; x_wconf 85' lang='lat' dir='ltr'>raro</span> <span class='ocrx_word' id='word_1_218' title='bbox 2354 3489 2465 3535; x_wconf 89' lang='lat' dir='ltr'>su-</span> 
     </span>
     <span class='ocr_line' id='line_1_29' title="bbox 175 3573 2457 3674; baseline 0.003 -29"><span class='ocrx_word' id='word_1_219' title='bbox 175 3577 567 3670; x_wconf 84' lang='lat' dir='ltr'>perveniant</span> <span class='ocrx_word' id='word_1_220' title='bbox 612 3576 936 3674; x_wconf 83' lang='lat' dir='ltr'>regulares</span> <span class='ocrx_word' id='word_1_221' title='bbox 957 3576 1126 3646; x_wconf 88' lang='lat' dir='ltr'>inter</span> <span class='ocrx_word' id='word_1_222' title='bbox 1157 3582 1221 3646; x_wconf 92' lang='lat' dir='ltr'>et</span> <span class='ocrx_word' id='word_1_223' title='bbox 1261 3577 1619 3646; x_wconf 86' lang='lat' dir='ltr'>dioeceseon</span> <span class='ocrx_word' id='word_1_224' title='bbox 1665 3573 1962 3646; x_wconf 81' lang='lat' dir='ltr'>Praelatos</span> <span class='ocrx_word' id='word_1_225' title='bbox 2006 3575 2457 3652; x_wconf 81' lang='lat' dir='ltr'>dissensiones.</span> 
     </span>
     <span class='ocr_line' id='line_1_30' title="bbox 179 3696 2454 3788; baseline -0.002 -19"><span class='ocrx_word' id='word_1_226' title='bbox 179 3697 374 3769; x_wconf 89' lang='lat' dir='ltr'>Unde</span> <span class='ocrx_word' id='word_1_227' title='bbox 401 3709 466 3768; x_wconf 89' lang='lat' dir='ltr'>et</span> <span class='ocrx_word' id='word_1_228' title='bbox 490 3696 712 3766; x_wconf 79' lang='lat' dir='ltr'>Romoe</span> <span class='ocrx_word' id='word_1_229' title='bbox 761 3718 1148 3788; x_wconf 82' lang='lat' dir='ltr'>permanens</span> <span class='ocrx_word' id='word_1_230' title='bbox 1175 3697 1461 3766; x_wconf 82' lang='lat' dir='ltr'>tribunal</span> <span class='ocrx_word' id='word_1_231' title='bbox 1488 3697 2023 3767; x_wconf 87' lang='lat' dir='ltr'>constituendum</span> <span class='ocrx_word' id='word_1_232' title='bbox 2068 3697 2283 3767; x_wconf 78' lang='lat' dir='ltr'>visum</span> <span class='ocrx_word' id='word_1_233' title='bbox 2334 3706 2454 3784; x_wconf 89' lang='lat' dir='ltr'>est,</span> 
     </span>
     <span class='ocr_line' id='line_1_31' title="bbox 174 3811 2465 3905; baseline -0.001 -19"><span class='ocrx_word' id='word_1_234' title='bbox 174 3814 384 3886; x_wconf 76' lang='lat' dir='ltr'>Sacra</span> <span class='ocrx_word' id='word_1_235' title='bbox 425 3833 662 3905; x_wconf 85' lang='lat' dir='ltr'>nempe</span> <span class='ocrx_word' id='word_1_236' title='bbox 699 3811 1124 3904; x_wconf 84' lang='lat' dir='ltr'>Congregatio</span> <span class='ocrx_word' id='word_1_237' title='bbox 1159 3811 1633 3903; x_wconf 88' lang='lat' dir='ltr'>Episcoporum</span> <span class='ocrx_word' id='word_1_238' title='bbox 1660 3817 1725 3881; x_wconf 91' lang='lat' dir='ltr'>et</span> <span class='ocrx_word' id='word_1_239' title='bbox 1776 3811 2209 3902; x_wconf 75' lang='lat' dir='ltr'>regularium,</span> <span class='ocrx_word' id='word_1_240' title='bbox 2238 3834 2281 3881; x_wconf 87' lang='lat' dir='ltr'>a</span> <span class='ocrx_word' id='word_1_241' title='bbox 2331 3834 2465 3904; x_wconf 85' lang='lat' dir='ltr'>quo</span> 
     </span>
     <span class='ocr_line' id='line_1_32' title="bbox 173 3910 2471 4023; baseline -0.001 -25"><span class='ocrx_word' id='word_1_242' title='bbox 173 3927 510 4023; x_wconf 84' lang='lat' dir='ltr'>ejusmodi</span> <span class='ocrx_word' id='word_1_243' title='bbox 556 3910 1006 3997; x_wconf 80' lang='lat' dir='ltr'>controversiae</span> <span class='ocrx_word' id='word_1_244' title='bbox 1049 3927 1536 3996; x_wconf 86' lang='lat' dir='ltr'>dirimerentur.</span> <span class='ocrx_word' id='word_1_245' title='bbox 1575 3924 1747 4008; x_wconf 87' lang='lat' dir='ltr'>Quid</span> <span class='ocrx_word' id='word_1_246' title='bbox 1776 3933 1997 3995; x_wconf 87' lang='lat' dir='ltr'>autem</span> <span class='ocrx_word' id='word_1_247' title='bbox 2039 3926 2248 4016; x_wconf 86' lang='lat' dir='ltr'>magis</span> <span class='ocrx_word' id='word_1_248' title='bbox 2282 3948 2471 4017; x_wconf 88' lang='lat' dir='ltr'>expe-</span> 
     </span>
     <span class='ocr_line' id='line_1_33' title="bbox 173 4041 2465 4132; baseline -0.002 -16"><span class='ocrx_word' id='word_1_249' title='bbox 173 4047 320 4116; x_wconf 83' lang='lat' dir='ltr'>diat</span> <span class='ocrx_word' id='word_1_250' title='bbox 373 4045 444 4114; x_wconf 91' lang='lat' dir='ltr'>in</span> <span class='ocrx_word' id='word_1_251' title='bbox 495 4044 764 4114; x_wconf 87' lang='lat' dir='ltr'>materia</span> <span class='ocrx_word' id='word_1_252' title='bbox 811 4043 892 4110; x_wconf 92' lang='lat' dir='ltr'>de</span> <span class='ocrx_word' id='word_1_253' title='bbox 919 4063 1050 4132; x_wconf 84' lang='lat' dir='ltr'>qua</span> <span class='ocrx_word' id='word_1_254' title='bbox 1079 4044 1364 4132; x_wconf 85' lang='lat' dir='ltr'>agimus,</span> <span class='ocrx_word' id='word_1_255' title='bbox 1393 4041 1841 4132; x_wconf 77' lang='lat' dir='ltr'>-judicandum</span> <span class='ocrx_word' id='word_1_256' title='bbox 1870 4062 2009 4110; x_wconf 86' lang='lat' dir='ltr'>non</span> <span class='ocrx_word' id='word_1_257' title='bbox 2050 4051 2145 4111; x_wconf 85' lang='lat' dir='ltr'>est</span> <span class='ocrx_word' id='word_1_258' title='bbox 2168 4063 2245 4111; x_wconf 86' lang='lat' dir='ltr'>ex</span> <span class='ocrx_word' id='word_1_259' title='bbox 2272 4041 2465 4114; x_wconf 79' lang='lat' dir='ltr'>ideali</span> 
     </span>
     <span class='ocr_line' id='line_1_34' title="bbox 179 4155 2465 4253; baseline -0.001 -21"><span class='ocrx_word' id='word_1_260' title='bbox 179 4161 470 4253; x_wconf 81' lang='lat' dir='ltr'>quadam</span> <span class='ocrx_word' id='word_1_261' title='bbox 523 4159 943 4252; x_wconf 78' lang='lat' dir='ltr'>perfectione,</span> <span class='ocrx_word' id='word_1_262' title='bbox 985 4157 1092 4226; x_wconf 89' lang='lat' dir='ltr'>sed</span> <span class='ocrx_word' id='word_1_263' title='bbox 1131 4179 1210 4228; x_wconf 87' lang='lat' dir='ltr'>ex</span> <span class='ocrx_word' id='word_1_264' title='bbox 1251 4155 1687 4226; x_wconf 86' lang='lat' dir='ltr'>communiter</span> <span class='ocrx_word' id='word_1_265' title='bbox 1714 4155 2259 4245; x_wconf 84' lang='lat' dir='ltr'>contingentibus.</span> <span class='ocrx_word' id='word_1_266' title='bbox 2296 4157 2465 4230; x_wconf 87' lang='lat' dir='ltr'>Cum</span> 
     </span>
     <span class='ocr_line' id='line_1_35' title="bbox 177 4267 2467 4367; baseline -0.001 -22"><span class='ocrx_word' id='word_1_267' title='bbox 177 4296 364 4367; x_wconf 86' lang='lat' dir='ltr'>erge,</span> <span class='ocrx_word' id='word_1_268' title='bbox 401 4272 794 4364; x_wconf 84' lang='lat' dir='ltr'>experientia</span> <span class='ocrx_word' id='word_1_269' title='bbox 819 4275 1003 4357; x_wconf 84' lang='lat' dir='ltr'>teste,</span> <span class='ocrx_word' id='word_1_270' title='bbox 1032 4268 1334 4362; x_wconf 87' lang='lat' dir='ltr'>Episcopi</span> <span class='ocrx_word' id='word_1_271' title='bbox 1388 4268 1567 4338; x_wconf 89' lang='lat' dir='ltr'>haud</span> <span class='ocrx_word' id='word_1_272' title='bbox 1622 4267 1771 4336; x_wconf 87' lang='lat' dir='ltr'>satis</span> <span class='ocrx_word' id='word_1_273' title='bbox 1817 4289 2006 4359; x_wconf 78' lang='lat' dir='ltr'>aequo</span> <span class='ocrx_word' id='word_1_274' title='bbox 2053 4290 2129 4339; x_wconf 89' lang='lat' dir='ltr'>ac</span> <span class='ocrx_word' id='word_1_275' title='bbox 2155 4271 2467 4342; x_wconf 87' lang='lat' dir='ltr'>benevolo</span> 
     </span>
    </p>
   </div>
   <div class='ocr_carea' id='block_1_3' title="bbox 179 4382 2469 4558">
    <p class='ocr_par' dir='ltr' id='par_1_5' title="bbox 179 4382 2469 4558">
     <span class='ocr_line' id='line_1_36' title="bbox 179 4382 2469 4478; baseline -0.002 -17"><span class='ocrx_word' id='word_1_276' title='bbox 179 4393 404 4461; x_wconf 87' lang='lat' dir='ltr'>animo</span> <span class='ocrx_word' id='word_1_277' title='bbox 453 4388 778 4478; x_wconf 86' lang='lat' dir='ltr'>regulares</span> <span class='ocrx_word' id='word_1_278' title='bbox 846 4386 1141 4454; x_wconf 85' lang='lat' dir='ltr'>virorum</span> <span class='ocrx_word' id='word_1_279' title='bbox 1206 4385 1480 4454; x_wconf 77' lang='lat' dir='ltr'>familias</span> <span class='ocrx_word' id='word_1_280' title='bbox 1528 4382 1920 4476; x_wconf 86' lang='lat' dir='ltr'>quandoque</span> <span class='ocrx_word' id='word_1_281' title='bbox 1971 4397 2469 4478; x_wconf 83' lang='lat' dir='ltr'>prosequantur,</span> 
     </span>
     <span class='ocr_line' id='line_1_37' title="bbox 471 4510 2235 4558; baseline 0.001 -2"><span class='ocrx_word' id='word_1_282' title='bbox 471 4513 524 4558; x_wconf 82' lang='grc' dir='ltr'>ι.</span> <span class='ocrx_word' id='word_1_283' title='bbox 2167 4510 2235 4557; x_wconf 66' lang='lat' dir='ltr'>aa</span> 
     </span>
    </p>
   </div>
  </div>
 </body>
</html>
