2834 4959
1168 393 1499 441 ...11—

219 531 452 610 usdem
503 533 784 611 litteris
817 535 1256 636 scripseras,
1311 535 1671 636 loquutus
1712 563 1886 616 sum
1930 568 1951 616 .·
2000 545 2188 619 novi
2212 547 2469 621 statim

209 665 440 744 eodem
500 667 590 742 in
635 675 710 742 te
749 663 1441 745 benevolentis-simo
1486 672 1753 748 animo
1800 696 1957 750 esse
2008 673 2469 780 Pontificem

209 805 475 903 ipsum3
529 803 674 878 cui
697 811 1106 904 propterea
1165 803 1439 904 qravia
1493 802 1629 881 illa
1680 806 2039 904 fuerunt,
2094 834 2257 910 qua·
2306 813 2471 888 istic

203 935 288 1014 de
315 947 384 1014 te
437 937 778 1038 gratuito
815 935 1130 1012 omnino
1163 933 1743 1036 effutiebantur.
1778 935 1895 1016 De
1931 938 2205 1042 quibus
2240 945 2475 1021 semel

207 1081 423 1171 atque
447 1071 724 1146 iterum
737 1068 1126 1170 proximis
1147 1066 1268 1144 his
1298 1066 1562 1145 diebus
1608 1069 1883 1148 incidit
1910 1095 2159 1152 sermo
2166 1134 2187 1171 ,
2229 1099 2468 1178 quum

205 1203 600 1281 sanctitati
653 1201 832 1280 Suoe
887 1197 978 1277 de
1015 1200 1290 1277 litteris
1338 1203 1741 1302 referrem,
1798 1229 1995 1308 quas
2026 1205 2133 1286 ad
2178 1232 2297 1286 me
2348 1212 2471 1285 vir

199 1334 866 1413 Eminentisszmus
901 1329 1226 1410 stoma-s
1263 1331 1575 1411 Gousset
1610 1333 2104 1417 Remensium
2149 1341 2469 1420 Archie-

185 1475 556 1576 piscopus,
589 1469 714 1548 die
737 1468 788 1547 6
813 1471 1096 1546 mensis
1133 1467 1449 1546 octobris
1471 1473 1795 1574 scripsit,
1821 1499 2164 1578 quoerens
2200 1491 2273 1556 et
2314 1483 2469 1584 ipse

204 1629 378 1683 num
419 1630 610 1683 vera
649 1603 788 1681 illa
817 1603 1002 1700 sint,
1038 1625 1210 1706 quoe
1253 1603 1416 1680 istic
1455 1599 1549 1680 de
1581 1615 1652 1681 te
1687 1630 1736 1683 a
1768 1610 2173 1688 nonnullis
2206 1617 2475 1716 sparqi

207 1753 408 1843 atque
449 1741 536 1816 in
579 1737 862 1840 vulqus
893 1733 1388 1814 disseminam‘
1432 1736 1755 1815 audivit.
1813 1737 1975 1842 Ipsi
2014 1745 2469 1845 respondere

211 1897 356 1950 non
375 1872 898 1975 proetermitto,
929 1880 1001 1947 et
1023 1869 1226 1970 falsa
1275 1870 1414 1947 illa
1452 1893 1605 1946 esse
1638 1873 2177 1982 incunctanter
2213 1881 2469 1979 siqni-

157 2067 175 2080 ,Α
207 2007 376 2106 fico,-
398 2031 582 2084 nam
630 2004 1050 2082 Sanctitati
1081 2001 1260 2080 Suoe
1287 2001 1382 2080 de
1402 2001 1757 2080 doctrina
1796 2027 1889 2082 ac
1922 2005 2168 2105 filiali
2206 2011 2287 2084 in
2327 2011 2470 2086 Se·-

197 2134 354 2214 dem
373 2137 882 2242 Apostolicam
908 2132 1298 2214 devotione
1317 2147 1455 2215 tua
1485 2147 1593 2214 est
1610 2139 1955 2216 maoeime
1967 2163 2461 2241 persuasum.

192 2268 402 2346 Bono
441 2267 724 2346 idcirco
779 2269 888 2345 sis
943 2269 1237 2365 animo,
1298 2266 1827 2349 Illustrissime
1885 2295 1974 2349 ac
2036 2272 2471 2356 Reverende

199 2399 538 2499 Domine,
573 2412 798 2504 atque
839 2399 1323 2479 indoctorum
1359 2401 1764 2480 hominum
1802 2407 2169 2503 censuris,
2198 2408 2471 2507 falsis-

197 2559 337 2637 que
384 2535 1004 2612 adversariorum
1063 2537 1366 2610 nuntiis
1407 2536 1653 2638 plane
1690 2535 2143 2637 posthabitis
2166 2599 2185 2634 ,
2234 2565 2471 2644 perqe

200 2653 454 2746 eadem
491 2668 886 2746 alacritate
927 2678 998 2746 et
1037 2668 1302 2746 animo
1342 2666 1619 2744 studiis
1653 2670 2019 2745 canonici
2020 2668 2264 2772 juris,
2301 2698 2473 2775 quoe

197 2797 346 2877 tibi
376 2813 558 2878 sunt
597 2803 682 2878 in
724 2800 1042 2896 deliciis,
1092 2799 1198 2878 ad
1237 2800 1605 2902 majorem
1661 2797 1736 2876 E
1736 2799 2019 2878 cclesiae
2067 2803 2471 2882 utilitatem

197 2933 648 3013 incumbere.
697 2933 1082 3012 Sanctitas
1120 2933 1284 3012 Sua
1321 2957 1625 3012 omnem
1668 2931 1805 3010 tibi
1842 2934 2053 3034 cupit
2090 2945 2160 3010 et
2182 2958 2475 3047 preca-

193 3077 322 3143 tur
366 3093 414 3145 a
449 3065 787 3146 Domino
805 3067 1394 3169 prospemtatmn
1411 3093 1445 3158 ;
1480 3065 1702 3168 cujus
1743 3065 2125 3168 auspicem
2164 3067 2474 3168 Aposto-

205 3198 418 3276 licam
493 3197 1088 3279 benedictionem
1165 3197 1404 3298 effuso
1474 3197 1796 3300 paterni
1875 3195 2126 3274 cordis
2198 3201 2476 3301 affectu

205 3343 548 3412 amanter
581 3335 968 3438 impertita
1003 3342 1134 3410 est.
1171 3373 1277 3390 —
1303 3329 1975 3410 Devinctissimum
2013 3332 2298 3434 officiis
2324 3339 2479 3414 tuis

195 3465 546 3542 anz‘mum
573 3489 833 3542 meum
870 3474 942 3542 et
979 3462 1318 3566 obsequii
1332 3465 1877 3565 plenissimum
1917 3467 2183 3547 iterato
2216 3480 2468 3563 testor,

213 3596 402 3678 Vale.
431 3643 538 3658 -
558 3599 816 3678 Romoe
834 3599 959 3677 die
986 3597 1082 3675 14
1112 3595 1802 3680 novembrzs1855.
1834 3644 1940 3661 —
1966 3601 2473 3680 Humillimus

189 3743 258 3808 et
289 3731 856 3811 addictissimus
879 3755 1170 3826 servus,
1209 3727 1663 3810 Dominicus
1690 3731 2212 3816 Fioramonti.

289 3863 452 3946 Etsi
507 3874 766 3943 autem
809 3871 1019 3944 tanta
1069 3861 1454 3967 ejusmodi
1511 3862 1943 3948 litterarum
1997 3862 2473 3946 benevolen-

185 3997 313 4095 tia,
369 4021 636 4078 revera
669 3996 867 4076 mihi
898 3994 1201 4076 animos
1232 3995 1642 4096 addiderit,
1690 4021 2186 4105 nequaquam
2215 4005 2477 4084 tamen

185 4131 556 4210 absonam
589 4129 876 4238 ingerit
917 4125 1319 4226 fiduciam,
1361 4130 1586 4211 nulla
1624 4132 1824 4212 mihi
1866 4128 2257 4226 excidisse,
2305 4151 2477 4232 quae

185 4264 450 4344 Romae
495 4263 974 4344 moderanda
1023 4269 1098 4341 et
1145 4261 1606 4374 corrigenda
1662 4261 1938 4343 merito
1999 4261 2255 4342 videri
2308 4285 2477 4365 pos-

185 4395 364 4476 sint.
423 4399 524 4478 At
549 4381 1060 4502 quaecnmque
1107 4392 1272 4474 istic
1317 4395 1584 4474 minus
1637 4393 1942 4502 probari
1988 4392 2472 4487 intellexere,
