2834 4959
1106 350 1257 399 mus
1297 350 1538 401 mm.
2343 300 2464 413 483:

178 478 253 535 ut
260 477 501 559 potest
526 464 918 559 reliqiosum
953 466 1313 539 inhabilem
1350 470 1621 543 reddere
1641 472 1736 543 ad
1756 480 2218 570 matrimonia,
2247 484 2346 555 ita
2374 489 2466 557 ad

180 584 359 653 bona
384 582 795 673 temporalia
810 584 1287 677 consequenda.

262 696 567 767 Tandem
591 701 983 770 sententiam
1006 700 1212 787 illam,
1261 722 1299 771 a
1335 702 1668 795 plerisque
1699 709 2066 780 auctoribus
2115 711 2463 804 (debuisset

178 814 406 884 dicere
424 813 505 883 ab
528 813 862 899 omnibus,
896 820 970 885 ut
1000 836 1149 885 mox
1192 817 1632 911 ostendemus)
1678 829 2026 913 receptam,
2057 826 2133 895 de
2171 828 2464 901 nullitate

173 932 600 1005 Justinianeoe
648 934 843 1025 legis,
875 936 1201 1026 praeiatam
1237 937 1684 1030 religiosorum
1727 943 2214 1035 incapacitatem
2241 948 2462 1019 decer·

178 1049 429 1135 nentis,
456 1049 831 1119 nullatenus
854 1055 930 1119 ut
980 1056 1222 1121 certam
1273 1051 1468 1123 habet
1509 1056 1814 1127 dominus
1859 1058 2172 1131 Carriere.
2214 1062 2466 1144 Quibus

178 1172 409 1235 autem
446 1166 777 1234 rationum
822 1168 1171 1236 momentis
1198 1168 1521 1260 impulsus
1549 1172 1744 1241 fuerit
1772 1174 1852 1243 ad
1875 1174 2294 1248 deserendam
2340 1180 2462 1251 hac

183 1284 255 1350 in
303 1302 379 1349 re
434 1300 853 1349 communem
906 1281 1371 1353 catholicorum
1416 1286 1811 1374 doctrinam,
1851 1294 2110 1383 exponit
2159 1299 2227 1363 in
2285 1296 2465 1367 hunc

181 1396 465 1467 modum
496 1418 517 1465 z

280 1514 355 1581 1·—
376 1510 573 1585 Nihil
625 1512 910 1582 eccum-it
950 1513 1043 1581 ‘in
1078 1513 1291 1584 verbis
1326 1520 1397 1586 S.
1465 1518 1790 1609 Greqorii,
1835 1522 2016 1613 quod
2049 1525 2296 1595 innuat
2327 1528 2465 1597 vim

176 1652 307 1723 per
333 1650 401 1697 se
430 1648 565 1697 non
592 1626 899 1697 habuisse
928 1626 1136 1719 leqem
1162 1628 1452 1719 civilem,
1477 1634 1612 1701 nisi
1639 1635 1970 1705 accederet
1996 1638 2310 1709 Ecclesiae
2340 1664 2466 1709 au-

182 1741 469 1816 croi-itas
481 1762 510 1826 ;
561 1752 791 1811 contra
824 1742 1059 1833 potius
1098 1742 1361 1812 videtur
1421 1748 1491 1815 S.
1529 1748 1848 1838 Pontifex
1889 1752 2264 1841 efficaciam
2297 1755 2464 1847 leqis

184 1876 574 1951 aquoscere,
596 1876 795 1945 quam
819 1854 937 1924 illi
964 1857 1281 1947 conferre.

285 1970 361 2039 2·
387 1968 505 2037 Ait
534 1966 777 2055 Collet,
814 1968 930 2039 sed
945 1970 1207 2062 pariter
1230 1971 1377 2041 sine
1399 1971 1548 2042 ulla
1584 1972 2008 2062 discussione,
2065 1990 2130 2045 et
2156 2001 2290 2047 non
2318 2002 2463 2049 om-

184 2080 365 2149 nino
394 2090 641 2171 aperte,
666 2102 799 2149 non
815 2103 1006 2173 posse
1036 2074 1456 2168 Ecclesiam,
1509 2084 1651 2154 sine
1686 2086 2066 2157 interventu
2108 2092 2460 2184 principis,

182 2191 485 2283 aliquem
508 2188 803 2259 dominio
824 2193 1139 2283 spoliare.

278 2312 349 2384 3⁰
373 2312 527 2386 Diei
534 2370 542 2377 ,
548 2325 792 2405 posset,
823 2336 957 2383 non
1004 2314 1149 2384 sine
1174 2314 1321 2385 ulla
1356 2315 1958 2405 verisimilitudine,
2018 2322 2466 2414 capacitatem

186 2428 481 2499 dominii
501 2451 634 2498 esse
658 2428 927 2521 aliquid
944 2450 1121 2499 mere
1142 2430 1336 2500 civile
1383 2452 1504 2500 seu
1554 2433 1939 2525 temporale,
1971 2456 2051 2504 ac
2068 2436 2364 2528 proinde
2385 2436 2466 2506 da

198 2548 345 2617 foro
358 2544 715 2637 pincipis.

276 2660 548 2731 Prorsus
578 2661 818 2729 erravit
840 2658 1147 2729 dominus
1191 2656 1507 2743 Carriere,
1541 2661 1966 2731 existimando
1993 2667 2316 2754 ejusmodi
2359 2690 2468 2737 ra-

190 2774 485 2845 tionibus
510 2776 649 2844 vim
692 2775 983 2865 aliquam
1024 2774 1261 2857 inesse,
1286 2794 1364 2843 ac
1392 2794 1508 2864 per
1534 2793 1638 2843 eas
1683 2773 2046 2847 labefactari
2073 2778 2462 2867 doctrinam,

186 2912 327 2983 qua
362 2898 669 2983 tanquam
724 2897 971 2960 certum
1037 2895 1258 2959 tenent
1292 2890 1730 2959 communiter
1799 2890 2090 2960 doctores
2137 2896 2460 2982 catholici,

192 3006 421 3085 nullas,
432 3016 495 3075 et
522 3006 735 3078 irritas
760 3028 838 3075 cx
855 3005 1081 3097 seipsis
1100 3004 1294 3074 fuisse
1308 3003 1603 3097 praefatas
1621 3003 1658 3074 J
1661 3004 1969 3075 ustiniani
1995 3007 2190 3098 leges.
2223 3004 2293 3076 ld
2311 3032 2470 3101 pau-

188 3121 289 3193 cis
312 3122 750 3193 ostendamus.
2295 3188 2300 3190 ,

283 3238 351 3307 1⁰
380 3235 525 3307 Non
548 3235 875 3305 debuisset
901 3235 1209 3305 dominus
1234 3234 1528 3305 Cari-iere
1571 3235 1905 3326 praefatam
1929 3236 2265 3309 doctorum
2328 3262 2469 3311 sen-

194 3354 463 3425 tentiam
492 3350 823 3443 plerisque
880 3350 1189 3419 duntaxat
1238 3349 1611 3420 auctoribus
1639 3352 1960 3437 tribuere3
1995 3353 2104 3422 sed
2149 3354 2471 3429 debuisset

189 3488 343 3539 eam
368 3488 596 3537 vocare
620 3486 1063 3549 communem,
1084 3465 1220 3534 imo
1246 3470 1311 3533 et
1341 3444 1755 3537 unaniinem.
1811 3464 1988 3547 Quos
2011 3472 2190 3539 enim
2219 3474 2288 3541 in
2317 3496 2472 3543 con-

194 3584 475 3655 trarium
527 3581 845 3652 adducere
904 3579 1163 3673 potuit?
1216 3578 1440 3650 Unum
1491 3581 1926 3669 solummodo,
1977 3584 2189 3653 virum
2250 3588 2470 3678 spuria

189 3698 493 3769 doctrina
518 3697 693 3769 haud
716 3698 1107 3783 immunem,
1136 3694 1383 3767 Collati
1412 3692 1556 3764 Imo
1605 3717 1688 3765 ne
1712 3697 1913 3767 istum
1955 3696 2220 3789 quidem
2264 3720 2282 3766 ε
2315 3720 2468 3770 nam

197 3812 431 3882 fatetur
454 3812 681 3905 ipsum
710 3834 849 3881 non
895 3810 1176 3881 omnino
1212 3821 1442 3902 aperte
1470 3809 1792 3881 locutum.

286 3926 359 3995 2⁶
384 3925 527 3999 Non
553 3927 721 3998 valet
744 3928 907 3998 ratio
954 3924 1231 3995 deducta
1272 3948 1351 3995 ex
1380 3934 1548 3996 textu
1597 3923 1665 3996 S.
1697 3924 1994 4017 Gregorii
2023 3926 2264 4018 Magni.
2315 3928 2470 4001 Pro-

193 4042 409 4113 babile
436 4064 677 4136 nempe
702 4042 847 4112 vult
896 4040 1205 4110 dominus
1256 4041 1552 4112 Carriere
1583 4042 1720 4111 vim
1749 4063 1866 4133 per
1896 4064 1964 4112 se
1995 4044 2294 4115 habuisse
2320 4046 2356 4115 J
2361 4070 2475 4117 us-

192 4159 429 4230 tiniani
454 4160 692 4251 legem,
724 4181 802 4229 ex
828 4156 1087 4247 eoquod
1115 4157 1249 4226 vim
1268 4156 1452 4227 illam
1479 4178 1826 4247 aqnoseere
1848 4156 2156 4227 videatur
2178 4160 2477 4233 laudatus

196 4274 514 4347 Pontifex.
554 4275 704 4358 Sed,
726 4293 971 4366 quaese,
1006 4272 1268 4343 cuinam
1299 4273 1365 4342 id
1425 4270 1712 4359 videtur,
1771 4272 1899 4343 nisi
1953 4274 2070 4343 tibi
2096 4276 2134 4344 ‘2
2175 4278 2479 4349 Adducas

196 4392 299 4461 vel
330 4414 565 4479 unum,
598 4414 673 4461 ex
704 4389 1094 4475 orthodoxiS,
1129 4390 1526 4459 canonistam
1557 4393 1667 4459 aut
1702 4388 2105 4480 theologum,
2133 4394 2237 4463 cui
2267 4394 2332 4463 id
2382 4400 2478 4465 vi-

2347 4544 2360 4587 l
