2834 4959
1041 378 1195 427 PARS
1236 380 1477 432 Tssnm.
2276 380 2402 440 429

126 502 453 594 religiosos
500 500 818 592 professos
862 507 1223 604 exterarum
1275 504 1639 573 nationum.
1687 502 1876 574 Unde
1927 504 1984 575 si
2037 526 2158 597 ego
2210 509 2408 583 alicui

126 617 545 688 Benedictino
588 614 771 702 Italo,
818 616 955 685 sive
992 636 1108 707 per
1151 620 1634 707 testamentum,
1669 620 1800 689 sive
1837 642 1954 713 per
1989 628 2208 692 aetum
2241 625 2410 697 inter

125 736 323 816 vivos,
366 754 600 825 agrum
642 730 996 801 domumre
1034 731 1374 823 donarem,
1421 741 1627 825 posset
1671 734 1960 826 legaliter
2002 738 2059 806 is
2095 738 2408 813 Benedic-

127 850 299 919 tinus
340 848 808 937 possessionem
854 846 1386 937 apprehendere3
1445 854 1637 940 atque
1687 851 1770 918 ad
1825 852 1890 920 id
1939 855 2256 925 auxilium
2306 858 2408 928 lex

124 962 355 1049 Galliae
394 965 753 1053 praestaret3
808 980 1019 1049 neque
1070 960 1171 1029 vel
1220 961 1575 1031 minimum
1615 964 1916 1051 obstaret,
1959 969 2132 1057 quod
2175 971 2410 1043 solem·

124 1099 273 1149 nem
327 1076 789 1170 professionem
844 1075 1182 1145 emisisset.
1242 1073 1419 1167 Ergo
1469 1098 1602 1147 non
1653 1080 1842 1149 datur
1897 1060 2187 1153 medium
2238 1088 2410 1158 inter

125 1194 251 1263 duo
294 1193 435 1262 haec
468 1215 485 1260 ε
532 1190 630 1259 vel
680 1190 906 1279 nequit
943 1196 1217 1280 potestas
1258 1191 1586 1262 saecularis
1632 1192 1862 1264 Galliae
1911 1196 2402 1288 incapacitatem

126 1306 397 1379 dominii
436 1302 756 1396 impedire
798 1304 869 1371 in
914 1303 1239 1392 religiosis
1281 1302 1511 1393 Gallis,
1557 1307 1657 1377 vel
1703 1308 1770 1377 id
1814 1310 1981 1379 valet
2021 1318 2084 1379 et
2123 1314 2204 1382 de
2240 1314 2406 1387 facto

125 1421 315 1492 efficit
348 1419 559 1512 quoad
592 1439 817 1490 omnes
856 1418 1087 1486 mundi
1124 1416 1484 1509 religiosos.
1519 1417 1844 1493 Posterius
1881 1430 2094 1495 autem
2143 1428 2226 1497 ab
2268 1428 2399 1500 Ec-

126 1537 311 1607 clesia
348 1540 559 1629 aperte
604 1535 923 1625 rejicitur,
962 1540 1033 1601 ut
1082 1538 1255 1624 patet
1294 1556 1370 1605 ex
1425 1534 1630 1627 ipsius
1675 1539 1879 1628 praxi.
1932 1539 2204 1613 Prorsus
2243 1566 2398 1637 ergo

128 1649 467 1720 deserenda
502 1653 598 1717 est
636 1647 917 1715 infausta
954 1645 1067 1715 illa
1102 1646 1329 1737 opinio
1366 1648 1448 1716 de
1499 1654 1802 1740 potestate
1849 1654 2163 1747 principis
2203 1680 2408 1731 saecu-

126 1762 265 1833 laris
298 1761 724 1854 impediendi,
764 1761 976 1851 quoad
1010 1760 1277 1831 ditionis
1318 1782 1454 1831 suae
1495 1762 1848 1852 religiosos,
1893 1768 2170 1839 dominii
2211 1772 2404 1843 inca·-

124 1878 495 1967 pacitatem.

211 1990 279 2058 2⁰
318 1990 711 2080 Sequeretur
750 1990 1139 2059 hodiernum
1178 1991 1580 2081 superiorem
1615 1993 1982 2081 generalem
2027 1992 2402 2069 Dominica·

122 2126 359 2175 norum
402 2124 539 2175 non
582 2125 713 2173 esse
754 2106 1141 2195 professum,
1192 2127 1315 2175 nec
1362 2106 1634 2197 proinde
1687 2108 2056 2198 legitimum
2111 2116 2402 2203 superio·

124 2242 249 2291 rem
288 2246 309 2291 ε
356 2220 681 2313 siquidem
720 2242 755 2291 e
790 2220 999 2291 Gallia
1023 2222 1359 2313 [oriundus
1394 2229 1512 2306 est,
1557 2244 1768 2315 neque
1808 2226 2098 2315 agnoscit
2138 2228 2206 2296 in
2259 2232 2400 2324 ipso

124 2336 219 2407 lex
262 2336 471 2407 civilis
520 2334 745 2407 Galliae
796 2336 1071 2405 dominii
1118 2336 1634 2428 incapacitatem.
1689 2338 1866 2409 ldem
1923 2341 2275 2415 dicendum
2317 2347 2398 2417 de

125 2450 425 2522 hodierno
460 2451 783 2542 superiori
826 2452 1117 2541 generali
1154 2451 1592 2541 semitarum
1631 2456 1874 2549 qnippe
1911 2460 2028 2547 qui
2066 2460 2136 2528 in
2171 2458 2397 2552 Belgio

126 2574 333 2647 natus,
370 2566 489 2637 ubi
532 2587 663 2637 non
703 2568 913 2655 magis
948 2588 1146 2657 quam
1192 2567 1261 2636 in
1312 2567 1524 2639 Gallia
1551 2572 1664 2659 jus
1699 2570 2062 2643 caesareum
2109 2578 2237 2646 voti
2291 2600 2395 2649 so-

125 2678 513 2751 lemnitatem
558 2704 636 2751 ac
674 2681 955 2752 dominii
993 2682 1484 2773 incapacitatem
1523 2685 1834 2770 agnoscit.
1882 2684 2161 2758 Proinde
2192 2693 2394 2780 juris-

124 2797 425 2869 dictionis
490 2807 689 2887 actus,
770 2820 929 2890 quos
1008 2804 1283 2888 uterque
1374 2797 1690 2887 generalis
1779 2803 2074 2891 superior
2151 2816 2398 2874 exercet

124 2912 399 2984 valorem
448 2937 583 2985 non
629 2916 966 3002 haberent,
1010 2912 1139 2983 nisi
1192 2912 1277 2983 ob
1322 2912 1590 2981 titulum
1635 2910 2014 2996 coloratum,
2070 2914 2156 2984 ob
2211 2938 2394 2986 com-

120 3030 385 3102 munem
454 3032 699 3102 scilicet
772 3052 1078 3100 errorem.
1138 3027 1213 3101 ln
1274 3050 1405 3121 quo
1477 3049 1692 3099 errore
1769 3030 2095 3123 praecipue
2152 3037 2392 3105 versari

122 3138 427 3211 dicendus
468 3142 635 3211 foret
666 3140 819 3211 Pius
868 3139 1041 3231 Papa
1084 3136 1197 3227 lX,
1244 3141 1361 3228 qui
1398 3141 1512 3209 toti
1553 3139 1770 3208 ordini
1817 3138 2392 3213 Dominicanorum

122 3255 761 3345 pseudo-religiosum
815 3256 1033 3325 virum
1084 3255 1488 3345 praefecisset.
1533 3253 1778 3323 Notum
1825 3256 2002 3323 enim
2051 3262 2146 3326 est
2185 3256 2398 3329 Reve-

122 3370 577 3440 rendissimum
614 3369 863 3440 Patrem
914 3368 1168 3452 Jandel,
1214 3388 1347 3437 non
1394 3390 1436 3438 a
1484 3368 1768 3458 generali
1809 3366 2391 3445 Dominicanorum

123 3485 420 3575 capitulo,
476 3492 551 3554 ut
594 3486 734 3555 fieri
776 3485 960 3565 solet,
1011 3484 1119 3553 sed
1164 3483 1247 3553 ab
1289 3486 1564 3575 ipsomet
1617 3484 1910 3553 Romano
1957 3483 2266 3557 Pontifice
2323 3492 2396 3558 in

121 3601 305 3671 totius
350 3602 805 3671 Dominicanae
864 3600 1156 3688 familiae,
1215 3598 1552 3690 praesidem
1607 3598 1888 3669 electum
1957 3601 2152 3671 fuisse
2206 3610 2396 3692 atque

122 3718 559 3787 constitutum.
630 3714 773 3797 His,
828 3716 1127 3805 inquam,
1192 3714 1604 3783 consectariis
1663 3714 2072 3785 subscribant
2139 3736 2396 3787 necesse

117 3831 237 3911 est,
273 3830 385 3917 qui
424 3833 645 3899 tenent
684 3828 997 3897 solemnia
1044 3826 1235 3897 hodie
1272 3828 1344 3896 in
1382 3825 1612 3897 Galliis
1641 3850 1774 3898 non
1803 3850 1940 3899 esse
1969 3830 2104 3899 ulla
2131 3828 2394 3919 religio·

118 3959 341 4011 sorum
370 3951 533 4015 vota.

205 4056 271 4125 3ο
307 4056 705 4149 Sequeretur
746 4058 965 4127 nullas
1013 4077 1089 4127 ac
1134 4056 1347 4127 irritas
1388 4078 1526 4127 esse
1575 4058 1895 4129 solemnes
1938 4058 2390 4149 religiosorum

116 4173 441 4254 omnium,
500 4174 571 4243 in
644 4194 1033 4265 quocunque
1104 4172 1338 4241 mundi
1398 4171 1542 4241 loco
1599 4171 1892 4261 emissas,
1939 4174 2388 4263 professiones.

119 4282 375 4357 Etenim
410 4289 505 4359 lex
542 4290 751 4359 civilis
778 4288 1035 4375 Gallim,
1062 4308 1260 4379 quam
1297 4307 1496 4379 supra
1530 4288 1902 4377 retulimus,
1929 4310 2036 4358 eos
2065 4288 2396 4378 religiosos

116 4419 363 4495 omnes,
409 4428 543 4477 non
592 4408 865 4498 exceptis
906 4405 1161 4485 exteris,
1190 4402 1385 4473 habet
1423 4409 1732 4495 tanquam
1770 4403 2020 4475 habiles
2056 4405 2134 4473 ad
2171 4404 2398 4496 acqui-
