2834 4959
379 287 502 346 124
943 294 1283 342 'fuemus
1331 297 1410 344 m:
1456 297 1604 343 mnu
1644 291 2057 341 nnenmnum.

375 430 526 476 cum
555 408 836 499 ipsomet
861 418 1048 475 statu
1073 408 1384 499 reliqioso
1412 405 1749 498 confundi.
1792 443 1876 458 -—
1912 403 2079 472 Nam
2110 402 2177 470 id
2203 402 2337 470 sine
2362 421 2483 490 quo
2518 419 2603 468 res

375 543 511 592 esse
559 527 763 613 potest
813 543 946 591 non
999 522 1332 592 constituit
1383 545 1521 591 rem
1567 524 1805 614 ipsam,
1862 539 1973 588 seu
2028 538 2162 586 non
2209 523 2299 585 est
2343 517 2476 604 ejus
2519 535 2605 582 es·

375 639 602 724 sentia,
643 659 762 706 nec
803 636 1075 727 proinde
1121 638 1250 707 diei
1277 637 1466 706 debet
1506 657 1608 705 res
1652 637 1813 730 ipsa.
1870 633 2153 711 Statura,
2202 628 2375 699 verbi
2406 629 2608 718 gratia,

378 755 654 845 alicujus
709 754 992 823 hominis
1045 775 1179 822 non
1241 757 1445 844 potest
1499 752 1627 821 dici
1676 773 1811 820 esse
1876 750 2213 818 hominem
2276 745 2511 836 ipsum3
2560 747 2619 809 et

387 871 562 939 idem
615 876 708 937 est
751 869 832 937 de
871 870 1014 959 ejus
1063 869 1381 955 doctrina,
1431 869 1762 938 sanctitate
1814 865 2085 954 aliisque
2148 857 2609 953 proprietatibus

376 984 901 1055 accidentalibus.
963 982 1043 1051 Et
1095 983 1457 1052 ridiculum
1509 983 1669 1052 soret
1722 981 2055 1051 hominem
2112 997 2267 1045 cum
2318 971 2611 1064 ejusmodi

309 1165 318 1176 .
377 1098 884 1169 accidentalibus
935 1097 1355 1166 confundere.
1405 1097 1651 1166 Pariter
1677 1102 1873 1164 status
1899 1093 2239 1183 religiosus
2272 1091 2613 1158 innumeras

376 1215 615 1284 formas
663 1212 936 1282 induere
986 1219 1210 1304 potest.
1275 1212 1554 1281 Possunt
1610 1212 1855 1281 scilicet
1904 1208 2204 1278 homines
2258 1205 2371 1296 qui
2414 1201 2615 1292 triplex

378 1329 723 1399 consilium
768 1329 1214 1417 evangelicum
1265 1307 1606 1414 voverunt,
1664 1346 1924 1418 seseque
1974 1324 2111 1392 Deo
2141 1321 2412 1392 totaliter
2457 1337 2619 1386 man-

377 1446 707 1536 ciparunt,
739 1464 814 1511 ac
843 1444 1115 1532 proinde
1160 1465 1312 1511 vere
1345 1442 1629 1532 religiosi
1661 1447 1839 1526 sunt,
1876 1441 2073 1509 variis
2124 1437 2334 1509 modis
2366 1440 2497 1502 vota
2524 1452 2618 1500 sua
2745 1513 2746 1516 Ἴ

377 1558 683 1651 explere:
741 1559 852 1627 alii
917 1581 1155 1651 nempe
1207 1558 1354 1629 vitae
1411 1557 1921 1649 contemplativae
1982 1555 2295 1624 duntaxat
2342 1545 2616 1630 vacando,

377 1675 493 1744 alii
519 1673 856 1742 charitatis
883 1674 1191 1765 operibus
1223 1698 1239 1742 :
1273 1674 1386 1742 alii
1434 1675 1793 1759 mitiorem,
1842 1671 1955 1740 alii
2004 1670 2409 1760 rigidiorem,
2436 1659 2614 1753 quoad
2745 1681 2746 1688 ¹

377 1809 710 1876 somnum,
743 1790 994 1878 cibum,
1023 1789 1310 1859 laborem
1331 1789 1739 1879 manualem,
1766 1786 1891 1856 sihi
1909 1785 2309 1877 imponendo
2333 1798 2617 1852 normam.
2745 1827 2746 1838 ἶ

379 1901 460 1972 Et
505 1905 872 1973 innumerae
925 1925 1060 1972 esse
1111 1908 1381 1996 possunt
1436 1911 1634 1972 status
1687 1901 1967 1991 religiosi
2014 1897 2439 1968 accidentales
2474 1895 2624 1984 ejus—
2745 1939 2746 2008 3

381 2021 564 2089 modi
631 2020 984 2088 varietates.
1043 2017 1202 2100 Quae
1267 2019 1552 2109 profecto
1605 2019 1829 2085 formae
1886 2015 2339 2097 accidentales,
2386 2011 2621 2090 absone,
2744 2039 2746 2052 1

388 2155 546 2202 cum
593 2134 870 2223 ipsomet
919 2131 1220 2220 religioso
1265 2139 1433 2199 statu
1460 2181 1467 2190 .
1492 2131 2069 2200 confunderentur.
2126 2130 2263 2200 Nec
2322 2125 2625 2217 objiciatur
2745 2205 2746 2214 2

390 2268 521 2315 non
568 2267 750 2336 posse
810 2246 950 2312 dari
984 2250 1223 2312 statum
1255 2244 1633 2335 religiosum
1664 2246 1732 2313 in
1782 2245 2153 2330 abstracto,
2207 2245 2319 2314 sed
2360 2241 2628 2311 duntaxat
2745 2249 2746 2308 f

391 2362 462 2430 in
491 2372 816 2447 concrete,
859 2381 972 2428 seu
1023 2381 1178 2428 cum
1209 2360 1426 2450 aliqua
1458 2359 1885 2429 determinata
1929 2362 2161 2430 forma.
2217 2360 2357 2430 Hoc
2398 2354 2631 2450 quidem

391 2497 622 2543 verum
672 2481 795 2557 est3
842 2475 1007 2542 sicut
1046 2495 1292 2558 verum⁴
1319 2482 1413 2544 est
1441 2498 1573 2545 non
1624 2497 1807 2567 posse
1850 2478 2119 2546 existere
2159 2476 2489 2546 hominem
2518 2469 2633 2537 sine
2745 2511 2746 2514 κ

393 2589 610 2680 aliqua
659 2597 902 2687 statura
953 2589 1394 2660 determinata.
1454 2589 1575 2660 Sed
1624 2591 2181 2682 quemadmodum
2230 2597 2463 2662 statura
2509 2586 2625 2653 haec

395 2705 634 2776 absone
683 2707 1002 2775 diceretur
1048 2727 1183 2775 esse
1231 2708 1592 2792 hominem,
1632 2708 1723 2776 ita
1750 2707 2052 2796 quaelibet
2098 2701 2312 2778 forma
2360 2702 2638 2776 acciden-

394 2822 538 2890 talis
569 2828 768 2891 status
813 2823 1098 2911 religiosi
1131 2843 1467 2914 perperam
1504 2844 1657 2891 cum
1686 2799 1849 2890 statu
1868 2822 2017 2913 ‘ipso
2064 2824 2369 2915 religioso
2396 2819 2638 2890 confun·
2731 2867 2739 2878 .

397 2938 680 3006 deretur.

383 3101 388 3115 ·
489 3059 864 3129 Prorosrrro
893 3059 999 3130 11⁸.
1023 3097 1115 3112 —
1131 3063 1366 3129 Status
1389 3059 1739 3150 reliqiosus
1760 3081 1895 3128 non
1916 3071 2013 3126 est
2036 3057 2217 3128 idem
2246 3081 2327 3128 ac
2352 3055 2503 3131 ordo
2517 3049 2643 3121 reli·

398 3174 644 3264 qiosus.
663 3213 753 3228 --
780 3159 942 3245 Nam
965 3175 1222 3244 ordines
1250 3175 1559 3262 religiosi,
1583 3197 1695 3243 seu
1722 3175 1821 3260 (ut
1846 3174 2059 3243 vocari
2080 3173 2310 3265 solent)
2326 3169 2642 3262 reliqiones

409 3288 630 3372 variae,
679 3290 856 3359 nihil
899 3290 1076 3359 aliud
1105 3295 1258 3359 sunt
1283 3309 1480 3378 quam
1522 3291 1718 3358 variae
1739 3294 1936 3358 status
1980 3288 2269 3378 religiosi
2316 3289 2533 3358 formae
2554 3299 2648 3350 seu

401 3401 967 3474 determinationes
1025 3389 1470 3476 accidentales·
1531 3403 1901 3475 Substantia
1953 3425 2190 3496 nempe
2246 3410 2451 3474 status
2512 3395 2647 3468 reli·
2745 3425 2746 3428 ¹

398 3515 563 3606 giesi
613 3537 748 3585 non
801 3517 926 3586 alia
979 3523 1079 3586 est
1116 3517 1185 3584 in
1242 3517 1645 3586 monasteriis
1692 3515 2299 3600 Benedictinorum,
2352 3534 2547 3608 quam
2588 3509 2649 3576 in

399 3631 980 3702 Franciseanorum
1023 3633 1477 3710 conventibus,
1528 3631 1650 3702 Sed
1689 3631 2093 3702 Benedictini
2123 3639 2365 3703 statum
2404 3625 2647 3716 religio-

401 3769 548 3816 sum
593 3749 840 3837 degunt
875 3767 1026 3816 eum
1061 3747 1169 3816 tali
1211 3735 1477 3816 'vivendi
1504 3767 1736 3817 norma
1763 3767 1878 3816 seu
1929 3746 2191 3836 regula3
2254 3737 2649 3816 Franciseani

405 3871 622 3934 autem
647 3886 800 3934 eum
829 3863 956 3932 alia
985 3886 1002 3930 z
1057 3869 1122 3931 et
1162 3885 1238 3931 ex
1263 3863 1388 3932 hae
1415 3863 1777 3934 diversitate
1824 3863 2031 3932 oritur
2060 3861 2370 3933 ordinum
2403 3856 2650 3947 religio·
2745 3891 2746 3894 π

364 4061 369 4066 g
405 3999 628 4048 sorum
683 3981 970 4050 varietas,
1005 3976 1154 4063 Sed,
1188 4001 1262 4046 ex
1305 3979 1689 4068 praecedenti
1734 3981 2185 4071 propositione,
2248 3969 2651 4045 accidentales

327 4181 343 4200 ·
405 4095 536 4164 illae
581 4103 776 4167 status
823 4100 1105 4191 religiosi
1150 4100 1372 4168 l’ormae
1417 4101 1773 4192 ipsummet
1824 4106 2058 4168 statum
2110 4097 2490 4186 religiosum
2541 4109 2656 4160 non

407 4212 834 4301 constituunt,
885 4237 1008 4285 nee
1039 4237 1194 4285 cum
1237 4215 1352 4284 illo
1395 4221 1551 4284 sunt
1578 4215 2085 4299 confundendam
2137 4235 2294 4304 ergo
2345 4233 2467 4282 nee
2516 4203 2655 4278 ordo

409 4327 748 4416 religiosus
795 4327 964 4398 idem
1012 4337 1106 4399 est
1157 4351 1232 4400 ae
1259 4334 1459 4428 status
1508 4331 1868 4422 religiosus.
1926 4329 2111 4401 Unde
2158 4349 2503 4421 perperam
2534 4323 2657 4391 haec
