2834 4959
414 322 539 378 260
981 327 1318 376 TRACTATIJS
1360 329 1439 374 DE
1483 330 1632 376 JURE
1679 327 2092 376 RBGULARHJM.

501 446 875 516 Pnorosirio
902 446 1007 515 11⁸.
1038 485 1128 500 --
1170 448 1405 516 Etiam
1435 449 1508 516 in
1549 471 1706 516 casu
1734 447 2071 516 existentis
2117 445 2281 516 dicti
2299 449 2672 543 pn'vileqii,

413 563 851 632 translationi
870 561 963 631 ad
998 562 1213 632 alium
1234 565 1440 632 situm
1482 562 1769 655 ejusdem
1799 563 1926 630 loci
1951 561 2377 653 applicanda:
2402 589 2528 635 non
2553 591 2672 638 ve·-

410 681 609 748 niunt
632 677 1127 748 constitutiones
1151 679 1231 747 de
1252 680 1413 748 novi
1435 693 1790 748 conventus
1811 677 2130 746 erectione
2139 698 2170 762 ;
2185 678 2322 745 nisi
2336 681 2508 769 forte
2523 685 2669 774 pri-

408 796 725 886 vileqium
797 793 890 862 ad
952 793 1442 886 impediendam
1503 795 1706 864 etiam
1767 791 2098 884 ejusmodi
2151 795 2659 867 translationem

409 933 705 1003 expresse
728 909 1206 981 extenderetur.
1228 947 1318 965 -
1348 937 1383 976 α
1400 915 1622 1000 Neque
1643 915 1794 978 sunt
1811 908 2232 994 attendendae,
2257 911 2347 978 ait
2363 909 2666 1000 Ferraris,

420 1053 455 1092 α
481 1027 671 1098 dictae
726 1026 1207 1096 constitutiones
1246 1026 1648 1116 Apostolicae,
1703 1025 1956 1094 etiamsi
1985 1025 2311 1094 translatio
2346 1027 2456 1095 fiat
2484 1031 2564 1098 ad
2593 1033 2671 1100 si-

411 1171 452 1224 ι(
482 1159 647 1230 tum,
670 1144 737 1210 in
766 1164 896 1232 quo
922 1142 1325 1232 reperiantur
1348 1143 1703 1211 constructi
1727 1147 2082 1210 conventus
2113 1140 2390 1210 aliarum
2417 1146 2670 1236 religio-

416 1287 454 1326 «
481 1282 669 1342 num,
703 1281 849 1348 quae
880 1259 1291 1348 privilegium
1318 1256 1580 1342 habent,
1616 1256 1790 1345 quod
1821 1258 1970 1325 novi
2003 1263 2355 1326 conventus
2385 1281 2523 1328 non
2553 1264 2668 1330 eri-

415 1407 452 1448 «
474 1385 736 1470 gantur,
758 1375 885 1444 nisi
910 1381 1154 1442 servata
1176 1379 1348 1443 certa
1366 1373 1689 1441 distantia.
1715 1371 1897 1441 Unde
1917 1373 2244 1463 regulares
2269 1395 2484 1466 neque
2515 1385 2664 1448 tunc

412 1521 453 1560 α
478 1499 733 1585 possent
778 1513 845 1559 se
894 1511 1218 1580 opponere
1274 1487 1385 1556 tali
1431 1487 1854 1557 translationi.
1907 1513 1942 1555 »
2004 1488 2076 1557 Id
2121 1491 2336 1558 firmat
2383 1491 2437 1560 F
2435 1497 2668 1562 erraris

409 1609 602 1676 variis
620 1605 1055 1674 decisionibus
1069 1603 1137 1674 S.
1165 1603 1692 1694 Congregationis
1707 1602 2178 1694 Episcoporum
2201 1607 2666 1695 etregularium

408 1723 588 1814 (voce
634 1723 1036 1806 Conventus,
1080 1727 1199 1788 art.
1264 1719 1327 1804 1,
1366 1743 1434 1787 n.
1488 1719 1569 1786 12
1596 1726 1659 1787 et
1687 1719 1825 1808 47).
1877 1718 1971 1788 Ex
2017 1721 2098 1788 iis
2137 1720 2662 1793 declarationibus

404 1840 729 1930 praecipue
752 1835 1133 1904 attendenda
1160 1842 1277 1920 est,
1310 1857 1508 1925 quam
1544 1835 1764 1906 retulit
1797 1834 2132 1904 Monacelli
2154 1837 2352 1926 (parte
2382 1838 2440 1921 1,
2473 1839 2570 1906 tit.
2593 1836 2662 1920 6,

404 1952 685 2022 formula
718 1954 828 2040 19,
858 1953 1073 2021 adnot.
1106 1954 1197 2040 5),
1226 1957 1510 2020 exstante
1552 1970 1746 2040 penes
1777 1951 1993 2040 ipsum
2017 1953 2366 2042 exemplari
2396 1953 2668 2022 authen-

408 2070 556 2140 tico.
606 2068 791 2138 Unde
816 2069 1047 2136 merito
1076 2067 1486 2136 concluditur
1513 2066 1686 2156 apud
1713 2063 1998 2134 Ferraris
2023 2066 2188 2157 (loco
2211 2070 2434 2156 citato,
2463 2092 2529 2138 n.
2557 2071 2664 2158 47)

414 2182 994 2270 derelinquendum
1020 2203 1152 2250 esse
1178 2180 1610 2269 Pignatellum
1639 2188 1703 2248 et
1729 2171 1887 2250 alios
1907 2183 2262 2252 nonnullos
2285 2186 2662 2272 canonistas,

408 2300 523 2387 qui
551 2297 953 2364 contrarium
986 2297 1145 2363 olim
1182 2296 1557 2363 docuerant.

498 2412 790 2480 Diximus
818 2413 941 2480 nisi
964 2410 1578 2501 forteprivileqium
1598 2410 1692 2479 ad
1729 2434 1956 2481 casum
1988 2435 2185 2482 meroe
2209 2417 2664 2486 translationis

408 2549 705 2618 expresse
730 2524 1170 2603 emendatum
1218 2529 1373 2614 quia
1423 2525 1682 2594 tandem
1719 2527 1776 2594 si
1801 2551 2096 2620 expresse
2145 2530 2451 2600 decernat
2495 2555 2666 2604 sum·
2769 2517 2782 2528 ”

410 2665 557 2710 mus
586 2642 897 2726 Pontifex,
930 2663 1011 2708 ne
1038 2641 1235 2731 possit
1274 2642 1343 2708 in
1371 2639 1592 2729 aliquo
1651 2642 1776 2710 situ
1831 2643 2023 2725 alius,
2051 2651 2284 2734 praeter
2311 2649 2662 2729 existentes»,

405 2763 783 2840 conventus,
818 2755 1011 2824 etiam
1052 2777 1173 2846 per
1218 2754 1494 2824 modum
1519 2757 2006 2845 translationis,
2045 2764 2360 2845 construi,
2395 2764 2664 2834 dubium

408 2895 539 2942 non
596 2879 691 2942 est
732 2873 893 2964 quin
940 2873 1004 2939 vi
1072 2871 1270 2962 hujus
1324 2871 1644 2960 privilegii
1711 2875 2020 2963 impediri
2073 2877 2270 2964 possit
2329 2881 2666 2968 cujuslibet

409 2995 761 3058 conventus
800 2989 878 3056 ad
932 2987 1128 3054 situm
1170 2990 1371 3054 istum
1422 2988 1774 3056 translatio.
1845 2987 2034 3058 Unde
2075 2991 2406 3062 conclusio
2456 3000 2666 3063 nostra

407 3107 669 3194 respicit
707 3105 1013 3172 duntaxat
1037 3101 1375 3191 privilegia
1398 3101 1640 3191 quibus
1679 3104 2085 3173 interdicitur
2133 3109 2292 3176 novi
2317 3121 2666 3178 conventus

409 3220 641 3288 erectio
688 3221 848 3288 citra
887 3216 1375 3284 determinatam
1421 3216 1814 3287 distantiam.
1859 3218 2060 3311 Cujus
2087 3221 2474 3292 discriminis
2499 3225 2663 3292 ratio

408 3339 526 3418 est,
566 3333 739 3421 quod
764 3331 953 3400 verba
974 3331 1135 3399 novi
1162 3339 1519 3399 conventus
1561 3333 1796 3401 erectio
1825 3357 1940 3424 per
1981 3357 2048 3404 se
2081 3358 2214 3406 non
2241 3339 2664 3430 comprehen-

406 3443 563 3514 dant
598 3468 851 3514 meram
898 3447 1408 3516 translationem
1462 3456 1816 3518 conventus
1843 3451 1947 3528 ad,
1973 3451 2176 3522 alium
2217 3455 2343 3524 loci
2379 3457 2658 3546 ejusdem

405 3563 628 3630 situm.

1254 3699 1259 3706 ’
1340 3693 1616 3765 CAPUT
1663 3695 1745 3765 ll.

402 3895 483 3939 AN
532 3895 606 3940 ΕΤ
666 3893 981 3950 QUATENL'S
1047 3897 1127 3940 AD
1188 3895 1335 3942 Novl
1404 3898 1762 3944 CONVENTUS
1823 3899 2219 3946 ERECTIONEM
2291 3899 2656 3946 NECESSARIA

486 3993 676 4038 ETIAM
723 3995 817 4039 SIT
866 3993 1153 4038 LICENTIA
1200 3995 1472 4040 Erlscom
1513 4000 1528 4041 ζ
1579 3999 1654 4041 ΕΤ
1697 3995 1979 4049 QUOMODO
2021 4000 2100 4044 AB
2163 3999 2515 4044 ORDINARIIS
2565 3995 2654 4042 SIT

482 4089 949 4151 PROCEDENDUM,
984 4091 1224 4145 QUANDO
1256 4093 1550 4139 EJUSMODI
1581 4095 1868 4140 LIGENTIA
1892 4097 1973 4140 AB
2001 4095 2149 4142 IPSIS
2181 4095 2658 4144 EXPOSTULATUR.

492 4247 870 4320 Pnorosrrio
882 4252 954 4319 1·.
986 4291 1076 4304 —-
1092 4254 1273 4321 Licet
1282 4253 1439 4344 jam
1462 4253 1787 4322 habeatur
1810 4253 2291 4345 beneplacitum
2331 4257 2386 4322 A
2384 4250 2655 4346 postoli·

404 4383 580 4449 cum,
594 4362 810 4431 adlzuc
833 4367 1191 4435 necessaria
1212 4379 1307 4435 est
1328 4367 1597 4436 licentia
1611 4368 1957 4460 Episcopi,
1977 4369 2119 4438 nisi
2131 4372 2392 4462 fortein
2409 4365 2656 4438 indulto
