2834 4959
330 288 457 345 466
916 290 1254 339 mactmus
1290 290 1371 339 DE
1406 290 1558 341 wan
1599 290 2018 339 anonumum.

332 418 561 510 liqiosi
580 412 861 485 essentia
886 410 1160 503 deficere
1194 414 1620 505 conqreqatio
1657 414 1790 483 ista
1829 410 2156 481 censenda
2205 416 2356 484 erit.
2387 454 2481 471 —-
2507 418 2632 490 Et-

330 535 507 607 enim
546 529 670 599 sub
692 526 902 620 priori
940 530 1247 598 tractatus
1280 533 1461 620 parte
1493 526 1916 622 probavimus
1959 526 2041 597 ad
2079 530 2283 600 status
2321 532 2624 625 religiosi

326 647 671 723 essentiam
698 640 969 735 requiri,
991 649 1090 733 ut,
1112 642 1420 715 Ecclesiae
1437 649 1503 714 et
1520 643 1645 715 Dei
1667 643 1963 732 nomine,
1982 648 2357 737 acceptetur
2373 649 2625 741 triplex

326 771 715 859 perpetuum
755 764 1005 845 votum,
1036 758 1120 828 ab
1156 758 1377 851 aliquo
1414 758 1497 831 ad
1548 760 1615 830 id
1655 762 2036 851 potestatem
2063 758 2364 833 habente.
2377 760 2622 857 'Equi-

324 882 475 952 dem
504 878 839 949 Romanus
872 873 1191 960 Pontifex,
1228 878 1353 945 hoc
1388 875 1411 943 i
1416 895 1534 967 pso
1573 874 1748 966 quod
1785 876 2194 947 contrarium
2235 898 2370 947 non
2393 882 2628 973 expri-

322 1002 487 1084 mat,
514 992 775 1085 aliquod
804 990 1180 1061 institutum
1208 988 1626 1082 approbando
1663 1010 1820 1060 cum
1849 990 2016 1060 votis
2059 994 2420 1083 perpetuis,
2445 1014 2622 1065 cen·

322 1119 496 1185 setur
540 1104 985 1202 superioribus
1028 1104 1404 1177 facultatem
1451 1105 1660 1176 facere
1709 1111 1784 1175 ut
1825 1110 1974 1175 vota
2015 1105 2136 1177 illa
2193 1105 2364 1178 dicto
2413 1111 2626 1181 modo

322 1230 445 1301 rite
486 1228 839 1319 acceptent.
897 1222 988 1291 At
1038 1221 1181 1291 fieri
1233 1226 1460 1313 potest,
1511 1227 1587 1289 ut
1639 1220 1712 1289 in
1765 1220 2051 1293 formula
2100 1224 2621 1315 appmbationiS‚

322 1341 635 1436 expressis
669 1334 966 1408 terminis
1012 1334 1277 1407 facultas
1313 1337 1456 1407 haec
1503 1336 1911 1407 excludatur.
1953 1334 2141 1418 Quod
2173 1347 2331 1411 tunc
2357 1345 2629 1413 contin-

318 1458 445 1551 git,
510 1452 772 1547 quando
844 1452 1023 1521 sedes
1092 1450 1458 1543 Apostolica
1525 1452 1668 1521 vult
1734 1450 2014 1543 alicujus
2085 1458 2630 1547 congregationis

322 1570 622 1643 membra
656 1566 901 1659 triplici
946 1572 1255 1657 perpetuo
1296 1570 1448 1637 voto
1495 1566 1714 1657 ligari,
1761 1571 1822 1636 et
1867 1572 2078 1637 tamen
2125 1566 2466 1640 remanere
2529 1573 2632 1641 de

325 1706 592 1779 corpore
634 1680 959 1753 saecularis
996 1680 1156 1751 cleri
1201 1680 1373 1772 (vide
1416 1682 1614 1765 dicta,
1648 1687 1825 1775 parte
1867 1682 1938 1772 2,
1969 1702 2109 1775 cap.
2149 1684 2220 1769 4,
2257 1686 2300 1775 ξ
2337 1684 2408 1775 2,
2439 1706 2638 1777 pro-

320 1802 509 1895 posit.
542 1800 613 1882 2,
644 1794 957 1867 innuitur
976 1792 1099 1885 3⁰).

412 1918 587 1989 Hinc
624 1919 825 1985 status
870 1911 1159 2003 religiosi
1198 1911 1543 1981 essentiam
1587 1932 1724 1982 non
1762 1911 2010 1983 habent
2055 1912 2408 2003 presbyteri
2444 1917 2627 1987 Mis-

320 2033 546 2119 εἰοηίε,
596 2052 635 2101 a
688 2037 909 2101 sancto
956 2026 1305 2098 Vincentio
1361 2026 1444 2096 de
1490 2024 1692 2099 Paulo
1745 2030 2046 2117 instituti,
2103 2030 2226 2119 qui
2268 2030 2340 2100 in
2395 2030 2630 2103 Gallia

321 2147 691 2220 Lazaristoe
741 2144 959 2213 vocari
1016 2142 1244 2211 solent.
1307 2140 1572 2211 Etenim
1639 2142 1714 2211 i'n
1778 2143 2074 2235 ipsorum
2141 2145 2628 2237 approbatione

326 2260 535 2352 (bulla
581 2260 696 2327 Ea:
730 2256 1077 2326 commissa
1112 2254 1464 2325 Alexandri
1487 2254 1638 2345 Vll,
1674 2256 1762 2325 22
1809 2258 2198 2351 septembris
2235 2259 2464 2351 1655),
2527 2262 2632 2332 sic

324 2383 584 2447 cavetur
619 2397 636 2443 ε
670 2376 751 2441 In
782 2392 1067 2463 quorum
1112 2382 1335 2439 tamen
1364 2382 1676 2441 votorum
1705 2373 2054 2444 emissione
2079 2396 2276 2445 nemo
2306 2377 2628 2463 intersit,

320 2490 441 2583 qui
464 2511 543 2558 ea
570 2496 859 2578 acceptet
880 2483 1149 2553 nomine
1169 2484 1736 2575 conqreqationis,
1770 2487 1910 2557 sive
1933 2490 2178 2560 Nostro
2201 2502 2267 2557 et
2286 2507 2416 2581 pro
2443 2502 2632 2561 tem-

312 2614 477 2687 pore
514 2587 849 2659 existentis
884 2586 1178 2657 Romani
1200 2586 1552 2678 Pontificis
1585 2590 1934 2661 nomine...
1981 2592 2192 2683 thue
2233 2590 2426 2662 dicta
2465 2614 2634 2663 con·

322 2708 626 2799 yreqatio
646 2728 783 2774 non
802 2715 1144 2773 censeatur
1160 2714 1517 2795 propterea
1545 2706 1616 2773 in
1637 2727 1913 2776 numero
1935 2704 2248 2777 ordinum
2270 2706 2630 2799 reliqioso·

325 2844 505 2903 rum,
540 2820 657 2891 sed
676 2822 767 2890 sit
790 2819 871 2889 de
898 2840 1166 2910 corpore
1188 2818 1347 2887 cleri
1368 2817 1736 2889 saecularis.

1246 3036 1526 3111 CAPUT
1574 3040 1687 3111 lx.

678 3232 755 3278 ns
802 3229 1166 3279 coam-nous
1210 3232 1486 3279 specum
1527 3234 1950 3283 Turrensmu
1997 3224 2264 3285 caum:

420 3400 591 3473 Cum
648 3400 932 3491 generali
988 3400 1405 3471 conclusione
1461 3423 1656 3495 supra
1713 3404 2244 3493 sustinuerimus,
2297 3405 2630 3479 solemnia

333 3540 467 3591 esse
511 3508 658 3586 vota
703 3516 1157 3608 religiosorum
1204 3518 1456 3602 Galliae,
1513 3540 1798 3611 quorum
1843 3523 2264 3605 institutum..
2301 3522 2388 3595 ab
2433 3524 2632 3617 Apo-

326 3632 553 3703 stolica
586 3632 733 3701 sede
769 3630 1223 3724 approbatum,
1266 3634 1615 3703 emittenda
1661 3637 1987 3727 ejusmodi
2021 3644 2169 3709 vota
2219 3640 2628 3730 praescribit,

328 3748 575 3817 mirum
620 3743 828 3816 videri
862 3752 1067 3837 potest
1100 3748 1444 3839 specialem
1473 3771 1652 3820 nunc
1679 3750 1760 3821 de
1788 3750 2150 3845 Trappistis
2175 3754 2628 3844 quaestionem

324 3864 597 3935 institui.
647 3862 948 3955 Ipsorum
996 3863 1327 3955 siquidem
1368 3865 1554 3948 ordo,
1605 3887 1742 3937 non
1773 3866 1952 3939 alius
1987 3876 2083 3939 est
2115 3889 2322 3960 quam
2363 3869 2630 3939 Cister-

328 3979 651 4058 censium,
700 3998 739 4045 a
774 3975 923 4047 sede
950 3976 1315 4068 Apostolica
1360 3976 1586 4069 utique
1637 3980 2093 4083 approbatum.
2154 3982 2636 4053 Nihilominus

324 4091 709 4186 applicanda
746 4092 903 4184 ipsis
946 4114 1078 4161 non
1116 4100 1210 4163 est
1246 4095 1507 4186 praefata
1547 4097 1864 4186 generalis
1895 4096 2250 4181 conclusio,
2284 4105 2350 4167 et
2381 4097 2635 4169 dicen-

326 4206 491 4279 dum
520 4205 839 4297 simplicia
866 4206 1176 4279 duntaxat
1200 4207 1392 4279 hodie
1423 4208 1508 4279 ab
1547 4210 1708 4303 ipsis
1737 4213 1946 4284 emitti
1977 4216 2148 4285 vota.
2173 4212 2392 4295 Quam
2415 4216 2639 4303 parti-

325 4324 613 4409 cularem
658 4320 1151 4415 Trappistarum
1202 4322 1430 4394 Galliae
1487 4326 1929 4399 conditionem
1980 4334 2057 4398 ut
2111 4310 2632 4419 patefaciamus,
