2834 4959
437 339 562 417 {60
999 351 1338 412 rnac'rnus
1385 365 1465 412 nn
1510 363 1660 410 sum-2
1704 361 2121 411 assumtum.

517 489 623 559 ΙΙΙ.
662 490 997 557 Asseverat
1024 485 1092 558 S.
1126 485 1405 556 loannes
1436 484 1929 574 chrysostomus
1958 481 2310 553 monachos
2352 482 2441 552 ita
2472 484 2718 570 vivere,

427 606 525 674 uti
575 603 762 674 initio
809 601 1114 670 Ecclesiae
1141 601 1445 670 vivebant
1492 600 1711 670 fideles
1755 601 1826 669 in
1872 597 2229 668 Jerusalem
2270 599 2479 685 (hom.
2532 601 2609 682 2,
2658 605 2721 671 in

351 723 358 732 “
430 721 576 790 Act.
616 718 897 809 Apost.).
945 717 1162 806 Atque
1191 714 1368 784 idem
1414 737 1683 806 prorsus
1718 714 2000 812 affirmat
2025 712 2095 784 S.
2143 713 2593 805 Hieronymus
2624 715 2719 807 (de

439 834 608 906 Viris
645 834 892 919 illust„
926 855 1065 924 cap.
1105 833 1216 915 11,
1241 836 1419 900 tomo
1452 831 1494 898 2
1521 852 1823 922 operum,
1853 829 1978 900 col.
2014 831 2173 921 847,
2193 831 2349 900 edit.
2378 831 2711 926 vallars).

427 951 510 1020 Et
538 949 795 1019 tandem
821 947 1304 1041 persuasionem
1335 946 1499 1015 hanc
1530 947 1598 1014 in
1628 947 1823 1016 totius
1846 951 2019 1015 retro
2044 947 2447 1037 antiquitatis
2474 970 2713 1020 monu-

433 1067 673 1138 mentis
701 1054 1036 1156 reperies.'
1839 1053 1847 1061 ’

517 1181 636 1250 IV.
685 1180 1040 1250 Erroneam
1083 1179 1280 1248 fuisse
1327 1177 1709 1269 hujusmodi
1758 1177 2243 1267 persuasionem
2284 1176 2470 1247 nulla
2518 1180 2710 1251 solida

431 1300 674 1368 ratione
723 1299 993 1387 probare
1038 1300 1386 1388 potuerunt
1436 1293 1875 1363 moderniores
1926 1293 2157 1377 critici,
2200 1294 2317 1384 qui
2370 1293 2709 1386 religioso-

431 1435 584 1482 rum
655 1411 1056 1480 existentiam
1117 1416 1266 1479 ante
1321 1408 1643 1480 saeculum
1712 1414 2019 1498 quartum
2098 1414 2361 1498 negant.
2432 1407 2711 1480 Postulat

432 1524 696 1614 quidem
738 1519 1204 1592 Thomassinus
1243 1520 1571 1610 quomodo
1619 1519 1963 1588 Cassianus
2004 1519 2170 1587 scire
2220 1521 2521 1609 potuerit,
2573 1523 2709 1611 pri-

433 1659 576 1705 mos
619 1637 764 1704 illos
806 1634 1404 1725 Hierosolymitanae
1454 1633 1759 1702 Ecclesiae
1801 1634 2019 1702 fideles
2067 1633 2367 1724 conjugia
2395 1640 2457 1701 et
2506 1636 2711 1725 patri-

434 1755 652 1822 monia
695 1751 1034 1842 respuisse.
1080 1749 1316 1820 Facilis
1359 1773 1459 1819 res
1468 1751 1711 1840 ponsio.
1759 1748 1989 1820 Melius
2018 1751 2084 1819 id
2114 1749 2279 1820 scire
2312 1755 2515 1843 potuit
2552 1750 2708 1822 Cas-

434 1871 678 1957 sianuS,
723 1868 1228 1940 monasticarum
1295 1866 1777 1937 institutionum
1814 1868 2317 1956 scientissimuS,
2360 1887 2707 1959 earumque

435 1985 853 2054 incunabulis
874 1991 1028 2055 -tam
1075 1985 1487 2076 propinquus
1514 2035 1531 2064 ,
1579 2005 1779 2074 quam
1820 1981 2293 2053 Thomassinus
2334 2007 2351 2053 ε
2402 2006 2479 2054 eo
2516 1986 2707 2076 siqui·

431 2100 580 2170 dem
637 2100 960 2170 scribebat
1009 2105 1324 2188 tempore,
1370 2099 1450 2167 ad
1494 2098 1670 2188 quod
1723 2097 2091 2168 christianae
2142 2100 2239 2168 rei
2278 2099 2561 2190 origines
2608 2102 2703 2168 in-

431 2222 734 2305 corrupta
774 2215 1112 2282 traditione
1159 2214 1344 2282 facile
1397 2219 1843 2304 pervenerant.
1906 2213 2249 2301 Praeterea‚
2299 2217 2475 2304 quod
2518 2215 2697 2307 primi

433 2330 529 2400 illi
586 2329 802 2398 fideles
855 2329 1280 2420 patrimonia
1333 2330 1720 2420 respuerint,
1756 2353 2047 2423 expresse
2098 2333 2375 2404 habetur
2422 2334 2495 2400 in
2537 2332 2694 2401 Actis
2789 2409 2790 2418 χ

433 2445 928 2537 Apostolorum;
987 2446 1100 2512 ubi
1153 2451 1624 2526 memorantur,
1670 2446 1987 2538 quidquid
2052 2449 2474 2539 possiderent,
2528 2468 2693 2538 agros
2789 2425 2790 2461 ἢ

433 2569 494 2628 et
521 2561 746 2629 domos
793 2559 1178 2648 vendidisse,
1227 2568 1290 2629 et
1335 2561 1618 2650 pretium
1670 2567 1817 2630 ante
1862 2561 2054 2652 pedes
2103 2563 2563 2654 Apostolorum
2594 2563 2689 2631 de-

434 2675 675 2744 tulisse.
713 2673 796 2744 Ut
817 2676 974 2744 adeo
1008 2675 1252 2744 mirum
1283 2677 1367 2743 sit
1391 2677 1597 2764 quaeri
1620 2699 1658 2744 a
1682 2674 2159 2759 Thomassim0‚
2194 2699 2327 2768 quo
2360 2677 2427 2745 id
2470 2679 2691 2747 funda·
2786 2683 2788 2743 ἰ

435 2790 1019 2884 mentoCassianus
1065 2794 1428 2860 asseruerit.
1473 2791 1663 2872 Quod
1703 2813 1853 2862 vero
1880 2792 2185 2883 conjugia
2226 2795 2422 2863 etiam
2452 2813 2691 2886 respue·

433 2910 588 2989 rint,
635 2929 710 2976 ex
751 2908 913 2976 facto
957 2907 1443 2996 repudiatorum
1484 2906 2023 2997 patrimoniorum
2100 2908 2332 2977 merito
2372 2910 2691 2979 concludi·
2784 2949 2786 3025 ψ

437 3043 604 3090 muS.
671 3021 742 3092 Si
789 3023 968 3092 enim
1023 3022 1094 3089 in
1141 3021 1449 3111 conjugio
1514 3024 1729 3092 vivere
1783 3024 2157 3111 volnissent,
2222 3045 2353 3093 non
2406 3024 2688 3116 perfectio

432 3137 656 3208 fuisset
704 3138 876 3208 bona
937 3159 1050 3206 sua
1107 3137 1441 3216 abdicare;
1502 3158 1712 3229 neque
1752 3139 1817 3208 id
1872 3139 2163 3231 Apostoli
2214 3141 2681 3232 approbassent;
2782 3173 2784 3232 χ

433 3251 542 3321 sed
607 3251 975 3322 debuissent
1037 3251 1207 3322 bona
1277 3253 1416 3320 haec
1486 3253 1731 3322 alendis
1790 3259 1855 3322 et
1902 3254 2251 3324 educandis
2308 3255 2459 3325 filiis
2512 3277 2691 3324 reser·
2782 3235 2784 3307 ἶ

431 3391 604 3438 vare.
657 3367 950 3437 Tandem
1003 3367 1176 3458 quod
1201 3421 1220 3452 ,
1283 3367 1348 3435 id
1396 3375 1812 3459 peragentes,
1866 3391 1933 3438 se
1996 3375 2158 3441 totos
2216 3369 2335 3440 Dei
2400 3369 2683 3460 obsequio

433 3482 968 3572 mancipaverint,
1014 3481 1142 3551 voti
1194 3481 1463 3573 proinde
1518 3483 1777 3551 vinculo
1825 3504 1893 3551 se
1943 3481 2414 3574 obstringentes
2454 3490 2518 3554 et
2558 3483 2687 3552 obe-

427 3599 740 3669 dientiam
785 3597 979 3668 eliam
1043 3599 1431 3689 profitentes,
1482 3600 1623 3667 sine
1674 3621 1807 3690 qua
1865 3599 2240 3668 communis
2290 3622 2517 3669 eorum
2576 3597 2686 3664 vita

424 3723 589 3784 stare
637 3735 768 3782 non
821 3714 1149 3806 potuisset,
1203 3714 1486 3782 dubitari
1530 3713 1781 3804 nequit.
1840 3713 1987 3784 Non
2041 3715 2221 3785 enim
2272 3716 2548 3809 supponi
2586 3733 2683 3804 po·

426 3833 545 3898 test
589 3829 861 3898 voluisse
909 3847 1014 3896 eos
1071 3849 1146 3896 ex
1203 3835 1384 3918 parte
1452 3829 1759 3897 duntaxat
1831 3817 1966 3897 sisse
2016 3829 2149 3900 Deo
2216 3829 2469 3918 dicare3
2538 3845 2679 3920 prae-
2778 3835 2780 3871 2

427 3943 646 4012 sertim
681 3963 838 4012 cum
881 3940 1006 4010 sibi
1059 3937 1232 4032 quod
1275 3943 1505 4012 durius
1534 3949 1691 4027 erat,
1726 3944 2017 4035 conjugii
2059 3951 2125 4012 et
2162 3945 2676 4036 patrimoniorum

430 4056 939 4146 repudiationem
991 4055 1439 4148 imposuerint.
1500 4057 1667 4126 Hinc
1710 4057 1940 4126 merito
1976 4057 2243 4130 Estius:
2292 4083 2327 4127 «
2369 4058 2529 4129 Puto
2570 4054 2677 4143 igi·
2776 4070 2778 4153 ᾗ

437 4177 608 4238 «tur
649 4169 798 4240 istos
843 4170 1066 4240 omnia
1107 4173 1490 4243 communia
1538 4171 1844 4242 habentes
1878 4173 2076 4242 fuisse
2116 4195 2297 4244 veros
2346 4175 2671 4264 religiosos,

439 4311 472 4351 t(
501 4284 826 4376 quomodo
853 4308 1029 4356 nunc
1059 4286 1138 4356 de
1173 4287 1490 4376 religiosis
1517 4287 1875 4378 loquimur,
1900 4289 2054 4378 quia
2082 4287 2151 4359 in
2195 4290 2499 4359 manibus
2532 4281 2677 4356 Petri
2774 4365 2776 4384 Ε

436 4425 472 4464 «
501 4407 811 4488 tanquam
875 4398 1124 4469 Praelati
1177 4402 1495 4472 vovebant
1544 4404 1739 4472 vitam
1804 4425 2223 4476 communem
2252 4457 2272 4495 ,
2329 4415 2392 4477 et
2434 4399 2675 4498 proinde
2774 4385 2776 4436 Ι
