2834 4959
457 315 546 392 τό
1000 340 1342 390 'saecutus
1387 344 1468 389 ns
1516 343 1670 391 smus
1715 342 2133 392 anonumum

1490 644 1533 735 g
1578 642 1657 712 ιι.

465 829 703 895 Relicttur
723 832 890 897 prima
903 834 1174 893 sententia,
1195 844 1306 895 qua
1333 832 1703 885 solemnitatem
1728 833 1830 883 vot!
1858 832 2057 896 reponit
2094 832 2147 881 in
2175 830 2341 895 aliqua
2376 828 2701 883 benedictione

1037 932 1129 971 seu
1161 924 1560 985 consecratione,
1594 920 1755 973 aliove
1780 925 1987 973 externo
2008 922 2131 971 rttn.

539 1141 916 1213 Paorosmo
941 1144 988 1211 1.
1015 1182 1106 1195 -
1125 1144 1535 1213 Solemnitas
1576 1141 2049 1213 substantialis
2075 1142 2218 1211 voti
2242 1142 2565 1211 castitatis
2584 1164 2702 1211 non

461 1260 758 1327 consistit
783 1259 856 1327 in
873 1258 1104 1350 aliqua
1126 1256 1591 1345 benedictione,
1614 1259 1722 1327 vel
1739 1258 2237 1329 consecratione.
2262 1296 2351 1311 -
2374 1256 2468 1327 lta
2490 1257 2702 1327 admit—

468 1373 738 1444 tendum
793 1380 912 1459 est,
957 1375 1008 1443 si
1050 1376 1244 1465 possit
1277 1374 1417 1445 dari
1468 1382 1692 1445 votum
1736 1376 2035 1445 castitatis
2084 1374 2582 1445 substantialiter
2621 1394 2704 1442 so-

471 1488 714 1573 lemne,
740 1490 902 1579 quin
951 1489 1117 1560 adsit
1158 1490 1270 1560 illa
1314 1490 1699 1576 benedictin,
1728 1492 2232 1573 consecratiove3
2259 1496 2325 1560 et
2358 1491 2414 1559 si
2448 1490 2704 1559 vicissim

471 1604 678 1694 possit
698 1606 916 1675 adesse
948 1605 1308 1677 benedictio
1332 1616 1394 1675 et
1432 1609 1845 1691 consecratio,
1872 1608 2036 1698 quin
2066 1614 2289 1675 votum
2315 1605 2609 1677 castitatis
2635 1605 2707 1672 sit

463 1720 966 1791 substantialiter
990 1721 1279 1792 solemne
1311 1748 1328 1793 z
1357 1724 1535 1814 atqui
1561 1730 1910 1812 utrumque
1933 1726 2181 1791 certum
2210 1728 2327 1791 est.

541 1836 566 1905 l
577 1888 592 1906 .
629 1838 887 1931 Absque
905 1841 1046 1911 ulla
1062 1838 1529 1925 benedictione,
1552 1838 1662 1909 vel
1688 1838 2189 1923 consecratione,
2216 1834 2371 1906 dari
2376 1850 2601 1929 potest
2614 1858 2705 1905 vo-

465 1968 612 2024 tum
651 1958 980 2027 castitatis
1027 1957 1555 2028 substantialiter
1576 1957 1884 2027 solemne.
1911 1994 2003 2010 -—
2032 1953 2349 2024 Probatur
2385 1956 2453 2023 1⁰
2486 1978 2559 2026 ex
2578 1974 2707 2046 pro·

471 2070 745 2142 sessione
765 2075 973 2142 tacita.
1021 2073 1140 2142 Illa
1179 2079 1360 2143 enim
1409 2073 1717 2165 professio
1740 2072 1813 2140 fit
1840 2071 2079 2163 absque
2103 2072 2239 2141 ulla
2262 2073 2708 2141 consecratione

454 2174 576 2253 aut*
613 2208 794 2254 sacra
847 2188 1263 2271 caeremonia3
1315 2195 1376 2257 et
1424 2194 1643 2257 tamen
1692 2194 1940 2258 certum
1990 2194 2085 2257 est
2125 2186 2187 2257 ei
2240 2208 2571 2255 annexum
2595 2204 2707 2253 esse

466 2309 690 2368 votum
743 2302 1046 2371 castitatis
1085 2300 1587 2373 substantialiter
1638 2304 1948 2374 solemne.
1996 2302 2313 2373 Probatur
2350 2302 2419 2371 2⁰
2452 2326 2527 2373 ex
2553 2300 2705 2393 praxi

470 2417 828 2485 multarum
867 2417 1285 2506 religionum,
1330 2419 1399 2488 in
1429 2420 1671 2510 quibus
1710 2420 1879 2490 fiunt
1905 2428 2053 2491 vota
2080 2420 2581 2489 substantialiter
2618 2436 2705 2485 so-

471 2531 736 2620 lemnia,
769 2536 1062 2623 quamvis
1085 2534 1264 2605 nulla
1291 2535 1673 2607 interveniat
1696 2536 2015 2629 ejusmodi
2044 2536 2401 2606 benedictio
2441 2541 2549 2607 aut
2572 2554 2707 2603 con-

459 2648 747 2716 secrati0.
798 2643 973 2718 Talis
999 2658 1092 2720 est
1115 2654 1380 2721 societas
1402 2651 1580 2740 Jesu,
1610 2654 1681 2721 in
1708 2644 1839 2745 qua
1882 2654 2185 2745 professio
2216 2653 2291 2720 fit
2320 2652 2565 2745 absque
2595 2648 2704 2717 ulla

468 2760 790 2849 ejusmodi
837 2787 1122 2855 personae
1167 2774 1279 2837 aut
1308 2769 1587 2839 -habitus
1628 2768 2072 2839 benedictione
2100 2768 2199 2837 vel
2228 2768 2699 2837 consecratione.

477 2874 632 2946 ltem
661 2880 889 2971 religio
915 2885 1118 2951 sancti
1168 2883 1519 2970 Dominici,
1547 2886 1617 2953 in
1652 2906 1781 2977 qua
1827 2885 2111 2975 primum
2156 2884 2548 2954 emittuntur
2587 2885 2706 2948 vota

463 2998 796 3083 solemnia,
837 3007 900 3067 et
917 3006 1132 3089 postea
1157 2999 1631 3069 benedicuntur
1657 3006 1859 3069 vestes
1883 3025 1899 3085 3
1942 3000 2031 3068 ita
2060 3007 2135 3069 ut
2162 3007 2309 3069 ante
2336 2996 2705 3071 benedictio·-

468 3134 616 3181 nem
653 3116 830 3183 illam
874 3116 1014 3203 jam
1067 3114 1231 3185 adsit
1278 3121 1502 3184 votum
1546 3116 1855 3185 solemne.
1902 3114 2062 3185 ltem
2118 3114 2468 3203 religiones
2510 3128 2709 3183 omnes

465 3232 1004 3320 mendicantium,
1035 3240 1098 3301 et
1123 3231 1315 3303 etiam
1355 3232 1694 3303 nonnullae
1725 3231 2158 3312 monachales,
2192 3231 2516 3322 ejusmodi
2542 3228 2709 3297 bene-

465 3344 744 3414 dictione
781 3348 852 3415 in
900 3348 1260 3438 profitendo
1305 3356 1544 3419 carent.
1580 3346 1769 3440 (Vide
1810 3346 2210 3431 Suaresium,
2246 3346 2325 3415 de
2360 3344 2706 3437 Reliqione,

463 3465 732 3529 tractatu
771 3464 836 3544 7,
870 3463 918 3531 l.
951 3462 1020 3550 2,
1047 3486 1104 3532 c.
1151 3466 1219 3553 6,
1256 3488 1322 3533 n.
1361 3466 1461 3555 4.)
1803 3474 1811 3483 ’

560 3574 644 3646 11.
679 3579 904 3644 Potest
915 3576 1134 3649 adesse
1159 3579 1513 3651 benedictio
1540 3582 1648 3651 vel
1674 3590 2096 3661 consecratio,
2114 3580 2273 3671 quin
2292 3589 2524 3648 votum
2539 3570 2712 3645 casti-

473 3692 634 3762 tatis
676 3692 765 3761 sit
811 3691 1121 3764 solemne.
1167 3734 1249 3748 -
1289 3696 1471 3767 Patet
1494 3720 1569 3767 ex
1614 3704 1759 3767 voto
1799 3697 2100 3766 castitatis
2146 3697 2341 3764 sacris
2394 3690 2713 3763 ordinibus

461 3832 730 3881 annexo.
761 3810 860 3880 lbi
889 3814 1066 3879 enim
1101 3812 1276 3884 adest
1301 3812 1731 3897 consecrati03
1763 3819 1827 3879 et
1866 3816 2107 3899 tamen,
2141 3809 2488 3879 fatentibus
2509 3800 2709 3875 omni-

465 3924 616 4008 buS,
641 3934 864 3997 votum
888 3927 1213 4016 castitatis,
1236 3928 1407 4018 quod
1432 3949 1547 4019 per
1574 3948 1909 3997 sacrorum
1934 3927 2243 3995 ordinum
2262 3922 2712 4013 susceptionem

467 4040 676 4109 emitti
723 4048 1043 4129 censetur,
1075 4064 1208 4112 non
1249 4050 1343 4113 est
1385 4044 1670 4111 solemne
1716 4044 1845 4112 nisi
1874 4040 2128 4133 dejure
2151 4038 2583 4109 ecclesiastico
2600 4056 2625 4116 ;
2650 4048 2715 4097 ac

475 4156 745 4248 proinde
773 4168 1002 4248 posset,
1054 4160 1106 4229 si
1155 4156 1445 4228 Ecclesia
1471 4160 1562 4228 ita
1600 4158 1936 4243 statuisset,
1968 4178 2101 4227 esse
2126 4162 2376 4225 tantum
2430 4148 2711 4239 simplex;

462 4273 550 4341 ita
577 4278 652 4340 ut
700 4294 936 4365 nempe
970 4274 1466 4344 matrimonium
1516 4274 1935 4344 subsecutum
1982 4294 2115 4341 non
2150 4271 2507 4340 dirimeret.
2548 4290 2582 4329 α
2610 4258 2716 4328 ΡΟ·

469 4410 506 4452 ι(
533 4388 752 4456 tuisset
783 4388 891 4479 (ait
943 4388 1204 4482 Suarez)
1236 4390 1524 4460 Ecclesia
1563 4391 1897 4460 instituere
1930 4397 2000 4459 ut
2049 4388 2405 4458 sacerdotes
2432 4374 2715 4451 voverent
