2834 4959
353 316 434 372 28
926 283 1266 373 merulis
1303 325 1384 374 DE
1426 327 1577 374 sunt
1620 322 2036 376 nummum.
2088 323 2091 328 ’

351 449 700 540 Scripturae
754 449 1027 519 textibus
1075 451 1532 542 perfectionem
1583 450 2007 521 consiliorum
2054 469 2251 540 supra
2302 457 2631 539 praecepta

355 567 594 656 passim
621 565 1088 634 extollentium.
1141 566 1507 635 Audiamus
1546 567 1819 657 exempli
1851 585 2041 636 causa
2090 563 2164 634 S.
2216 562 2631 652 Cyprianum

355 680 434 748 de
484 679 850 770 virginitate
898 680 1268 770 loquentem
1311 679 1403 772 (1)
1438 705 1455 748 ε
1498 680 1691 750 «Nec
1746 681 1871 750 hoc
1900 679 2087 770 jubet
2130 677 2479 762 Dominus,
2512 677 2633 747 sed

364 823 400 866 α
431 789 766 882 hortaturi
815 820 935 868 nec
976 801 1220 890 jugum
1273 803 1660 870 necessitatis
1706 801 2013 890 imponit,
2061 798 2320 889 quando
2370 803 2639 866 maneat

365 938 402 978 «
425 913 772 984 voluntatis
806 914 1150 983 arbitrium
1192 914 1503 984 liberum.
1552 913 1679 984 Sed
1724 937 1877 984 cum
1916 915 2341 983 habitationes
2384 911 2639 982 multas

367 1051 402 1092 «
429 1031 601 1119 apud
643 1027 900 1098 Patrem
953 1049 1150 1098 suum
1201 1030 1397 1111 dicat,
1441 1029 1732 1098 melioris
1778 1027 2133 1098 habitaculi
2182 1027 2457 1118 hospitia
2514 1027 2641 1096 de-

367 1166 402 1208 «
429 1149 764 1212 monstrat.
819 1143 1202 1212 Habitacula
1247 1144 1368 1212 ista
1415 1143 1681 1213 meliora
1738 1165 1850 1212 vos
1905 1144 2117 1232 petitis
2170 1167 2189 1210 ι
2254 1144 2469 1212 carnis
2526 1141 2642 1210 de·

367 1281 404 1322 α
427 1257 662 1326 sideria
713 1265 1081 1339 castrantes,
1139 1257 1423 1348 majoris
1464 1259 1685 1348 gratiae
1734 1259 2080 1348 praemium
2134 1260 2204 1326 in
2260 1255 2642 1326 coelestibus

369 1401 406 1441 «
430 1373 814 1443 obtinetis...
849 1373 904 1443 Ο
955 1375 1140 1444 bonoe
1177 1375 1574 1464 virginesw.
1630 1395 1775 1464 quae
1822 1372 1955 1443 Deo
1994 1381 2057 1442 et
2100 1373 2357 1444 Christo
2396 1393 2643 1442 vacan-

367 1511 403 1552 α
436 1493 549 1568 tes,
595 1486 676 1554 ad
719 1485 1105 1576 Dominum,
1159 1487 1271 1558 cui
1316 1509 1429 1556 vos
1477 1488 1843 1573 devovistis,
1896 1499 1961 1557 et
1988 1486 2242 1579 majore
2268 1498 2333 1555 et
2360 1487 2643 1557 meliore

372 1631 410 1677 α
429 1617 626 1698 parte
645 1603 1042 1697 praeceditis.
1076 1631 1113 1672 ιο
1156 1607 1321 1676 Item
1366 1605 1437 1676 S.
1491 1606 1915 1676 Ambrosium
1962 1607 2053 1698 (2)
2092 1631 2110 1675 x
2162 1631 2199 1672 a
2240 1605 2641 1676 Honor-abile

371 1747 404 1786 α
433 1722 648 1811 itaque
675 1720 1080 1813 conjugium,
1113 1721 1222 1790 sed
1251 1720 1714 1790 honorabilior
1738 1721 2156 1811 integritas...
2204 1719 2391 1802 Quod
2430 1723 2637 1812 igitur

371 1863 406 1901 α
433 1836 682 1905 bonum
709 1841 824 1921 est,
859 1857 988 1904 non
1043 1837 1386 1906 vitandum
1415 1842 1544 1916 est3
1586 1837 1760 1928 quod
1804 1843 1899 1906 est
1939 1836 2199 1922 melius,
2256 1836 2640 1926 eligendum

373 1977 408 2015 «
433 1958 549 2018 est.
607 1951 826 2041 ltaque
868 1974 1000 2020 non
1063 1952 1447 2042 imponitur,
1498 1952 1607 2019 sed
1652 1951 2094 2044 praeponitur.
2146 1951 2227 2020 Et
2272 1951 2415 2019 ideo
2470 1949 2647 2018 bene

371 2091 406 2130 α
435 2065 778 2154 Apostolus
805 2066 1008 2134 dixit:
1051 2069 1148 2143 De
1178 2065 1547 2154 virqinibus
1565 2079 1983 2158 praeceptum
2008 2066 2283 2136 Domini
2326 2089 2462 2134 non
2514 2066 2645 2134 Ιια-

257 2223 268 2228 -
375 2203 410 2244 «
437 2179 575 2264 beo,
607 2181 954 2248 consilium
977 2193 1204 2248 autem
1229 2180 1336 2249 do.
1371 2182 1632 2250 Etenim·
1664 2189 2054 2274 praeceptum
2086 2185 2157 2251 in
2182 2181 2485 2251 subditos
2512 2183 2645 2251 fer·

373 2320 410 2360 «
437 2301 569 2375 tur,
602 2295 945 2364 consilium
977 2293 1211 2365 amicis
1234 2297 1448 2365 datur.
1504 2295 1631 2366 Ubi
1658 2305 2053 2389 praeceptum
2078 2305 2195 2381 est,
2226 2297 2317 2366 ibi
2343 2298 2451 2366 lex
2490 2308 2595 2368 est
2624 2323 2643 2367 ε

377 2435 413 2476 «
441 2409 554 2478 ubi
600 2408 972 2494 consilium,
1030 2410 1126 2478 ibi
1172 2411 1401 2500 qratia
1456 2419 1631 2482 est...
1686 2412 1786 2480 En
1808 2412 1929 2481 tibi
1978 2412 2311 2482 distantia
2340 2417 2649 2505 praeoepti

377 2553 412 2592 «
439 2533 630 2616 atque
675 2527 1010 2596 consilii...
1061 2527 1188 2608 Qui
1253 2536 1649 2619 praeceptum
1705 2529 2141 2620 impleverint,
2206 2538 2474 2621 possunt
2542 2531 2651 2600 di-

378 2665 414 2706 «
440 2663 584 2710 cere
621 2665 639 2709 ι
679 2643 874 2711 Servi
897 2643 1167 2712 inutiles
1187 2666 1416 2712 sumus
1428 2665 1459 2729 ,·
1482 2643 1659 2734 quod
1682 2643 2029 2713 debuimus
2052 2646 2297 2736 facere,
2328 2646 2643 2736 fecimus.

377 2779 414 2820 ι(
439 2753 578 2825 Hoc
616 2759 799 2848 virgo
845 2778 976 2826 non
1019 2757 1199 2843 dicit,
1251 2781 1382 2828 non
1429 2759 1590 2827 dicit
1631 2759 1741 2828 ille
1781 2758 1895 2848 qui
1946 2759 2116 2828 bona
2162 2781 2280 2828 aua
2309 2762 2644 2844 vendidit;

377 2895 412 2936 (t
439 2871 551 2940 sed
585 2873 766 2961 quasi
818 2873 1091 2963 reposita
1135 2880 1451 2964 exspectat
1500 2874 1768 2964 praemia
1789 2924 1809 2961 ,
1842 2873 2007 2942 sicut
2052 2883 2315 2944 sanctus
2365 2877 2651 2966 Aposto-

379 3010 414 3051 «
441 2985 570 3069 lus,
597 2987 714 3076 qui
745 2987 878 3055 ait:
907 2989 1076 3056 Ecce
1101 3009 1222 3056 nos
1237 2987 1625 3079 reliquimus
1655 2987 1911 3076 omnia,
1948 2999 2014 3056 et
2038 2989 2245 3057 secuti
2269 3011 2505 3060 sumus
2540 3006 2607 3063 te
2624 3015 2647 3061 .·

379 3125 414 3165 α
441 3099 608 3190 quid
632 3123 784 3192 erqo
819 3103 946 3170 erit
986 3103 1169 3172 nobis
1196 3108 1230 3170 Ρ
1255 3102 1400 3172 Νοιι
1431 3107 1618 3192 quasi
1642 3103 1903 3172 inutilis
1926 3125 2262 3191 servus,...
2296 3105 2408 3173 sed
2452 3110 2650 3196 quasi

381 3239 418 3280 α
443 3217 620 3286 utilis
645 3217 949 3286 Domino,
985 3243 1020 3284 »
1077 3217 1350 3288 Sanctus
1401 3239 1553 3287 vero
1607 3219 2068 3308 HieronymuS,
2112 3220 2417 3290 adversus
2468 3221 2653 3293 Jovi-

369 3329 646 3398 nianum
689 3333 1094 3414 haereticum,
1149 3334 1487 3402 docentem
1542 3333 1861 3424 oirqines,
1896 3332 2133 3402 viduas
2163 3346 2230 3402 et
2250 3336 2647 3422 maritatas,

373 3467 520 3536 quae
573 3447 772 3516 semel
821 3451 889 3517 in
955 3447 1211 3517 Christo
1260 3449 1404 3518 lotae
1448 3457 1622 3534 sunt,
1678 3448 1735 3518 si
1790 3471 1925 3518 non
1976 3451 2341 3542 discrepent
2395 3455 2651 3522 caeteris

371 3560 702 3651 operibuS,
733 3563 1018 3652 ejusdem
1062 3585 1196 3632 esse
1229 3565 1446 3632 meriti
1476 3563 1592 3654 (3),
1654 3565 1887 3632 acriter
1924 3585 2041 3632 suo
2078 3585 2258 3633 more
2310 3567 2650 3636 calamum

375 3675 724 3766 stringens,
755 3698 909 3746 curn
959 3678 1086 3745 alia
1107 3679 1336 3772 multa,
1363 3687 1510 3748 tum
1536 3679 1647 3746 illa
1672 3681 1743 3746 in
1770 3700 1909 3747 rem
1944 3687 2225 3748 nostram
2254 3681 2479 3749 scribit
2506 3682 2645 3774 (4):

385 3813 422 3853 «t
453 3789 764 3882 Proponit
805 3790 1135 3872 ἀγωνοθέτης
1180 3795 1556 3883 praemium,
1610 3794 1837 3862 invitat
1878 3791 1961 3861 ad
2002 3813 2292 3874 cursum,
2344 3804 2521 3864 tenet
2580 3797 2648 3864 in

389 3929 426 3972 α
447 3927 647 3976 manu
695 3907 1082 3998 virginitatis
1126 3906 1460 3996 bravium,
1442 3935 1458 3950 ·
1508 3910 1786 3996 ostendit
1819 3909 2245 3999 purissimum
2280 3911 2555 3994 fontem,
2588 3919 2651 3982 et

438 4114 780 4178 (υῡειιαὸκι
811 4122 892 4171 vir
843 4137 968 4187 my
987 4135 1102 4188 pag.
1134 4127 1294 4201 ιεορι
1329 4127 1435 4176 181.

441 4207 514 4271 (2)
543 4207 616 4256 De
642 4207 825 4271 viduis,
847 4225 959 4276 cap.
997 4215 1072 4272 12.
1098 4214 1224 4265 tom.
1246 4214 1537 4282 2Qperum‚
1570 4211 1665 4265 col.
1700 4157 2325 4275 2⁰5,edtt.h{aur.,1690.

439 4294 1158 4362 (aiAdvers.Jovve·m'.an,.11b
1193 4307 1239 4365 1,
1272 4313 1415 4356 ιιιιιιι.
1443 4307 1493 4366 3,
1512 4309 1637 4354 tom.
1673 4303 1839 4367 ²09„
1867 4301 1959 4353 col.
1987 4305 2096 4363 2⁴1,
2116 4301 2237 4354 edit.
2260 4301 2468 4354 vallars.

452 4385 520 4448 (⁴)
555 4385 716 4447 ibid„
740 4397 884 4438 num.
909 4391 988 4453 12,
1019 4389 1112 4442 col.
1133 4393 1248 4444 25⁷.
