2834 4959
1152 364 1305 413 Pus
1348 364 1592 414 TERTIA.
2383 367 2418 418 4
2429 366 2460 418 7
2471 366 2508 421 ὅ

234 486 453 569 stione,
510 502 598 553 an
646 480 967 552 solemnia
1022 485 1205 573 prius
1252 485 1500 555 fuerint
1542 486 2036 581 Trappistarum
2087 498 2234 561 vota
2269 514 2288 563 ε
2351 516 2506 587 ergo

236 599 495 670 dubiam
538 596 765 669 saltem
838 596 1068 667 habuit
1143 598 1623 685 solemnitatem
1677 602 1890 673 illam.
1941 642 2030 661 -·-
2077 605 2497 698 Respondeo:

232 734 395 805 nego
418 731 847 803 consequens.
879 708 1097 783 Potuit
1122 734 1405 805 namque
1449 716 1924 789 solemnitatem
1969 718 2151 790 illam
2175 744 2296 812 pro
2332 732 2506 796 certa

233 830 491 911 habere,
536 833 600 897 et
640 834 861 897 tamen
896 828 980 897 ob
1031 829 1349 920 quasdam
1402 830 1924 907 circumstantias
1979 836 2334 929 prudenter
2384 861 2504 932 pro

234 950 393 1013 tunc
413 943 493 1013 ab
520 943 705 1013 omni
734 941 1117 1035 proferendo
1155 943 1279 1013 hac
1303 945 1383 1014 de
1410 968 1486 1015 re
1503 948 1754 1037 judicio
1795 948 2137 1019 abstinere.
2185 950 2505 1024 Caeterum

228 1057 475 1129 etiamsi
512 1078 657 1127 rem
691 1057 963 1128 dubiam
996 1057 1325 1130 habuisset
1350 1065 1510 1131 tunc
1553 1060 1884 1132 Romanus
1912 1062 2224 1152 Pontifex,
2263 1067 2333 1135 id
2372 1088 2504 1138 non

232 1175 437 1265 magis
464 1174 691 1243 falsam
730 1194 933 1264 quam
960 1193 1184 1245 veram
1225 1174 1526 1266 probaret
1565 1171 2054 1249 c6nclusionem
2093 1189 2405 1269 nostram,
2433 1190 2507 1253 ut

232 1296 417 1381 patet.
2497 1337 2504 1343 -

322 1403 607 1497 Objicies
632 1403 724 1472 2⁰.
752 1442 843 1455 -
880 1402 1097 1473 Refert
1132 1403 1217 1473 D.
1258 1402 1552 1475 Carriere
1597 1405 1704 1497 (de
1728 1408 2029 1498 Iustitia,
2053 1431 2122 1478 n.
2155 1410 2316 1496 223,
2349 1434 2498 1504 pag.

234 1519 363 1590 347
385 1519 537 1590 edit.
581 1518 809 1609 1839),
830 1538 1216 1609 responsum
1252 1521 1580 1611 quoddam
1620 1519 1834 1597 Sacrae
1859 1522 2396 1617 congregationis
2420 1528 2506 1597 de

198 1636 638 1729 ‘propaganda
678 1636 847 1719 fide,
897 1655 1031 1726 quo
1084 1634 1279 1729 plane
1330 1636 1656 1728 simplicia
1707 1646 2172 1731 supponuntur
2220 1638 2504 1733 Trappi-

232 1757 480 1821 starum
526 1758 695 1822 vota.
746 1750 847 1821 En
888 1751 1134 1821 laudati
1181 1753 1462 1823 auctoris
1511 1753 1753 1823 verba:
1813 1778 1850 1821 ι(
1895 1755 2217 1825 Postulata
2256 1758 2382 1827 fuit
2423 1758 2508 1827 ab

239 1892 279 1933 a
308 1865 627 1956 Episcopo
658 1864 745 1936 N.
773 1864 1165 1959 dispensatio
1194 1886 1390 1957 super
1416 1867 1582 1935 votis
1635 1868 1888 1937 emissis
1919 1890 1957 1937 a
1981 1868 2268 1959 quodam
2311 1870 2508 1940 fratre

245 2004 286 2045 α(
316 1980 387 2047 in
437 2000 553 2048 sua
594 1979 981 2070 professione
1028 1981 1101 2051 in
1144 1987 1471 2051 conventu
1512 1978 2014 2072 Trappensium.
2071 1982 2390 2053 Caeterum
2433 1983 2506 2051 in

236 2119 273 2159 (ι
304 2092 527 2163 libello
560 2094 837 2187 supplici
886 2096 1255 2166 nullatenus
1294 2095 1781 2189 exprimebatur
1821 2116 1909 2166 an
1948 2102 2092 2166 vota
2139 2096 2252 2166 illa
2293 2106 2508 2167 essent

236 2236 276 2276 ι
306 2207 655 2300 simplicia,
695 2231 781 2279 an
816 2210 1151 2281 solemnia.
1184 2210 1325 2282 Hoc
1350 2217 1568 2282 autem
1602 2212 1726 2281 fuit
1759 2234 2192 2307 responsum:
2234 2212 2348 2281 Eae
2372 2236 2508 2282 au-

238 2324 557 2395 «dientia
590 2328 721 2397 SS.
764 2326 1007 2396 habita
1031 2327 1121 2397 24
1163 2328 1411 2421 aprilis
1450 2328 1647 2417 1831,
1679 2332 1806 2401 SS.
1853 2334 1938 2399 D.
1987 2332 2076 2403 N.
2122 2330 2502 2422 Greqorius,

238 2466 275 2508 (ι
306 2440 547 2511 divina
596 2441 1033 2534 providentia
1082 2448 1279 2537 Papa
1327 2448 1399 2515 X
1407 2449 1518 2533 VJ,
1558 2447 1876 2537 referente
1921 2469 2026 2517 me
2079 2444 2514 2537 infrascripto

220 2582 271 2625 «a
308 2560 383 2627 S.
408 2558 957 2651 Conqreqationis
979 2558 1059 2629 de
1070 2561 1526 2651 propaqcmda
1539 2562 1678 2652 fide
1691 2561 2067 2644 secretari0‚
2085 2584 2196 2631 ma
2205 2574 2514 2655 cureper-

235 2699 270 2739 (ι
292 2675 512 2765 pensis
527 2676 851 2768 expositis
858 2727 879 2765 ,
897 2676 1177 2769 benique
1193 2676 1448 2744 remisit
1455 2696 1682 2767 preces
1701 2676 1984 2744 arbitrio
2008 2688 2074 2744 et
2093 2677 2508 2746 conscientia?

235 2814 269 2855 α
309 2791 393 2857 R.
428 2790 504 2859 P.
528 2793 611 2859 D.
646 2790 963 2883 Episcopi
980 2793 1053 2864 N
1054 2842 1069 2861 .
1104 2812 1257 2877 cum
1296 2788 1742 2882 facultatibus
1769 2789 2146 2859 necessariis
2175 2801 2239 2857 et
2263 2810 2506 2879 oppor-

234 2927 271 2971 ((
304 2902 514 2992 tuna,
540 2915 621 2973 ut
654 2906 715 2975 si
753 2906 1141 2999 compererit
1184 2928 1343 2976 vera
1378 2926 1514 2976 esse
1548 2914 1859 2994 narrata,
1889 2903 2276 2995 dispensare
2296 2904 2509 2993 possit

228 3044 265 3084 α
296 3040 455 3089 cum
492 3032 760 3090 oratore
782 3043 983 3113 super
1010 3022 1179 3090 votis
1222 3020 1644 3112 simplicibus
1677 3018 1934 3089 missis
1963 3017 2038 3087 in
2059 3015 2504 3121 pmfyione,

230 3160 265 3201 t(
292 3146 365 3203 et
376 3136 755 3227 praesertim
772 3158 975 3228 super
1000 3148 1151 3207 voto
1178 3136 1474 3229 simplici
1486 3146 1829 3229 perpetum
1851 3134 2204 3205 castitatis.
2231 3130 2328 3202 lbi
2354 3155 2428 3201 su
2436 3155 2508 3223 p-

234 3277 269 3317 (ι
296 3250 567 3343 ponitur
594 3250 919 3344 simplicia
936 3272 1072 3323 esse
1098 3256 1243 3321 vota
1261 3250 1764 3343 Trappensium.
1789 3276 1828 3319 n

318 3364 721 3455 Respondw.
747 3404 839 3419 —-
878 3366 953 3437 ln
990 3367 1353 3441 enarrando
1397 3366 1522 3435 hoc
1556 3367 1722 3437 facto
1777 3366 2182 3457 praetermisit
2210 3363 2292 3437 D.
2343 3366 2506 3436 Car-

222 3476 401 3547 riere
424 3500 531 3549 eas
582 3483 842 3571 praecise
885 3480 1433 3565 circumstantias»,
1465 3502 1612 3571 quae
1655 3480 1984 3572 praecipue
2013 3482 2096 3551 ad
2135 3502 2276 3554 rem
2317 3479 2510 3547 facie-

223 3594 411 3663 bant.
438 3594 699 3667 Etenim
722 3618 857 3667 non
903 3596 1065 3668 dixit
1097 3619 1183 3667 an
1224 3602 1521 3687 ageretur
1569 3596 1648 3667 de
1693 3600 2043 3683 conventu,
2074 3595 2146 3662 in
2189 3613 2320 3684 quo
2369 3612 2510 3661 mos

224 3709 432 3779 fuerit
457 3712 707 3801 fratres
751 3734 1088 3785 conversos
1116 3713 1199 3784 ad
1232 3712 1694 3806 professionem
1731 3709 2090 3802 recipiendi
2138 3728 2292 3778 cum
2347 3707 2508 3777 votis

224 3823 543 3896 duntaxat
568 3827 977 3919 simplicibus
999 3854 1018 3917 ;
1052 3834 1113 3899 et
1139 3850 1303 3899 num
1324 3828 1542 3919 frater
1567 3827 1648 3898 de
1687 3849 1819 3918 quo
1845 3828 2060 3918 agitur
2103 3822 2297 3893 fuerit
2333 3844 2508 3893 unus

224 3940 319 4011 de
345 3939 423 4009 iis
446 3944 779 4034 fratribus
800 3945 1151 4015 convenis.
1184 3943 1281 4015 Ex
1306 3945 1432 4014 hoc
1459 3943 1596 4013 solo
1633 3942 1841 4035 capite
1879 3941 2362 4012 conclusionem
2395 3940 2510 4009 do-

226 4055 403 4125 mini
460 4056 751 4129 Carriere
795 4060 1078 4153 explodit
1130 4058 1540 4129 Reverendus
1594 4056 1781 4127 Pater
1831 4054 2208 4127 Gautrelet:
2271 4080 2306 4121 ι(
2333 4052 2512 4123 Cette

234 4196 275 4238 ι(
308 4170 625 4260 decision,
659 4176 901 4267 inquit,
931 4196 1015 4244 ne
1042 4176 1451 4268 supposerait
1487 4194 1602 4265 pas
1641 4174 2184 4243 necessairemcnt
2203 4170 2296 4239 les
2319 4190 2508 4241 voeux

231 4307 273 4347 α
318 4282 431 4352 des
470 4283 841 4379 Trappistes
888 4288 1179 4379 simples,
1228 4287 1321 4357 les
1366 4306 1560 4356 voeux
1598 4284 1712 4355 des
1758 4282 1986 4355 Freres
2049 4287 2332 4373 pouvant
2375 4284 2511 4351 etro*

234 4422 277 4461 a
316 4396 647 4473 differente
688 4405 769 4473 de
796 4424 958 4475 ceux
984 4404 1095 4475 des
1138 4400 1353 4487 Perea,
1390 4422 1650 4471 comme
1674 4401 1721 4471 il
1749 4406 1846 4471 est
1871 4397 2114 4470 certain
2147 4418 2263 4491 par
2299 4396 2362 4469 le
2393 4394 2510 4479 de:-
