2834 4959
1085 378 1238 428 PARS
1285 378 1525 437 QUARTA
1533 409 1548 426 .
2338 378 2373 432 5
2382 375 2417 430 7
2430 378 2463 430 5

1239 675 1282 766 g
1311 674 1421 743 111.

191 879 264 930 De
283 878 466 928 litteris
483 874 908 927 testimonialibus
929 875 1177 940 Episcopi,
1201 887 1330 938 quas
1349 877 1556 940 insuper
1582 878 1893 928 necessarias
1910 875 2027 928 tecit
2042 876 2161 930 Pius
2178 877 2241 928 lX
2258 877 2470 932 feliciter

1221 973 1459 1026 regnans.

287 1197 346 1263 1⁰
376 1194 486 1264 Sic
525 1195 720 1263 habet
767 1195 1101 1262 decretum
1149 1193 1272 1264 hac
1325 1196 1405 1264 de
1448 1219 1517 1265 re
1549 1195 1751 1267 latum
1790 1198 1877 1268 25
1922 1199 2205 1292 januarii
2247 1201 2464 1270 1848:

190 1315 402 1382 Nemo
439 1309 534 1380 ad
556 1310 868 1380 habitum
899 1308 1312 1378 admittatur
1349 1311 1594 1404 absque
1630 1314 2183 1384 testimonialibus
2226 1315 2468 1384 litteris

193 1443 338 1496 tum
377 1427 728 1495 Ordinmii
743 1425 1037 1516 on‘qinis,
1073 1436 1219 1493 tum
1245 1426 1449 1494 etiam
1490 1427 1841 1498 ordinarii
1869 1431 2017 1518 loci,
2050 1431 2125 1498 in
2159 1453 2287 1522 quo
2312 1453 2465 1524 pos-

193 1541 445 1628 tulans,
464 1553 623 1632 post
649 1541 996 1632 expletum
1037 1537 1364 1609 decimum
1399 1543 1712 1632 quintum
1746 1567 2001 1614 annum
2038 1545 2260 1614 oetatis
2300 1569 2462 1630 suoe,

187 1655 375 1725 ultra
401 1677 662 1725 annum
691 1665 998 1722 moratus
1027 1653 1260 1743 fuerit.

279 1775 344 1842 2⁰
390 1771 530 1842 Hac
607 1770 1022 1864 dispositione
1089 1771 1505 1860 attinguntur
1562 1775 1758 1842 etiam
1824 1777 2347 1864 congregationes
2393 1777 2465 1844 in

188 1890 434 1980 quibus
461 1887 792 1976 simplicia
810 1887 1116 1955 duntaxat
1154 1892 1298 1955 vota
1327 1887 1533 1956 emitti
1564 1888 1769 1957 solent
1798 1889 1967 1981 (vide
1995 1911 2065 1960 n.
2104 1893 2135 1958 1
2172 1891 2460 1982 decreti).

284 2002 351 2072 3⁰
393 2001 540 2071 Non
581 2005 797 2068 tamen
838 2001 958 2070 sub
1001 2023 1076 2072 ea
1103 2001 1565 2093 comprehendi
1599 2005 1903 2072 videntur
1942 2005 2274 2086 moniales,
2310 2027 2467 2073 cum

190 2117 454 2210 deipsis
477 2115 660 2185 nulla
685 2137 972 2206 expresse
999 2119 1244 2188 mentio
1273 2117 1408 2188 fiat.

201 2295 206 2300 .
279 2233 344 2301 4⁰
384 2231 472 2301 Vi
505 2231 704 2322 hujus
733 2229 964 2300 decreti
1008 2251 1140 2322 non
1189 2231 1574 2322 requiritur,
1601 2231 1682 2302 ad
1714 2232 2077 2323 legitimam
2125 2229 2463 2324 postulan-

187 2353 269 2421 tis
316 2341 806 2434 admissionem,
838 2349 1143 2443 Episcopi
1181 2373 1531 2422 consensus
1571 2360 1680 2422 aut
1716 2354 2119 2446 approbatiO,
2149 2352 2259 2422 sed
2286 2351 2465 2420 dun-

185 2475 358 2536 taxat
383 2467 811 2556 requiruntur
839 2467 1300 2538 testimoniales
1329 2468 1534 2560 ipsius
1560 2469 1811 2541 litterae.

278 2583 345 2652 5ο
401 2582 845 2674 Requiruntur
909 2585 1044 2652 istae
1084 2584 1313 2652 litterae
1342 2585 1423 2652 ad
1470 2585 1823 2656 liceitatem'
1857 2589 2294 2677 admissionis,
2332 2613 2467 2662 non

183 2703 404 2768 autem
451 2697 534 2767 ad
577 2698 997 2780 validitatem,
1039 2696 1215 2766 unde
1257 2717 1392 2765 non
1434 2703 1643 2787 posset
1695 2700 1840 2787 quis
1882 2705 2288 2789 professionis
2336 2729 2467 2776 suae

181 2812 554 2883 nullitatem
617 2813 1040 2905 praetendere,
1101 2835 1176 2883 ex
1223 2833 1300 2883 eo
1349 2811 1526 2904 quod
1578 2813 1899 2882 admissus
1952 2817 2179 2887 fuisset
2226 2818 2467 2910 absque

180 2927 448 3020 praeviis
480 2929 800 3019 ejusmodi
832 2928 1086 2997 litteris.

274 3041 345 3110 6⁰
374 3039 631 3113 Referre
671 3041 860 3111 debet
881 3041 1242 3133 Episcopus
1288 3043 1358 3109 in
1392 3042 1467 3110 iis
1496 3041 1724 3110 litteris
1746 3039 1825 3108 de
1852 3043 2238 3129 postulantis
2265 3056 2468 3114 nata-

179 3159 386 3240 libus,
439 3168 662 3247 oetate,
731 3158 1052 3245 moribus,
1109 3157 1276 3242 vita,
1323 3160 1542 3248 fama,
1598 3152 1999 3237 conditione,
2056 3157 2463 3250 educatione,

175 3274 484 3361 scientia,
503 3297 596 3342 an
617 3273 706 3341 sit
719 3273 1073 3365 inquisitus
1096 3273 1322 3364 aliqua
1341 3295 1641 3354 censura,
1664 3271 2163 3361 irreqularitate
2187 3289 2311 3346 aut
2332 3277 2467 3347 alio

179 3391 506 3460 canonico
549 3387 1020 3481 impedimento
1080 3387 1406 3474 irretitus,
1465 3410 1594 3455 oere
1642 3385 1868 3454 alieno
1911 3404 2262 3480 qravatuS,
2324 3393 2469 3463 red-

179 3503 424 3580 dendoe
473 3504 753 3595 alicujus
794 3501 1400 3572 administrationis
1434 3502 1690 3570 rationi
1730 3501 2051 3572 obnoxius
2106 3508 2201 3596 (n.
2234 3508 2328 3595 2).

282 3622 351 3688 7⁰
375 3619 641 3690 Dictum
677 3619 1011 3688 decretum
1055 3619 1334 3687 formam
1387 3615 1550 3707 legis
1602 3616 1983 3686 universalis
2032 3619 2245 3688 habet.
2279 3620 2466 3702 Quod

179 3741 254 3810 ad
267 3743 596 3816 notamus,
629 3736 783 3824 quia
803 3735 1032 3804 eodem
1063 3734 1168 3803 die
1198 3734 1402 3803 latum
1428 3738 1521 3802 est
1553 3731 1733 3801 aliud
1760 3733 2093 3804 decretum
2117 3737 2467 3828 respiciens

177 3856 496 3924 duntaxat
523 3847 718 3918 ltaliae
743 3855 806 3919 et
830 3848 1263 3941 adjacentium
1293 3848 1665 3918 insularum
1692 3849 2039 3938 regulares.

279 3965 348 4035 8⁰
377 3961 527 4032 Haec
555 3960 654 4032 Pii
679 3963 776 4032 IX
814 3964 1147 4056 dispositio
1173 3985 1311 4034 non.
1343 3965 1511 4034 tollit
1534 3963 1987 4055 obligationem
2037 3963 2314 4034 faciendi
2358 3967 2467 4036 in-

185 4075 630 4158 formationes,
693 4076 772 4145 de
836 4081 988 4169 jure
1045 4078 1384 4148 communi
1444 4098 1643 4168 supra
1699 4077 1981 4167 exposito
2030 4079 2463 4166 necessarias;

185 4194 372 4264 nullo
418 4193 600 4263 enim
650 4191 848 4260 verbo
902 4193 1072 4262 hanc
1135 4193 1593 4285 obligationem
1654 4192 1944 4280 abrogat.
2005 4191 2192 4262 Unde
2246 4195 2461 4280 hodie,

185 4332 346 4381 cum
374 4310 502 4380 illis
525 4309 1505 4380 informationibus·necessariae
1545 4306 1741 4376 simul
1780 4313 1935 4376 sunt
1960 4307 2266 4402 Episcopi
2292 4314 2467 4382 testi-

194 4425 508 4494 moniales
535 4427 784 4498 litterae.
