2834 4959
383 269 473 361 64.
955 286 1291 359 rmcraru's
1335 312 1415 358 m:
1460 312 1609 358 suas
1646 309 2059 357 REGULARmM.

391 460 425 499 ‹<
450 434 584 502 lem
634 454 785 502 eum
832 432 1210 525 judicando,
1269 435 1566 525 erigeret,
1618 439 1680 503 et
1722 413 1924 503 socios
1978 431 2317 519 reciperet,
2374 429 2493 521 qui
2546 448 2646 497 se-

393 576 427 615 (ε
457 573 606 617 cum
649 549 840 617 illum
887 548 1422 641 profiterentur...
1474 549 1917 619 Nihilominus
1968 554 2187 615 tamen
2233 546 2309 615 ad
2362 545 2653 636 praelato-

399 686 606 733 «rum
637 662 941 733 Ecclesiae
975 686 1198 733 curam
1229 665 1642 756 pertinuisset
1666 671 1824 731 tunc
1860 663 2053 731 talem
2074 660 2649 741 introductionem,

399 810 430 848 α
459 780 816 873 praesertim
880 804 1032 850 cum
1083 781 1449 851 extensione
1496 787 1557 849 et
1598 780 2054 873 propagatione
2108 800 2240 845 non
2288 777 2649 863 admittere,

398 926 432 965 ι(
463 900 669 967 donec
739 896 820 965 ab
891 900 984 966 eis
1031 901 1512 967 examinaretur
1556 906 1617 965 et
1668 897 2091 987 probaretur3
2136 893 2290 983 quia
2344 896 2463 961 hoc
2514 892 2655 961 sine

398 1043 434 1084 ι(
461 1014 659 1084 dubio
702 1037 812 1106 per
867 1036 932 1082 se
969 1014 1404 1083 necessarium
1448 1020 1541 1082 est
1583 1012 1664 1081 ad
1712 1013 1960 1081 bonum
1995 1010 2297 1079 Ecclesiae
2324 1011 2650 1099 regimem

401 1140 526 1203 «et
569 1132 712 1201 ideo
771 1132 834 1199 in
898 1132 1188 1223 praelatos
1234 1130 1533 1199 Ecclesiae
1586 1152 1716 1198 non
1747 1129 1941 1197 deest
1980 1134 2251 1219 potestas
2302 1126 2380 1195 ad
2425 1124 2659 1217 prohi-

402 1280 437 1319 «
466 1250 710 1320 bendos
749 1248 868 1317 hos
916 1226 1175 1316 vivendi
1224 1247 1447 1317 modos
1502 1268 1635 1317 non
1684 1248 2099 1334 examinatos,
2134 1268 2255 1315 nec
2296 1267 2411 1337 per
2438 1242 2663 1312 Eccle-

403 1396 436 1435 α
464 1370 653 1447 siam,
708 1364 777 1433 id
821 1369 916 1433 est
947 1362 1249 1432 Ecclesiae
1278 1371 1583 1455 pastores,
1636 1362 2040 1454 approbatos.
2066 1386 2102 1429 ³>
2142 1361 2263 1453 (De
2288 1361 2657 1453 Reliqione,

400 1488 670 1553 tractatu
744 1478 812 1561 7,
868 1478 918 1547 l.
977 1482 1056 1565 2,
1119 1501 1179 1547 c.
1239 1478 1346 1562 15,
1416 1498 1485 1545 n.‘
1558 1477 1693 1567 15.)
1746 1476 1876 1546 Nos
1926 1499 2056 1545 non
2112 1498 2453 1565 negamus,
2496 1499 2666 1545 sem·

398 1622 512 1692 per
574 1598 858 1691 potuisse
941 1592 1239 1662 Ecclesiae
1301 1600 1585 1685 pastores
1644 1594 1793 1661 novi
1865 1592 2111 1661 ordinis
2176 1593 2470 1662 nondum
2548 1616 2665 1684 ap—

400 1688 649 1807 probati
730 1712 1273 1781 introductionem
1351 1710 1714 1801 prohibere.
1784 1708 1909 1778 Sed
1962 1732 2185 1778 casum
2250 1708 2670 1800 expendendo

401 1831 759 1901 introducti
783 1831 879 1927 de
915 1830 1080 1899 l'acto
1116 1828 1269 1899 novi
1314 1827 1563 1897 ordinis
1597 1826 1841 1917 absque
1890 1825 2156 1895 illorum
2208 1826 2667 1917 prohibitione,

406 1950 688 2019 dicimus
739 1921 1210 2039 agnoscendam
1255 1946 1322 2013 in
1371 1967 1445 2013 eo
1489 1966 1623 2012 esse
1664 1950 1861 2011 totam
1910 1943 2390 2032 religiosistatus
2438 1965 2673 2013 essen-

404 2066 585 2153 tiam,
655 2066 744 2133 ita
801 2072 876 2133 ut
933 2084 1168 2151 nempe
1219 2058 1699 2151 approbationis
1780 2082 2085 2151 expressae
2154 2060 2438 2129 delectus
2466 2060 2677 2127 'illam

412 2176 753 2247 essentiam
791 2200 923 2245 non
969 2177 1238 2263 auferat,
1269 2174 1477 2245 ,modo
1504 2176 1660 2245 alias
1686 2198 1823 2245 non
1850 2176 2061 2247 desint
2086 2182 2328 2247 caeterae
2354 2175 2679 2267 requisitae

409 2295 830 2365 conditiones.

502 2404 884 2477 Pnorosmo
893 2385 1029 2473 XF.
1047 2442 1132 2456 —
1155 2403 1489 2497 Obliqatio
1509 2404 1841 2496 reciproca
1854 2404 2237 2497 reliqiosum
2248 2405 2423 2475 inter
2432 2417 2497 2475 et
2506 2430 2682 2475 com-

419 2524 846 2605 munitatem,
882 2546 1013 2614 qua
1058 2544 1294 2615 nempe
1318 2544 1453 2591 non
1486 2535 1754 2591 tantum
1789 2520 2135 2612 reliqiosus
2178 2535 2485 2593 teneatur
2520 2548 2684 2613 per-

418 2664 685 2710 manere
715 2639 789 2707 in
822 2636 1074 2728 ordine,
1103 2637 1218 2708 sed
1245 2637 1405 2707 ordo
1443 2638 1723 2707 vicissim
1740 2638 1937 2706 illum
1955 2662 2089 2707 non
2116 2640 2365 2731 ejicere,
2390 2640 2486 2709 ad
2518 2641 2687 2711 reli-

421 2757 593 2851 qiosi
611 2765 830 2827 status
861 2755 1314 2825 substantiam
1335 2779 1471 2827 non
1478 2756 1803 2847 pertinet.
1838 2794 1921 2807 -
1954 2754 2373 2827 «Dicendum
2396 2812 2415 2846 ,
2448 2758 2529 2827 ad
2562 2758 2689 2827 hoc

429 2903 464 2943 α
489 2882 562 2944 ut
592 2875 825 2967 aliquis
864 2876 950 2943 sit
977 2896 1120 2943 vere
1147 2895 1221 2942 ac
1249 2874 1507 2965 proprie
1538 2872 1903 2961 religiosuS,
1940 2874 2232 2944 sufficere
2261 2875 2319 2944 si
2352 2875 2577 2945 saltem
2612 2896 2689 2944 ex

433 3020 466 3059 α
493 3000 670 3085 parte
700 2990 986 3061 voventis
1013 2990 1200 3059 detur
1238 2990 1543 3079 obligatio
1568 2996 1876 3080 perpetuo
1904 2992 2207 3059 manendi
2236 2993 2309 3059 in
2344 2990 2687 3081 religione,

433 3134 467 3173 «t
489 3107 638 3178 licet
663 3108 894 3198 religio
922 3126 1053 3175 non
1085 3106 1318 3175 habeat
1343 3104 1629 3175 vicissim
1662 3105 2120 3194 obligationem
2148 3106 2511 3175 absolutam
2534 3128 2693 3175 eum

433 3233 800 3315 «perpetuo
848 3224 1194 3293 retinendi.
1243 3222 1340 3291 Ita
1391 3220 1629 3291 Suarez
1676 3220 1873 3311 (tomo
1920 3222 1961 3292 3
2002 3222 2089 3317 de·
2124 3224 2484 3315 Reliqione,
2536 3224 2582 3291 l.
2618 3224 2691 3305 2,

437 3364 470 3404 ε(
498 3338 789 3421 c.14,'n.
831 3338 963 3431 12),
992 3339 1278 3409 Sauchez
1303 3337 1372 3431 (1.
1399 3338 1445 3407 5
1470 3337 1826 3423 Moral.,c.
1865 3340 1929 3420 1,
1962 3362 2033 3407 n.
2065 3338 2208 3431 26),
2230 3340 2489 3409 Lessius
2512 3339 2585 3431 (l.
2622 3340 2692 3423 2,

437 3482 469 3523 α
499 3453 864 3523 delustitz'a
907 3468 972 3523 et
1007 3458 1190 3539 lure,
1222 3477 1279 3525 c.
1323 3456 1440 3540 41,
1487 3478 1553 3524 n.
1598 3456 1695 3545 8),
1740 3455 2052 3545 Pirrhing
2080 3454 2240 3547 (hic,
2286 3480 2354 3526 n.
2388 3456 2481 3547 6).
2512 3456 2697 3525 Ratio

441 3598 474 3640 t<
500 3580 618 3659 est,
652 3570 806 3663 quia
833 3572 914 3640 ad
958 3580 1192 3641 statum
1228 3572 1607 3663 religiosum
1658 3591 1789 3642 non
1832 3574 2185 3662 requiritur
2214 3576 2421 3664 major
2448 3579 2700 3643 immo·-

442 3691 736 3778 «bilitas,
785 3710 980 3779 quam
1033 3708 1179 3778 quae
1212 3688 1561 3771 requiritur
1585 3689 1664 3757 ad
1702 3694 1936 3757 statum
1981 3690 2053 3757 in
2095 3712 2346 3780 genere.
2394 3692 2597 3780 Atqui
2622 3692 2701 3759 ad

443 3834 476 3875 ι(
505 3814 741 3877 statum
787 3808 852 3875 in
901 3828 1138 3897 genere
1185 3806 1425 3874 sufficit
1460 3812 1529 3873 ut
1564 3806 1713 3896 quis
1750 3806 2035 3898 seipsum
2080 3829 2211 3874 non
2256 3809 2453 3897 possit
2500 3808 2585 3877 ab
2634 3830 2703 3875 ea

451 3949 484 3989 α
509 3927 654 3991 vitae
733 3922 1098 3994 conditione
1163 3923 1473 4005 liberare,
1540 3920 1659 3991 n'ec
1730 3925 1991 4015 propria
2064 3931 2289 4015 sponte
2350 3924 2645 3992 recedere
2686 3953 2704 4009 ;

455 4042 806 4128 «quamvis
856 4040 1050 4131 possit
1093 4046 1392 4130 potestate
1440 4040 1786 4129 superioris
1838 4024 2219 4131 (pracsertim
2270 4038 2587 4129 supremi)
2631 4039 2711 4105 ab

451 4176 485 4219 t(
514 4176 588 4245 ea
645 4150 863 4224 eximi.
923 4152 1100 4225 Patet
1149 4158 1220 4223 in
1275 4178 1483 4236 servO,
1536 4157 1754 4245 quiin
1802 4156 2126 4225 immobili
2174 4162 2338 4225 statu
2386 4158 2711 4226 servitutis

454 4290 490 4332 α
517 4286 653 4334 esse
679 4265 939 4349 dicitur,
979 4268 1129 4337 licet
1175 4268 1480 4336 dominus
1525 4268 1717 4337 illum
1772 4271 2230 4339 manumittere
2292 4271 2513 4359 possit,
2570 4271 2709 4339 ideo

461 4408 496 4448 (ι
525 4382 732 4452 solum
783 4383 940 4473 quia
990 4406 1065 4453 eo
1097 4406 1162 4453 se
1205 4391 1370 4453 statu
1417 4386 1675 4475 propria
1720 4392 1939 4476 sponte
1984 4380 2255 4457 liberare
2281 4408 2410 4455 non
2448 4394 2645 4478 polest
2686 4410 2699 4453 :
