2834 4959
1096 334 1251 383 PARS
1290 336 1531 385 TERTIA·
2325 342 2361 396 4
2371 340 2448 399 79

162 462 229 531 in
281 455 495 527 Gallia
549 462 779 525 votum
830 457 1247 545 paupertatis.
1310 454 1650 529 Habentur
1695 464 1913 529 autem
1967 462 2244 535 rationes
2293 468 2452 550 inae,

160 593 316 667 quas
372 592 524 643 suas
564 570 715 639 facit
755 568 1065 639 dominns
1100 568 1422 657 Camere,
1457 573 1580 643 sub
1615 594 1892 645 numero
1917 574 2078 660 222,
2111 600 2261 671 pag.
2292 580 2450 670 340,

158 690 269 759 ubi
302 687 587 757 dicitur:
626 682 737 753 Ad
762 682 979 775 leqem
1010 683 1274 755 civilem
1299 686 1634 778 pertinere
1666 699 1749 758 ut
1789 702 2054 761 statuat
2087 693 2172 763 de
2203 694 2286 766 iis
2308 720 2456 791 quoe

158 803 531 895 respiciunt
558 798 935 871 dominium
961 810 1029 869 et
1045 802 1520 891 possessionem
1546 826 1770 875 renem
1800 810 2299 900 temporalium.
2315 865 2361 885 ..
2392 817 2458 885 si

154 916 571 987 admittatur
590 914 1109 1008 incapacitatem
1132 914 1420 987 dominii
1439 940 1573 989 esse
1593 919 1862 1013 aliquid
1875 944 2053 994 mere
2062 930 2448 1019 temporale,

148 1034 311 1122 jam
334 1028 847 1122 independenter
865 1052 910 1098 a
934 1028 1078 1120 leqe
1096 1030 1285 1101 civili
1302 1031 1531 1103 indtoei
1544 1056 1679 1105 non
1697 1037 1954 1129 poterit
2003 1060 2084 1109 ea
2107 1040 2453 1135 incapaci-

159 1156 291 1213 tas.
316 1144 403 1215 Et
418 1147 553 1236 jam
580 1150 763 1213 antea
782 1144 876 1235 (n.
903 1144 1063 1230 206,
1090 1166 1237 1237 pag.
1270 1144 1430 1237 318)
1450 1147 1542 1218 sic
1559 1148 1972 1222 adnotaverat
1995 1176 2012 1223 ε
2037 1154 2189 1224 Diei
2205 1172 2448 1245 posset,

156 1278 293 1325 non
310 1256 455 1325 sine
482 1254 631 1325 ulla
648 1253 1263 1343 verisimilitudine,
1284 1259 1725 1349 capacitatem
1737 1260 2023 1334 dominii
2039 1286 2171 1335 esse
2191 1266 2455 1360 aliquid

158 1392 336 1442 mere
353 1370 575 1459 civile,
589 1393 702 1443 seu
726 1372 1206 1464 temporale,ac
1214 1371 1502 1463 proinde
1517 1374 1598 1444 de
1607 1376 1762 1467 foro
1779 1378 2131 1473 princepis.

250 1487 453 1557 Porro
510 1487 699 1559 allata
764 1486 1010 1579 proeiati
1075 1489 1361 1558 auctoris
1412 1490 1611 1561 verba
1665 1514 1886 1563 revera
1949 1498 2286 1571 continent
2341 1504 2456 1573 do·

160 1605 439 1675 ctrinam
468 1626 671 1694 quam
708 1603 807 1675 illi
856 1602 1209 1673 tribuimus
1240 1628 1257 1672 ι
1298 1605 1688 1695 aeqnivalent
1715 1630 1948 1702 nempe
1971 1611 2126 1683 huic
2155 1618 2455 1709 proposi-

160 1720 323 1789 tioni
340 1718 485 1791 :Ad
496 1718 882 1793 saecularem
893 1728 1295 1809 potestatem
1310 1720 1604 1811 pertinet
1615 1734 1904 1795 statuere
1920 1725 2000 1795 de
2015 1728 2100 1797 iis
2118 1732 2452 1824 omnibus,

162 1858 319 1927 quae
334 1836 695 1927 respiciunt
706 1834 1079 1905 domimum
1096 1848 1161 1905 et
1164 1836 1642 1927 possessionem
1657 1858 1880 1909 rerum
1891 1842 2192 1913 omnium
2207 1856 2454 1939 tempo-

166 1950 457 2017 ralium.
484 1950 671 2031 Quod
696 1951 783 2021 sic
802 1950 1115 2041 probatur
1140 1974 1159 2019 z

259 2063 519 2149 Primo,
556 2065 1007 2155 aequivalenter
1042 2065 1109 2135 id
1138 2067 1445 2157 exprimit
1478 2068 1666 2138 allata
1699 2068 1981 2160 phrasis,
2021 2091 2150 2161 qua
2204 2074 2450 2161 asserit,

164 2176 261 2245 ad
272 2176 481 2270 leqem
496 2178 755 2249 civilem
772 2180 1107 2271 pertinere
1128 2193 1209 2251 ut
1230 2182 1580 2252 statuatde
1595 2184 1682 2253 iis
1699 2204 1850 2275 quoe
1863 2183 2230 2276 respiciunt
2243 2184 2454 2255 domi·

164 2294 357 2363 nium
374 2307 441 2366 et
452 2296 933 2387 possessionem
954 2320 1178 2367 rerum
1210 2299 1712 2393 temporalium.
1741 2300 1910 2371 Nam
1933 2302 2280 2394 propositio
2316 2302 2454 2372 hoec

164 2410 545 2481 universalis
580 2416 710 2497 oet3
758 2432 835 2481 ac
884 2412 1180 2505 proinde,
1238 2416 1540 2505 quamvis
1589 2417 1662 2485 in
1713 2436 1788 2487 ea
1825 2415 2036 2487 desint
2077 2438 2264 2487 voces
2307 2438 2454 2488 om-

166 2524 355 2595 nium
382 2531 446 2595 et
471 2525 813 2613 omnibus,
844 2526 1017 2597 idem
1050 2529 1115 2597 ei
1148 2550 1375 2599 sensus
1406 2532 1606 2601 tribui
1641 2532 1854 2615 debet,
1904 2553 1980 2604 ac
2023 2534 2076 2602 ai
2113 2554 2298 2604 voces
2325 2532 2454 2604 iuoe

166 2643 709 2730 exprimerentur.
785 2640 959 2732 Ergo
1031 2664 1251 2713 revera
1327 2645 1782 2733 aequivalenter
1851 2647 2042 2717 docui
2148 2648 2458 2719 dominus

164 2753 495 2843 Carriere,
550 2758 627 2828 ad
684 2764 1057 2851 potestatem
1121 2756 1501 2827 saecularem
1558 2756 1900 2847 pertinere,
1963 2768 2038 2829 ut
2093 2768 2328 2831 statuat
2377 2764 2460 2833 de

166 2870 245 2939 iis
286 2872 593 2945 omnibus
631 2894 781 2965 quae
811 2874 1171 2966 respiciunt
1206 2873 1582 2944 dominium
1623 2878 1687 2942 et
1723 2872 2191 2964 possessionem
2237 2896 2458 2945 rerum

167 2987 631 3077 temporalium
674 2988 1009 3060 omnium.

250 3102 588 3188 Secundo,
636 3106 813 3177 idem
852 3105 1143 3196 sequitur
1186 3125 1263 3173 ex
1306 3103 1500 3177 obvio
1551 3124 1746 3173 sensu
1794 3103 2119 3173 ratiocinii
2185 3103 2266 3173 ab
2319 3105 2460 3195 ipso

168 3216 467 3287 adhibiti.
502 3217 785 3308 Etenim,
834 3220 1009 3310 quod
1036 3218 1131 3289 ad
1163 3218 1377 3310 leqem
1402 3218 1664 3289 civilem
1694 3217 2008 3308 pertineat
2049 3227 2340 3287 statuere
2379 3216 2460 3287 de

168 3331 253 3401 iis
274 3356 431 3425 quae
463 3332 832 3427 respiciunt
862 3332 1239 3404 dominium
1273 3345 1340 3403 et
1364 3332 1839 3427 possessionem
1863 3352 2089 3401 rerum
2131 3346 2462 3427 tempora·

170 3444 371 3533 lium,
384 3446 887 3539 pouittanquam
906 3447 1313 3539 principium
1332 3471 1351 3534 ;
1368 3469 1444 3517 ex
1457 3467 1588 3537 quo
1599 3443 2010 3515 inferendum
2029 3446 2153 3538 ipsi
2175 3449 2456 3532 videtur,

170 3562 589 3651 capacitatem
646 3568 707 3631 et
778 3561 1264 3655 incapacitatem
1304 3559 1584 3631 dominii
1638 3560 1708 3629 in
1755 3559 2060 3649 religioso
2111 3582 2246 3631 esse
2299 3558 2462 3649 quid

166 3695 343 3745 mere
388 3675 574 3745 civile
600 3697 713 3745 seu
740 3698 916 3746 mere
946 3673 1339 3770 temporale,
1364 3697 1440 3745 ac
1469 3675 1738 3767 proinde
1766 3674 1848 3745 ad
1887 3674 2102 3745 iorum
2143 3673 2461 3767 principis

172 3792 525 3879 pertinens.
572 3790 759 3863 Unde
786 3791 991 3883 ipsius
1034 3791 1438 3861 ratiocinatio
1463 3792 1624 3862 huic
1661 3788 2036 3883 syllogismo
2075 3789 2458 3881 aequivalet:

186 3929 223 3971 α
258 3908 363 3977 Ad
404 3914 777 3999 potestatem
830 3908 1211 3979 saecularem
1262 3909 1544 3999 pertinet
1592 3912 1866 3977 statuere
1913 3907 1994 3975 de
2037 3904 2118 3975 iis
2163 3926 2310 3996 quae
2361 3926 2466 3977 re-

180 4046 215 4085 «
258 4021 553 4114 spiciunt
610 4022 983 4095 dominium
1052 4027 1117 4091 et
1166 4021 1630 4113 possessionem
1685 4042 1908 4091 rerum
1955 4020 2461 4111 temporalium3

184 4164 215 4203 ι
256 4160 415 4229 ergo
461 4138 543 4209 ad
590 4138 971 4211 saecularem
1023 4142 1399 4229 potestatem
1451 4137 1732 4229 pertinet
1771 4136 1850 4205 de
1895 4135 2314 4227 incapacitate
2353 4136 2467 4207 do-

186 4276 217 4319 «
265 4254 465 4323 minii
512 4254 725 4344 quoad
782 4252 1119 4343 religiosos
1172 4256 1472 4322 statuere.
1513 4276 1550 4317 >³
1609 4248 1810 4321 Porro
1877 4248 1972 4318 sic
2024 4250 2466 4323 ratiocinando

178 4369 385 4457 palam
414 4371 569 4441 iacit
590 4368 897 4443 dominus
922 4367 1217 4441 Carriere
1242 4367 1568 4461 majorem
1595 4364 1957 4457 syllogismi
1995 4387 2034 4434 a
2069 4386 2136 4436 se
2163 4369 2466 4460 usurpari
