2834 4959
443 303 572 358 118
1019 311 1357 358 TRACTATUS
1403 311 1483 356 m:
1527 311 1675 356 JURE
1718 309 2137 356 assumamu-

456 461 490 500 α
527 431 694 522 jadis
735 421 878 520 que'
905 435 1064 498 cette
1115 429 1453 499 solemnite
1506 431 1691 498 estoit
1734 450 1865 498 une
1916 429 2245 520 propriete
2294 429 2599 499 naturelle
2642 441 2692 501 et

457 571 492 611 (ε
529 545 882 614 essentielle
901 545 1012 614 des
1039 567 1226 616 voeux
1274 545 1353 615 de
1383 545 1685 635 religion,
1736 545 1789 614 si
1832 549 2030 612 est-ce
2078 563 2211 634 que
2257 543 2321 611 le
2378 565 2538 635 pape
2585 545 2693 616 Bo-

451 686 486 726 «
531 660 736 728 niiace
767 658 913 728 vlu
951 668 1141 749 ayant
1183 660 1270 729 du
1299 659 1525 748 depuis
1575 658 1933 728 determine
1989 657 2049 725 le
2094 647 2445 746 contraire,
2506 659 2551 726 il
2602 663 2691 752 n’y

448 799 484 841 <a
531 797 568 842 a
597 773 742 865 plus
763 774 888 842 lieu
916 774 1318 866 quelconque
1341 776 1488 843 d’en
1522 774 1843 864 disputer3
1888 773 2049 842 ainsi
2086 773 2230 841 faut
2258 794 2497 842 avouer
2536 774 2689 866 inge·

447 917 482 955 «
519 896 829 960 nuement
897 911 1025 980 que
1075 897 1235 960 cette
1293 889 1618 982 propriete
1672 893 1835 959 n'est
1888 889 2257 958 nullement
2305 889 2683 980 inseparable

461 1033 494 1072 α
535 1006 644 1076 des
669 1029 857 1076 voeux
882 1008 961 1075 de
997 1007 1296 1096 religion.
1319 1031 1355 1073 ι)
1401 1007 1653 1098 (Reqles
1670 1018 1736 1074 et
1760 1003 2230 1074 constitutions
2250 1003 2435 1097 pour'
2460 1005 2543 1073 les
2566 1006 2687 1073 reli·

459 1122 710 1214 qieuses
735 1121 814 1189 de
857 1123 926 1190 la
961 1122 1341 1208 Visitation,
1391 1122 1670 1208 pressea,
1724 1141 1977 1190 oeuvres
2026 1120 2410 1211 completes,
2450 1130 2603 1190 tome
2636 1121 2686 1204 4,

447 1259 514 1328 p.
549 1237 678 1306 473
707 1243 770 1304 et
797 1237 956 1320 474,
985 1239 1135 1308 edit.
1165 1236 1404 1326 Guyot,
1438 1236 1660 1327 1853.)

535 1353 969 1422 Asenumuu
997 1352 1098 1421 lll.
1126 1391 1216 1406 -
1239 1355 1358 1422 Ex*
1371 1374 1443 1421 eo
1468 1351 1648 1443 quod
1668 1364 1975 1421 votorum
2002 1349 2397 1418 solemnitas
2416 1350 2501 1418 sit
2524 1351 2685 1418 insei-

468 1469 742 1536 tutiom's
766 1468 1232 1538 ecclesiastices.
1271 1507 1361 1520 —
1385 1469 1541 1538 Esse
1576 1488 1795 1536 revera
1843 1467 1921 1535 ad
1972 1468 2085 1557 jus
2116 1487 2303 1535 mere
2348 1465 2682 1535 ecclesiasti·

473 1604 624 1650 cum
686 1585 1088 1654 referendam
1146 1591 1447 1654 votorum
1515 1583 2012 1667 solemnitatem,
2074 1581 2431 1650 declaravit
2476 1579 2686 1650 Bonita·
2761 1578 2762 1658 l

469 1701 606 1768 cius
624 1698 772 1767 vlll
783 1700 884 1768 his
898 1701 1106 1769 verbis
1130 1725 1146 1770 z
1171 1703 1305 1772 Nos
1317 1701 1416 1792 ἐφ’
1419 1713 1527 1768 tur
1540 1698 1849 1768 attenden
1858 1711 1972 1783 τες,
1994 1696 2179 1789 quod
2188 1698 2337 1767 voti
2352 1697 2687 1766 solemnitas
2761 1677 2762 1734 ἶ

463 1843 547 1888 εει·
568 1819 716 1887 sola
739 1821 1220 1890 constitutione
1235 1821 1549 1891 Ecclesioe
1568 1833 1663 1890 est
1682 1817 2213 1910 inventa(capite
2257 1817 2452 1903 Quod
2474 1829 2682 1894 votum,
2760 1821 2763 1906 ξ

463 1936 634 2004 tituli
703 1937 809 2023 15,
865 1937 1017 2006 libri
1067 1936 1134 2023 3,
1193 1938 1262 2006 in
1309 1938 1399 2030 6).
1454 1938 1611 2006 ltem
1656 1935 2005 2026 Gregorius
2053 1933 2203 2004 Xlll
2260 1933 2687 2025 (constitutione
2760 1907 2762 1998 ἶ

477 2045 905 2134 Ascende-nte,
933 2051 1086 2118 anni
1137 2047 1358 2139 1584),
1402 2069 1509 2116 eos
1530 2049 1645 2136 qui
1672 2045 1993 2134 negabant
2030 2045 2444 2113 scholasticos
2474 2041 2689 2110 societa-

471 2162 552 2228 tis
603 2160 778 2242 lesu,
836 2167 1054 2252 utpote
1107 2161 1518 2251 simplicibus
1566 2161 1869 2228 duntaxat
1920 2159 2083 2227 votis
2143 2160 2536 2241 constrictos,
2583 2173 2691 2220 vere

475 2273 803 2364 religiosos
825 2296 984 2358 esse,
1011 2277 1378 2366 perstrinxit
1401 2277 1471 2344 in
1496 2277 1678 2344 hunc
1702 2277 1971 2345 modum
2012 2299 2028 2342 ε
2064 2279 2225 2348 Non
2266 2271 2687 2346 considerant&

459 2389 602 2457 voti
625 2388 1118 2460 solemnitatem
1129 2391 1271 2460 sola
1293 2390 1606 2460 Ecclesioe
1624 2389 2097 2459 constitutione
2114 2390 2455 2460 inventam
2475 2406 2604 2454 esse.
2624 2379 2682 2449 Et

466 2503 728 2590 quidem
750 2505 819 2572 in
849 2505 949 2573 his
973 2505 1246 2574 textibus
1269 2507 1375 2595 agi
1402 2506 1483 2574 de
1514 2505 1917 2576 solemnitate
1955 2503 2404 2573 substantiali
2430 2522 2533 2570 seu
2567 2516 2679 2588 pro-

461 2619 600 2707 prie
635 2619 830 2704 dicta,
861 2641 990 2689 non
1018 2627 1229 2690 autem
1288 2623 1366 2690 de
1420 2621 1818 2700 accidentali,
1877 2641 2071 2712 supra
2128 2619 2537 2712 probavimus
2582 2613 2678 2702 (ca-

467 2733 594 2824 pite
624 2734 690 2820 2,
717 2735 1168 2828 §Bpraesentis
1193 2738 1540 2829 sectionis).
1586 2737 1729 2806 Jam
1773 2758 1925 2806 vero
1960 2757 2041 2806 ex
2086 2757 2163 2806 eo
2216 2736 2391 2828 quod
2432 2737 2677 2801 votorum
2762 2735 2764 2822 l

463 2848 832 2920 solemnitas
869 2852 1286 2922 institutionis
1329 2856 1412 2922 sit
1456 2853 1898 2938 ecclesiasicae,
1953 2850 2187 2922 merito
2242 2852 2511 2920 infertur
2572 2859 2678 2910 eam
2762 2845 2764 2896 ἓ

460 2965 540 3032 ad
563 2973 762 3036 status
791 2968 1070 3058 religiosi
1093 2970 1431 3038 essentiam
1460 2989 1591 3037 non
1629 2971 1895 3059 requiri.
1943 2967 2109 3036 Nam
2154 2972 2356 3036 status
2398 2961 2679 3051 religiosus
2762 2945 2764 2950 ’

461 3090 558 3151 est
595 3083 1012 3152 institutionis
1047 3084 1305 3170 divinae,
1357 3091 1550 3175 prout
1582 3091 1831 3153 certum
1872 3085 1981 3153 hic
2032 3083 2485 3175 supponimus,
2522 3079 2575 3142 et
2608 3087 2682 3136 Se·

461 3201 686 3288 quenti
737 3200 1009 3268 sectione
1060 3201 1458 3292 probabitur.
1534 3199 1741 3270 Habet
1798 3199 2065 3290 proinde
2134 3199 2472 3269 essentiam
2534 3200 2678 3256 suam

477 3333 554 3382 ex
595 3315 746 3402 jure
786 3314 1028 3383 divino.
1078 3313 1412 3405 Quidquid
1457 3337 1610 3405 ergo
1656 3316 1717 3383 ei
1762 3316 2134 3405 supervenit
2180 3335 2258 3383 ex
2321 3299 2679 3399 dispositione

493 3427 912 3498 ecclesiastica
971 3430 1092 3519 ipsi
1145 3431 1537 3499 accidentale
1591 3435 1684 3499 est
1734 3435 1799 3498 et
1852 3451 1985 3499 non
2035 3427 2369 3498 essentiale
2414 3447 2431 3492 z
2478 3415 2594 3501 sed,
2624 3427 2678 3476 ⁶¹

481 3543 688 3613 citatis
715 3539 1030 3612 Bonifacii
1077 3543 1225 3613 VllI
1253 3550 1316 3613 et
1352 3544 1648 3635 Gregorii
1694 3543 1845 3615 Xlll
1891 3543 2451 3618 declarationibuS,
2496 3531 2681 3602 solem·

487 3658 656 3728 nitas
689 3658 822 3728 sola
865 3657 1168 3728 Ecclesiae
1209 3664 1662 3732 constitutione
1707 3661 1963 3730 inventa
1989 3669 2114 3745 est3
2166 3679 2324 3748 ergo
2368 3645 2683 3723 solemnitas

477 3775 616 3844 baec
673 3775 752 3842 ad
811 3773 1150 3844 essentiam
1207 3783 1404 3846 status
1448 3778 1729 3866 religiosi
1772 3799 1905 3846 non
1954 3778 2275 3869 pertinet3
2348 3790 2458 3839 seu
2524 3755 2681 3854 potael

477 3898 673 3960 status
698 3889 1036 3980 religiosus
1063 3890 1302 3982 absque
1324 3892 1435 3960 illa
1456 3893 1856 3961 solemnitate
1876 3892 2242 3962 subsistere.

569 4005 998 4076 Artemam-nu
1021 4007 1134 4076 lv.
1163 4045 1254 4060 —-
1281 4009 1394 4076 Ex
1417 4008 1567 4100 ipsa
1594 4020 1810 4078 status
1834 4007 2129 4101 reliqiosi
2164 4013 2433 4075 natura.
2458 3981 2683 4106 -NRP

477 4127 678 4190 status
721 4122 1002 4213 religiosi
1057 4130 1401 4215 conceptus
1454 4123 1593 4194 haec
1642 4125 1945 4194 duntaxat
1988 4121 2258 4194 includit
2308 4141 2328 4186 t
2393 4115 2450 4182 1⁰
2499 4109 2565 4174 11⁶
2618 4093 2680 4222 ⁸⁰¹²

475 4245 698 4322 status,
751 4237 814 4304 id
843 4245 958 4325 est,
991 4240 1224 4310 modus
1249 4238 1511 4308 vivendi
1536 4263 1611 4309 ex
1655 4241 1933 4334 alicujus
1974 4261 2183 4310 causae
2224 4226 2499 4304 efficacia
2525 4209 2679 4332 stab}-

475 4357 598 4442 lis3
657 4353 724 4422 2⁰
771 4359 846 4422 ut
891 4356 974 4424 sit
1019 4361 1216 4426 status
1263 4355 1668 4426 tendentium
1718 4355 1797 4426 ad
1852 4355 2345 4447 perfectionem3
2412 4339 2473 4408 3⁰
2516 4333 2579 4398 ut
2616 4321 2677 4390 ειῑ
