2834 4959
1136 373 1289 424 Pus
1332 375 1624 429 suenum.
2391 375 2508 432 281

204 495 441 587 quoad
468 495 833 566 canonicos
858 499 1201 576 tractatum
1222 521 1448 570 meum
1474 499 1556 570 de
1583 503 1920 596 Capitulis
1929 525 1960 590 ,·
1999 513 2063 576 et
2095 509 2306 597 quoad
2335 529 2520 598 paro·

200 611 537 680 chiarum
573 609 1217 682 dismembrationem
1257 620 1602 686 tractatum
1654 639 1880 690 meum
1925 619 2006 691 de
2027 621 2376 713 Pam-ho).

298 723 453 794 Nec
507 725 781 816 objicias
823 747 895 796 ex
932 723 1287 798 Clementis
1334 729 1494 800 VIII
1553 735 2030 823 constitutione,
2057 735 2282 808 debere
2313 735 2514 808 ordi-

199 839 481 925 narios,
515 861 817 930 casuque
834 841 1261 932 intenjiciatur
1276 846 1648 936 appellatio,
1680 851 2070 922 erectionem
2095 852 2512 944 suspendere.

202 956 439 1024 Aliud.
480 957 664 1024 enim
715 961 833 1042 est,
876 956 1050 1046 quod
1101 966 1239 1050 post
1292 960 1524 1032 factam
1555 965 2046 1056 appellationem
2077 968 2250 1037 ultra
2295 991 2515 1058 proce·

207 1061 385 1131 dere
436 1068 706 1152 nequeat
730 1061 1123 1155 Episcopus3
1160 1066 1362 1152 aliud,
1400 1070 1576 1160 quod
1611 1071 1797 1140 irrita
1847 1073 1926 1143 sit
1959 1073 2104 1144 data
2145 1075 2394 1167 abipso
2428 1074 2514 1143 li-

210 1177 477 1260 centia,
524 1175 607 1245 oh
660 1199 793 1246 non
842 1179 1181 1250 obtentum
1238 1184 1476 1272 praevio
1553 1187 1818 1276 parochi
1880 1209 2290 1260 consensum.
2357 1187 2510 1261 Haec

212 1312 481 1382 nempe
534 1292 712 1369 dictae
751 1295 1223 1394 constitutionis
1251 1300 1540 1370 clausula
1577 1323 1711 1370 non
1745 1303 1905 1394 plus
1933 1304 2090 1374 dicit
2122 1325 2320 1394 quam
2344 1306 2510 1395 juris

210 1409 605 1478 communis
618 1409 897 1498 axioma,
918 1410 1371 1502 appellatione
1388 1413 1718 1506 pendente
1729 1416 1906 1486 nihil
1932 1420 2308 1488 innovetur.
2337 1418 2510 1511 Ergo

210 1525 241 1591 1
256 1533 283 1561 ⁰
338 1545 427 1592 ex
496 1525 947 1594 constitutione
1006 1525 1355 1598 Clementis
1431 1529 1580 1602 Vlll
1635 1553 2048 1625 nequaquam
2112 1537 2508 1608 necessarius

200 1638 489 1730 probari
538 1645 737 1730 potem
763 1643 1045 1732 praevius
1098 1643 1363 1734 parochi
1412 1667 1787 1717 consensus.

290 1755 379 1824 2⁰
430 1754 559 1824 Sed
590 1777 799 1845 neque
864 1761 1255 1828 necessarius
1295 1765 1393 1828 est
1416 1761 1681 1852 parochi
1739 1783 2087 1834 consensus
2129 1786 2203 1832 ex
2253 1765 2508 1834 decreto

208 1871 401 1939 Cum
423 1870 601 1939 alias
628 1869 738 1962 (17
766 1875 1023 1962 augusti
1048 1873 1269 1965 1622),
1290 1873 1590 1965 Gregorii
1616 1874 1740 1946 XV
1763 1878 1950 1966 jussu
1977 1878 2168 1946 edito.
2201 1877 2510 1947 Advertat

204 1983 429 2055 lector
468 1985 820 2056 discrimen
863 1989 1034 2056 inter
1075 1988 1243 2058 illud
1292 1990 1625 2058 decretum
1673 1997 1736 2059 et
1780 1991 2129 2060 Clementis
2159 1990 2311 2062 Vlll
2347 2013 2512 2061 con-

196 2103 648 2171 stitutionem.
702 2101 1005 2172 Clemens
1038 2103 1195 2174 VlII
1246 2104 1590 2176 nullorum
1637 2127 2024 2176 consensum
2080 2107 2498 2198 requirebat:

194 2225 257 2286 at
296 2237 473 2287 vero
516 2221 591 2287 in
636 2217 935 2310 Gregorii
956 2218 1084 2290 XV
1126 2220 1403 2308 decreto,
1435 2227 1760 2312 ‘tauquam
1795 2222 2146 2292 formalitas
2191 2223 2271 2292 ad
2333 2222 2506 2292 valo·

194 2355 349 2404 rem
400 2341 589 2404 actus
642 2335 947 2426 requisita
986 2339 1379 2406 necessarius
1433 2337 1796 2408 decernitur
1831 2338 2202 2428 aliquorum
2243 2338 2333 2428 (at
2389 2358 2500 2410 ne-

192 2472 546 2541 quaquam
618 2452 1073 2542 parochorum,
1129 2461 1205 2522 ut
1258 2475 1407 2524 mox
1483 2455 1885 2547 probabitur)
1960 2476 2327 2526 consensus.
2401 2452 2503 2526 En

199 2567 460 2635 decreti
506 2565 703 2634 verba
734 2589 753 2635 ε
805 2591 839 2633 α
884 2565 1122 2637 Volens
1164 2569 1423 2659 quod...
1479 2577 1914 2638 conventus...
1969 2592 2100 2640 non
2141 2571 2502 2660 erigantur,

217 2707 259 2748 a
312 2680 447 2750 nisi
492 2682 738 2772 priores
787 2704 899 2752 seu
948 2689 1392 2773 procuratores
1428 2683 1708 2752 aliorum
1755 2689 2280 2755 conventuum...
2332 2685 2412 2753 ad
2437 2685 2506 2753 id

225 2821 265 2862 α
314 2796 527 2865 vocati
572 2803 633 2865 et
660 2797 867 2866 auditi
906 2797 1155 2866 fuerint
1212 2821 1291 2866 ac
1346 2796 1473 2866 tati
1517 2795 1831 2865 erectioni
1877 2799 2323 2866 consenserint
2339 2817 2370 2880 ,·
2402 2798 2504 2864 vel

222 2935 263 2977 α
312 2910 469 2982 alias
509 2909 865 2982 ordinariis
906 2913 1204 2982 locorum
1252 2912 1632 2998 constiterit,
1681 2909 2012 2994 religiosos
2063 2917 2499 2979 conventus...

222 3053 259 3095 α
308 3028 405 3100 sic
452 3031 859 3122 erigendi...,
916 3031 1155 3120 absque
1202 3029 1594 3100 detrimento
1633 3025 2083 3116 religiosorum
2137 3024 2292 3106 in..‚
2343 3026 2510 3094 locis

219 3171 254 3211 α
286 3117 779 3236 hujusmodi...
810 3146 1215 3238 degentium,
1247 3145 1343 3214 ibi
1374 3147 1446 3214 in
1480 3164 1754 3213 numero
1787 3142 2128 3212 duodecim
2165 3139 2508 3208 commode

218 3279 257 3318 α
302 3261 367 3321 et
398 3273 693 3342 congrue
750 3255 1158 3322 manuteneri
1200 3259 1264 3322 et
1290 3251 1377 3322 ali
1410 3273 1618 3342 posse.
1673 3249 1744 3320 Si
1774 3269 1923 3316 vero
1964 3251 2339 3329 conventuri,
2379 3245 2500 3314 do-

222 3394 261 3434 «
310 3391 486 3449 mus,
544 3370 961 3459 congregatio
1005 3368 1110 3476 ¹vel
1154 3369 1419 3438 societas
1465 3363 1842 3456 hujusmodi
1869 3360 2280 3432 instituendae
2311 3369 2505 3431 erunt

218 3510 256 3553 α
298 3483 615 3576 nullique
651 3484 785 3554 alii
824 3483 1167 3576 requlares
1214 3482 1314 3552 ibi
1351 3479 1786 3572 reperientur,
1817 3475 2158 3566 Ordinarii
2207 3476 2500 3545 locorum

214 3627 251 3668 α
302 3600 748 3670 nihilominus
772 3600 1117 3689 diligenter
1149 3595 1508 3687 inquirant,
1536 3617 1620 3666 an
1643 3595 1940 3663 locorum
1960 3591 2190 3660 incolae
2216 3595 2280 3657 et
2308 3587 2502 3672 habi·
2601 3621 2614 3636 =

214 3741 251 3782 α
292 3721 567 3799 tatum,
600 3732 903 3805 quorum
918 3721 985 3784 et
1036 3733 1430 3784 consensum
1473 3711 1807 3800 requirant
1847 3729 1923 3778 ac
1963 3704 2333 3784 adhibeant,
2366 3701 2500 3769 hu-

224 3855 265 3894 «
302 3830 595 3920 jusmodi
648 3830 994 3900 duodecim
1030 3828 1448 3919 religiosos...
1503 3825 1848 3895 commode
1879 3823 2046 3892 alere
2095 3825 2158 3888 et
2205 3823 2503 3886 manute-

219 3970 259 4012 α
308 3965 472 4014 nere
532 3945 867 4016 valeant...
951 3943 1347 4034 Irritumque
1424 3947 1486 4010 et
1555 3943 1748 4010 inane
1840 3934 2159 4028 quidquid
2231 3951 2498 4000 secus...

208 4085 255 4149 ‚c
296 4061 651 4151 contigerit
698 4062 994 4132 attentari
1064 4059 1498 4130 decernentes.
1547 4082 1583 4122 n
1649 4055 1742 4124 Ex
1791 4054 1919 4122 illis
1986 4049 2224 4119 decreti
2290 4044 2506 4113 verbis

210 4175 639 4246 manifestum
678 4175 752 4246 fit
772 4229 791 4266 ,
839 4196 1283 4268 quoramnum
1330 4179 1395 4244 et
1433 4172 1674 4263 quibus
1715 4171 1792 4238 in
1841 4167 2097 4238 casibus
2141 4162 2504 4252 requiratur

209 4311 569 4363 consensus
600 4315 619 4361 ε
655 4313 917 4384 nempe.

298 4409 558 4497 Primo,
583 4409 943 4499 requiritur
980 4427 1328 4481 consensus
1348 4404 1631 4476 aliorum
1661 4398 1786 4470 loci
1835 4402 2276 4470 conventuum
2317 4415 2336 4460 z
2367 4409 2499 4458 non
2565 4501 2570 4506 α
