2834 4959
1125 341 1280 390 mis
1321 343 1565 390 ‘mmu-
2368 341 2441 396 31
2458 345 2492 397 5

199 466 428 537 sertim
463 485 550 556 an
579 468 782 533 status
825 462 1109 553 religiosi
1143 463 1487 535 essentiam
1522 463 1824 534 habeant.
1882 463 2057 534 Rem
2086 469 2493 540 excutiemus

195 582 425 674 primo
465 579 682 672 quoad
729 577 1075 648 Tertiarias
1109 601 1128 646 z
1177 584 1320 646 tum
1363 580 1579 669 quoad
1624 580 1911 672 reliquas
1956 584 2490 672 congregationes

195 693 630 782 monialium,
685 693 929 784 absque
971 693 1274 764 clausura
1314 701 1376 766 et
1425 698 1588 767 votis
1633 697 2037 768 solemnibus
2080 697 2487 788 degentium,

195 831 347 902 quae
369 809 500 882 sub
531 805 1189 882 emanator-iorum
1216 809 1485 882 nomine
1510 813 1973 904 comprehendi
2002 811 2234 883 solent.

1149 1075 1431 1146 CAPUT
1496 1076 1547 1144 l.

244 1295 332 1340 DE
377 1295 740 1342 common
773 1255 1103 1344 'GAuoch
1145 1295 1491 1344 uotiuum:
1536 1297 2005 1346 warunnam
2066 1299 2143 1346 m·
2180 1299 2455 1348 vmoamt

1091 1393 1583 1442 mnnaalonuu.

287 1587 394 1658 oh
422 1591 848 1658 materiarum
891 1592 1380 1680 connexionem,
1409 1594 1521 1682 jus
1550 1593 1659 1662 hic
1702 1592 2315 1678 determinabimus,
2361 1615 2495 1663 non

199 1709 470 1773 tantum
519 1705 734 1796 quoad
774 1703 1144 1790 Tertiarias,
1197 1707 1308 1776 sed
1352 1707 1548 1775 etiam
1587 1707 1801 1798 quoad
1845 1704 2231 1792 Tertiarios3
2284 1716 2357 1776 ut
2405 1709 2497 1776 sic

202 1818 406 1888 unico
431 1817 635 1888 veluti
665 1826 866 1890 tmctu
892 1823 1208 1911 generalis
1246 1822 1326 1892 de
1351 1827 1481 1892 tota
1510 1821 1633 1890 hac
1657 1821 2131 1890 Tertiariorum
2179 1823 2491 1894 ordinum

206 1936 615 2005 institutione
641 1935 819 2005 notio
855 1937 1302 2028 suppeditetur
1315 1988 1332 2004 .

1281 2211 1425 2304 gl.

463 2423 592 2487 Quid
614 2426 736 2486 sint,
766 2427 820 2478 st
847 2425 988 2487 undo
1013 2427 1138 2481 (ιι-ιω
1161 2426 1523 2500 'tentatorum
1545 2431 1601 2482 st
1631 2427 2003 2482 Tertianarum
2024 2425 2242 2480 ramiliae.

307 2649 375 2716 1⁰
423 2648 832 2742 «Regulares
871 2651 1178 2720 ordinum
1208 2648 1278 2720 S.
1324 2649 1680 2731 Dominici‚
1719 2648 1791 2718 S.
1833 2647 2199 2734 Francisci‚
2244 2649 2315 2716 S.
2360 2649 2504 2716 Au-

224 2790 262 2830 α
291 2764 564 2856 gustini,
587 2765 741 2836 item
779 2764 1164 2848 Carmelitae,
1206 2761 1495 2850 Servitae,
1528 2783 1605 2831 ac
1641 2759 1903 2832 Minimi
1942 2783 1981 2830 a
2024 2768 2245 2832 sancto
2292 2759 2501 2830 Fran-

223 2903 265 2945 «
295 2878 470 2948 cisco
517 2879 592 2950 de
650 2879 852 2950 Paula
919 2879 1197 2950 instituti
1255 2877 1603 2948 Tertiarias
1675 2873 1983 2945 mulieres
2004 2925 2023 2960 ,
2100 2878 2283 2964 juxta
2338 2874 2500 2949 Pon-

225 3019 264 3062 α
300 2994 555 3064 tificum
591 2995 942 3087 diplomata
979 3017 1054 3066 ac
1079 2995 1425 3088 privilegia
1464 2991 1831 3063 adscribere
1864 2995 2161 3084 possunt.
2199 3013 2235 3054 ιο
2278 2988 2503 3080 (Bene-

211 3115 432 3184 dictus
448 3112 629 3199 xlv,
657 3115 1120 3203 ‚Institutione-5
1148 3111 1623 3194 ecclesiastices,
1647 3112 1799 3180 inst.
1834 3111 1987 3194 105,
2012 3131 2081 3179 n.
2114 3107 2255 3199 60.)
2290 3109 2509 3197 Atque

209 3230 375 3300 item
423 3227 496 3298 in
540 3227 884 3300 Tertiarios
928 3251 967 3299 a
1010 3229 1199 3299 dictis
1238 3229 1645 3319 regularibus
1684 3228 1887 3317 recipi
1930 3245 2115 3316 posse
2172 3226 2373 3309 vii-05,
2434 3245 2509 3292 ex

215 3345 456 3414 iisdem
469 3341 831 3415 Pontificiis
857 3345 1320 3437 diplomatibus
1354 3349 1623 3415 constat.

312 3455 386 3526 2⁰
424 3458 770 3542 Quodnam
813 3457 1133 3552 ejusmodi
1166 3441 1495 3529 Tertiariis
1526 3458 1797 3528 initium
1833 3454 2051 3540 fuerit,
2098 3461 2161 3528 et
2222 3477 2341 3526 cur
2378 3455 2505 3523 hoc

211 3576 377 3668 ipsis
436 3597 682 3646 nomen
735 3576 1050 3659 inditum,
1117 3575 1342 3666 pandit
1388 3573 1745 3644 Cardinalis
1795 3571 1985 3642 Petra
2041 3571 2243 3662 (tomo
2305 3569 2371 3657 3,
2418 3569 2505 3636 ‘in

207 3675 753 3762 constitutionem
795 3693 840 3760 2
875 3690 1125 3764 Nicolai
1153 3690 1266 3777 IV,
1301 3712 1370 3760 n.
1404 3689 1497 3783 2),
1537 3690 1605 3758 in
1634 3689 1815 3759 hunc
1850 3685 2119 3758 modum
2149 3708 2170 3752 ε
2226 3711 2262 3752 α
2303 3682 2508 3775 Cujus

225 3831 264 3868 α
301 3807 576 3898 (regulae
613 3807 754 3878 divi
780 3806 1114 3878 Francisci
1155 3828 1274 3898 pro
1313 3805 1670 3897 Tertiariis)
1713 3805 1995 3875 initium·
2042 3798 2253 3870 evenit
2306 3821 2382 3869 ex
2432 3821 2509 3869 eo

223 3947 260 3986 α
299 3921 508 4016 quod,
539 3943 692 3994 cum
739 3922 928 3994 divus
967 3923 1350 3993 Franciscus
1391 3923 1550 3992 duas
1599 3921 1844 4012 primas
1883 3919 2175 4011 regulas,
2216 3937 2336 4009 pro
2384 3915 2509 3984 fra·
2601 3995 2607 4001 ⁸

219 4062 258 4104 a
287 4036 508 4108 tribus
556 4045 620 4108 et
668 4039 1098 4122 monialibus,
1144 4037 1679 4132 promulgaverit,
1737 4037 1979 4106 horum
2028 4032 2333 4125 exemplo
2380 4031 2509 4100 iere

225 4180 258 4218 α
292 4175 532 4224 omnes
573 4153 818 4238 fideles,
847 4154 1152 4227 unanimi
1194 4155 1457 4245 spiritus
1490 4153 1739 4222 fervore
1782 4149 1991 4234 ducti,
2023 4149 2257 4217 divum
2302 4145 2505 4215 Fran-

224 4296 260 4336 «
292 4271 552 4340 ciscum
600 4272 672 4340 in
725 4269 962 4340 mundi
1013 4276 1080 4340 et
1124 4269 1503 4340 divitiarum
1552 4269 1929 4356 contemptu
1970 4263 2183 4355 sequi,
2242 4265 2508 4353 ejusque

227 4415 264 4456 a
300 4389 607 4480 regulare
647 4390 1021 4460 institutum
1063 4389 1367 4482 amplecti
1405 4389 1889 4458 deliberarant:
1934 4405 2066 4476 quo
2113 4405 2267 4454 sane
2294 4390 2505 4476 pecte,
