2834 4959
346 308 383 365 4
396 308 475 363 72
904 312 1249 361 'raacuws
1294 312 1374 359 m:
1419 310 1570 359 man
1617 310 2036 358 anonumum

436 460 472 500 α
504 436 571 504 6.
607 432 915 503 Praesides
957 431 1494 501 monasteriorum
1539 426 1817 520 jejunia,
1875 430 2272 522 precationes
2295 482 2314 518 ,
2357 435 2638 501 cantum

352 577 389 618 α
424 548 609 619 chori
660 548 947 639 aliasque
1008 545 1401 616 austeritates
1473 544 1796 613 moderari
1849 548 1912 613 et
1965 544 2266 635 mitigare
2315 552 2640 637 poterunt

349 690 386 732 κ
422 686 545 757 pro
592 665 687 733 eis
742 660 1083 732 monacbis
1118 682 1305 751 quos,
1336 660 1426 729 ob
1465 666 1748 741 estatem,
1779 659 2242 747 valetudinem,
2273 669 2383 731 aut
2425 662 2636 731 aliam

348 806 385 846 a
414 784 658 871 justam
686 798 974 860 causam,
1004 776 1218 867 aliqua
1244 774 1650 865 indulgentia
1669 772 1900 863 dignos
1927 775 2463 846 existimaverint.

444 920 479 959 ι(
508 896 573 963 7.
611 892 1047 962 Infirmorum
1069 911 1229 960 cura
1264 894 1413 958 ante
1437 889 1661 957 omnia
1697 894 1762 956 et
1787 908 1982 978 super
2007 889 2229 957 omnia
2262 889 2633 959 adhibenda

356 1040 391 1077 «ι
428 1018 547 1092 est,
589 1013 665 1077 ut
691 1014 911 1076 monet
940 1005 1009 1077 S.
1064 1004 1476 1089 Benedictus,
1513 1002 1736 1093 eisque
1762 1001 1985 1071 omnia
2012 1005 2376 1093 praestanda
2410 1013 2630 1087 erunt,

356 1150 391 1190 α
432 1146 579 1213 quae
638 1124 809 1191 circa
862 1121 1112 1205 cibum,
1160 1124 1385 1210 potum
1441 1137 1802 1205 eorumque
1855 1137 2082 1185 curam
2129 1118 2427 1188 medicus
2463 1140 2642 1210 prae—

360 1266 393 1305 «
434 1237 791 1328 scripserit.

448 1378 483 1417 α
522 1352 587 1421 8.
639 1350 951 1419 Praesides
1000 1345 1540 1416 monasteriorum
1591 1345 1935 1436 diligenter
1979 1343 2302 1413 curabunt
2327 1368 2414 1415 ne
2455 1348 2632 1437 quis,

362 1494 398 1533 α
442 1467 565 1534 nisi
600 1470 739 1553 post
782 1462 1209 1531 sufficientem
1261 1460 1738 1551 probationem,
1773 1461 1853 1530 ad
1899 1460 2292 1529 sumendum
2321 1459 2634 1528 habitum

362 1602 401 1645 ι
426 1577 805 1667 religiosum
854 1576 1226 1666 recipiatur,
1278 1596 1492 1665 neque
1527 1574 1828 1666 deinceps
1873 1573 1950 1643 ad
2005 1580 2148 1643 vota
2185 1574 2636 1665 nuncupanda·

362 1720 397 1759 (ε
440 1693 839 1772 admittatur,
870 1690 997 1759 nisi
1028 1696 1157 1761 toto
1202 1691 1506 1781 tyrocinii
1561 1696 1848 1782 tempore
1875 1691 2210 1781 praecipua
2235 1688 2467 1757 divinae
2499 1708 2642 1756 vo-

368 1835 403 1877 «
446 1808 715 1878 cationis
739 1807 927 1896 signa
948 1804 1218 1875 dederit.

460 1952 493 1991 ι(
534 1923 615 1993 Et
655 1924 817 1993 lacta
846 1921 925 1990 de
952 1922 1304 2013 praemissis
1332 1920 1642 1991 relatione
1674 1919 2084 1991 sanctissimo
2105 1916 2396 1988 Domino
2411 1917 2648 1988 Nostro

368 2066 406 2105 t(
450 2040 763 2127 Gregorio
808 2033 964 2105 XVI
1020 2034 1104 2103 ab
1151 2035 1321 2105 infra
1370 2036 1608 2125 scripto
1651 2035 1986 2105 secretario
2025 2032 2244 2101 Sacrae
2277 2032 2644 2122 Congrege-

373 2178 407 2217 «
457 2152 669 2239 donia,
718 2149 991 2239 negotiis
1044 2155 1109 2219 et
1162 2150 1746 2239 consultationibus
1781 2148 2253 2241 Episcoporum
2287 2151 2351 2215 et
2385 2146 2644 2236 regula·

374 2290 407 2332 α
450 2269 627 2334 rium
678 2266 1051 2355 praepositae,
1107 2266 1173 2333 in
1228 2265 1554 2335 audientia
1603 2264 1821 2343 habita
1849 2265 1958 2333 die
1994 2263 2110 2366 „18
2165 2264 2384 2331 martii
2441 2262 2641 2349 1836,

376 2406 413 2447 κ
454 2378 767 2449 Sanctitas
820 2379 951 2449 Sua
1002 2379 1126 2447 hoc
1162 2378 1453 2467 ejusdem
1501 2377 1712 2449 Sacrae
1757 2378 2287 2469 Congregationis
2313 2377 2644 2447 decretum

380 2520 415 2558 <t
452 2502 667 2561 ratum
716 2495 787 2560 in
854 2492 1159 2561 omnibus
1213 2492 1444 2562 habuit
1523 2499 1588 2562 et
1655 2494 2097 2578 confirmavit,
2153 2499 2344 2581 atque
2401 2491 2650 2559 litteras

378 2632 413 2673 <t
456 2607 852 2697 Apostolicas
912 2607 983 2677 in
1035 2601 1243 2679 [orma
1291 2607 1506 2678 brevis
1569 2609 1856 2701 expediri
1917 2606 2273 2677 mandavit.
2315 2644 2406 2659 -
2434 2604 2498 2674 J.
2555 2606 2638 2673 A.

382 2747 417 2787 «
462 2720 817 2792 Cardinalis
860 2723 1027 2809 Sala,
1065 2724 1426 2816 praefectus.
1479 2760 1572 2777 —-
1597 2722 1660 2793 J.
1714 2721 2088 2793 patriarcba
2117 2722 2651 2813 Constantinopo-

382 2864 419 2908 α
462 2840 725 2924 litanus,
750 2842 1142 2909 secretarius.
1179 2866 1214 2905 n
1268 2839 1690 2930 (Bibliotheca
1731 2840 2040 2909 canonica
2097 2840 2286 2909 Lucii
2335 2838 2644 2915 Fer-raris,

376 2954 571 3023 editio
606 2952 823 3042 migne
862 2954 1056 3036 ¹852,
1096 2960 1257 3023 tom.
1289 2953 1353 3039 1,
1382 2955 1508 3023 col.
1543 2954 1769 3045 1449.)

465 3066 553 3137 V.
588 3064 703 3137 Die
734 3052 775 3137 Β
820 3068 1201 3160 septembris
1238 3068 1435 3156 1834,
1469 3068 1660 3139 Sacra
1701 3069 2128 3161 Congregatio
2179 3068 2642 3160 Episcoporum

378 3190 441 3251 et
468 3183 868 3270 regularium
898 3183 1214 3254 unanimi
1232 3182 1915 3254 Eminentissimorum
1945 3206 2260 3255 consensu
2281 3180 2646 3259 declararit,

378 3302 523 3362 vota
550 3295 1019 3387 Trappensium
1048 3298 1296 3384 Galliae,
1347 3306 1566 3389 utpote
1608 3302 1678 3369 in
1703 3301 1930 3370 ordine
1981 3300 2282 3389 religioso
2323 3299 2406 3367 ab
2433 3294 2650 3366 Eccle-

380 3411 475 3479 sia
501 3412 851 3501 approbato
880 3416 1136 3500 emissa,
1168 3436 1302 3482 esse
1356 3415 1694 3484 solemnia.
1749 3420 1808 3484 A
1855 3415 2304 3484 confirmanda
2331 3414 2448 3483 illa
2481 3412 2638 3479 deci·

378 3531 561 3597 sione
615 3549 916 3597 summus
964 3528 1248 3598 Pontifex
1292 3530 1644 3617 abstinuit3
1703 3530 1812 3601 sed
1863 3554 1982 3601 nec
2026 3532 2088 3603 ei
2127 3531 2528 3601 contradixit.
2572 3526 2638 3595 ld

384 3644 547 3712 mihi
597 3650 859 3713 testatus
908 3651 1001 3713 est
1064 3644 1472 3715 Reverendus
1527 3649 1714 3716 Pater
1767 3645 1956 3717 Dom.
2004 3646 2416 3737 Fulgentius-3,
2449 3642 2642 3713 Bello·

382 3755 777 3828 fontanensis
818 3760 1189 3829 monasterii
1226 3760 1578 3831 hodiernus
1603 3762 1824 3844 abbas,
1855 3764 1972 3854 qui
2001 3769 2159 3833 tunc
2207 3762 2432 3833 Romae
2457 3778 2640 3850 gene·

382 3872 583 3942 ralem
610 3873 1125 3965 congregationis
1160 3896 1293 3945 suae
1320 3884 1799 3966 procuratorem
1827 3878 2073 3968 agebat.

468 3988 563 4059 Ex
607 3992 957 4082 praemissis
986 3997 1203 4061 autem
1244 3990 1650 4062 documentis
1677 3995 1836 4083 quid
1877 3995 2051 4083 juris
2093 3997 2398 4085 sequatur
2431 3982 2632 4077 quoad

380 4102 746 4196 Trappistas
774 4106 998 4178 Galliae
1020 4128 1203 4177 nunc
1222 4107 1738 4199 expendendum.
