2834 4959
423 346 552 402 114
775 421 786 434 Ι
998 350 1335 397 TRACTATUS
1375 349 1455 396 DE
1498 349 1645 394 'mut
1688 349 2104 394 assummum.

509 467 985 552 Qua'doctrina
1018 473 1192 539 circa
1233 470 1747 558 unumquodque
1774 474 1999 536 votum
2036 465 2231 535 semel
2274 466 2559 548 admissa,
2595 465 2661 535 de

419 589 624 659 tribus
655 591 723 659 in
754 591 1086 658 communi
1114 591 1279 657 votis
1309 589 1451 656 haec
1476 586 1813 656 asserenda
1836 587 2111 654 veniunt
2140 607 2157 651 ε

515 708 578 774 1ο
605 703 987 774 Solemnitas
1013 705 1217 773 trium
1251 711 1548 773 votorum
1582 702 2101 772 substantialium
2128 706 2221 769 est
2247 701 2323 768 de
2347 701 2493 789 jure
2518 697 2663 768 dun-

417 825 589 890 taxat
611 820 1061 890 ecclesiastico.
1095 819 1400 910 Sequitur
1428 840 1506 888 ex
1534 839 1609 888 eo
1636 817 1808 908 quod
1838 816 2181 908 probatum
2200 811 2276 883 'id
2306 815 2491 884 fuerit
2514 815 2659 904 sigil-

416 937 599 1006 latim
630 936 838 1026 quoad
871 936 1409 1025 unumquodque.

507 1051 572 1118 2⁰
603 1050 994 1120 Solemuitas
1035 1052 1240 1118 trium
1276 1055 1573 1118 votorum
1614 1048 2135 1118 substantialium
2180 1046 2461 1116 consistit
2485 1045 2550 1112 in
2582 1045 2656 1126 vi,

415 1189 528 1258 per
553 1166 853 1237 Ecclesiae
877 1165 1362 1257 dispositionem
1394 1164 1551 1256 ipsis
1587 1164 1827 1250 addita,
1860 1172 2061 1233 certos
2087 1163 2397 1254 quosdam
2430 1161 2661 1229 effectus

414 1281 860 1373 producendi3
935 1282 998 1350 id
1069 1282 1262 1350 etiam
1321 1281 1634 1350 evincunt
1693 1281 1997 1371 superius
2050 1278 2220 1348 dicta
2286 1279 2362 1348 de
2414 1273 2661 1366 singulis

417 1399 604 1467 votis·

501 1512 566 1582 3⁰
618 1509 848 1579 Trium
889 1517 1186 1580 votorum
1235 1509 1605 1578 solemnitas
1659 1509 1948 1578 consistit
1990 1509 2060 1577 in
2098 1510 2191 1596 vi,
2235 1529 2347 1599 per
2395 1505 2658 1576 Ecclesiae

411 1625 896 1716 dispositionem
943 1627 1099 1718 ipsis
1139 1625 1352 1693 addita
1377 1676 1396 1705 ,
1446 1625 1660 1694 irritos
1685 1677 1706 1712 ,
1754 1625 1855 1694 vel
1912 1625 2138 1693 saltem
2210 1621 2528 1692 irritabiles
2580 1619 2657 1685 sa·

413 1739 625 1809 ciendi
683 1745 886 1808 certos
940 1740 1258 1829 quosdam
1324 1744 1504 1808 actus
1548 1738 1863 1827 religiosi,
1944 1735 2324 1806 accidentali
2398 1739 2657 1802 votorum

415 1855 790 1946 perfectioni
844 1856 1220 1923 contrarios.
1275 1852 1539 1922 Etenim
1566 1852 1939 1922 solemnitas
1977 1852 2107 1922 voti
2142 1851 2439 1920 castitatis
2480 1847 2657 1914 irritat

407 1977 811 2040 contractum
872 1968 1423 2038 matrimonialem
1496 1968 2032 2058 subsequentem,
2087 1973 2153 2036 et
2208 1969 2401 2035 etiam
2442 1969 2655 2032 antece·

407 2085 670 2153 dentem
711 2085 765 2152 si
805 2084 1300 2151 matrimonium
1349 2103 1483 2150 non
1532 2083 1728 2150 fuerit
1774 2087 2336 2152 consummatum.
2374 2077 2525 2148 ltem
2554 2073 2664 2141 voti

408 2199 800 2290 paupertatis
843 2197 1210 2264 solemnitas
1271 2195 1479 2264 irritat
1528 2195 1885 2286 quemlibet
1920 2203 2140 2266 actum
2196 2194 2500 2274 dominii,
2557 2189 2665 2258 sive

411 2311 619 2402 quoad
653 2310 820 2378 bona
841 2311 980 2397 jam
1018 2331 1323 2400 possessa,
1367 2309 1609 2400 quibus
1644 2312 1953 2402 spoliatur
1988 2311 2339 2401 religiosus
2367 2312 2499 2402 ipso
2523 2305 2660 2373 racto
2777 2367 2778 2372 ,

407 2426 626 2496 emissi
675 2424 1050 2492 solemniter
1108 2424 1500 2517 paupertatis
1578 2428 1731 2509 voti,
1787 2427 1919 2495 sive
1963 2427 2177 2516 quoad
2242 2427 2411 2495 bona
2458 2421 2660 2492 adven-

407 2542 570 2621 titia,
614 2561 898 2630 quorum
941 2539 1491 2628 acquirendorum
1538 2541 1809 2631 incapax
1856 2541 2156 2609 efficitur.
2221 2540 2505 2610 Tandem
2549 2532 2655 2602 voti

406 2656 787 2727 obedientiae
837 2658 1205 2727 solemnitas
1267 2680 1398 2726 non
1460 2658 1725 2746 quidem
1779 2659 1995 2726 irritas
2027 2708 2046 2745 ‚
2112 2657 2229 2727 sed
2284 2655 2659 2748 superiorum

409 2774 672 2842 arbitrio
729 2773 1072 2841 irritabiles
1127 2774 1333 2842 reddit
1389 2774 1871 2865 promissioneS,
1928 2794 2089 2863 quas
2153 2774 2492 2863 religiosus
2543 2767 2662 2859 post

408 2891 708 2957 emissam
742 2888 1224 2979 professionem,
1277 2887 1430 2956 facit
1459 2887 1618 2969 De0,
1667 2887 1770 2958 vel
1818 2886 2217 2956 bominibus.
2266 2888 2417 2958 Haec
2462 2899 2663 2970 nempe

409 3003 852 3094 superioribus
897 3001 1220 3093 capitibus
1271 3002 1541 3092 probata
1586 3008 1761 3072 sunt.
1830 3000 2151 3073 Addimus
2210 3013 2429 3073 autem
2481 3004 2663 3072 actuS,

408 3117 524 3210 qui
552 3118 639 3186 sic
665 3140 778 3208 per
816 3127 1110 3188 votorum
1161 3116 1629 3186 solemnitatem
1663 3117 1834 3186 irriti
1890 3116 1987 3185 vel
2028 3116 2375 3186 irritabiles
2406 3111 2662 3185 reddun-

303 3277 312 3289 ι
411 3241 540 3317 tur,
605 3255 738 3302 esse
799 3240 972 3302 actus
1045 3234 1397 3301 contrarios
1467 3230 1865 3300 accidentali
1921 3239 2219 3300 votorum
2289 3224 2658 3324 perfectioni.

415 3345 584 3414 Nam
615 3347 674 3414 si
719 3347 978 3418 effectus
1036 3347 1142 3416 ille
1197 3349 1635 3437 requireretur
1686 3349 1764 3416 ad
1817 3347 2231 3416 essentialem
2280 3349 2495 3417 etiam·
2516 3345 2665 3410 voto-

417 3485 568 3532 rum
612 3441 1091 3552 perl'ectionem,
1149 3462 1635 3554 produceretur,
1687 3484 1818 3531 non
1880 3485 1954 3531 ex
2000 3465 2151 3552 jure
2224 3462 2518 3553 positivo,
2574 3446 2663 3520 sed

419 3573 776 3644 necessario
821 3595 895 3642 ex
945 3577 1086 3665 ipsa
1127 3581 1422 3642 votorum
1470 3575 1762 3642 essentia.
1810 3571 1979 3642 Cum
2026 3594 2181 3662 ergo
2226 3570 2563 3662 probatum
2602 3559 2668 3627 sit

419 3691 890 3760 solemnitatem
933 3711 1008 3758 ex
1050 3691 1198 3779 jure
1244 3688 1553 3758 duntaxat
1592 3689 1865 3782 positivo
1908 3688 2242 3756 dimanare
2263 3738 2282 3775 ,
2336 3684 2555 3755 merito
2586 3677 2669 3744 in-

421 3806 647 3890 sertur,
679 3805 940 3874 effectus
981 3825 1055 3872 ex
1085 3804 1194 3872 illa
1221 3805 1619 3874 solemnitate
1656 3802 2126 3896 provenientes,
2154 3824 2289 3871 non
2316 3821 2449 3868 esse
2482 3809 2671 3865 neces·

423 3922 621 3989 sarios
651 3922 728 3989 ad
757 3919 1168 3990 essentialem
1194 3926 1490 3988 votorum
1520 3919 2007 4012 perfectionem,
2052 3919 2161 3988 sed
2190 3909 2585 3986 solummodo
2605 3899 2672 3972 ad
2777 3979 2778 3986 χ

423 4035 903 4106 accidentalem.

417 4239 484 4288 At
509 4249 630 4288 vero
653 4237 913 4302 explicatio
933 4241 1040 4302 illa,
1067 4241 1162 4292 etsi
1189 4251 1292 4291 non
1321 4240 1529 4290 omnino
1558 4240 1741 4300 invicte
1770 4237 2009 4300 stabtlita,
2036 4237 2261 4302 qualibet
2287 4233 2388 4285 alia
2412 4232 2543 4295 (meo
2572 4221 2669 4286 qui·

425 4326 544 4376 dem
559 4327 769 4388 judicio)
793 4328 960 4380 multo
983 4327 1286 4393 probabilior
1313 4333 1412 4380 est.
1444 4327 1546 4379 Nec
1562 4339 1771 4394 parvam
1791 4327 2213 4381 etauctoritatem
2238 4321 2517 4379 Sauream,
2544 4317 2673 4366 sum

427 4414 674 4477 faciendo,
705 4415 919 4468 addidit.
