2834 4959
332 318 457 375 394
664 373 679 394 ,
898 320 1245 369 rate-rarus
1289 318 1369 367 ns
1410 318 1560 367 sm
1605 318 2020 367 munaum.

1264 598 1548 672 CAPUT
1579 598 1660 669 Π.

328 808 439 855 mx
506 807 885 870 sacomam,
936 806 1283 857 amelosos
1322 808 1404 855 tn·
1457 806 1648 853 ‘raus
1695 802 2254 877 non-Aenoscm,
2317 806 2598 857 mmm

594 908 831 963 NEQUE
872 907 1189 967 enormius
1232 906 1562 955 Possumne
1604 905 1670 954 11(
1715 904 1994 956 COUUHI
2036 906 2346 955 vamum

414 1122 849 1192 Aneunsuruu
880 1122 931 1206 l,
957 1146 1040 1191 ex
1070 1134 1323 1192 natura
1354 1121 1502 1213 ipsa
1525 1118 1986 1211 reliqiosarum
2005 1120 2604 1191 communitatum.

324 1274 417 1289 —
460 1236 719 1309 Etenim
756 1245 1029 1331 potestas
1077 1240 1243 1326 haec,
1288 1260 1437 1329 quae
1483 1236 1615 1327 legi
1665 1235 1958 1307 saeculari
2009 1235 2432 1327 tribueretur,
2481 1240 2608 1309 im·

326 1352 630 1443 pediendi
684 1376 771 1425 ne
812 1354 1144 1443 regulares
1198 1356 1270 1422 in
1320 1352 1662 1423 communi
1691 1350 2018 1443 possidere
2055 1352 2328 1443 possint,
2356 1353 2610 1423 intelli-

328 1468 536 1555 genda
586 1472 769 1554 foret,
818 1467 921 1537 vel
968 1468 1181 1559 quoad
1221 1470 1359 1559 jue,
1408 1466 1512 1537 vel
1565 1466 1780 1558 quoad
1827 1466 2076 1540 factum
2099 1451 2138 1537 ἐ
2167 1469 2342 1558 atqui
2371 1475 2614 1539 neutro

326 1600 519 1651 sensu
566 1582 733 1650 valet
787 1584 1117 1653 saecularis
1166 1589 1439 1671 potestas
1489 1582 1833 1674 impedire,
1887 1582 2050 1673 quin
2089 1580 2364 1671 religiosi
2417 1580 2600 1651 bona

328 1696 705 1787 temporalia
742 1696 813 1767 in
850 1700 1193 1769 communi
1222 1700 1634 1791 possideant:

421 1812 485 1879 1⁰
531 1810 821 1903 Spoliare
868 1815 1093 1905 nequit
1136 1814 1470 1907 religiosos
1508 1816 1660 1906 jure
1701 1812 2072 1906 possidendi
2114 1813 2190 1883 in
2231 1812 2590 1883 communi.

326 1926 493 1997 Nam
532 1928 827 2001 Christus
860 1931 1219 2001 Ecclesiam
1256 1931 1536 2001 instituit
1583 1952 1738 2001 cum
1781 1930 2089 1999 omnibus
2123 1928 2426 2021 juribus?
2455 1948 2602 2021 quie

326 2041 409 2111 ad
468 2045 667 2115 finem
724 2046 863 2138 ejus
917 2050 1261 2139 proprium
1313 2047 1788 2139 assequendum
1840 2044 2198 2116 necessaria
2263 2050 2438 2115 sunt.
2495 2046 2600 2115 Ad

326 2157 525 2227 finem
575 2165 795 2229 autem
848 2160 1155 2231 Ecclesiae
1234 2162 1676 2232 necessarium
1733 2166 1828 2231 est
1877 2166 1952 2231 ut
2011 2160 2186 2231 hona
2231 2160 2600 2253 temporalia

328 2271 651 2361 possidere
676 2276 921 2364 possit3
970 2277 1153 2347 verbi
1200 2279 1432 2367 gratia,
1467 2298 1726 2346 necesse
1773 2282 1870 2347 est
1908 2282 1984 2345 ut
2019 2274 2256 2347 habeat
2280 2274 2604 2365 ecclesias,

329 2406 476 2455 vasa
522 2406 725 2473 sacra,
782 2410 1011 2481 resque
1046 2392 1205 2461 alias
1232 2392 1313 2461 ad
1340 2414 1596 2463 sacram
1637 2392 1980 2483 liturgiam
2021 2392 2364 2483 requisitas
2395 2416 2414 2461 ε
2451 2394 2612 2463 item

328 2500 620 2569 redditus
686 2504 860 2573 unde
928 2507 1385 2577 ministrorum
1431 2530 1704 2579 suorum
1755 2506 2202 2578 sustentationi
2253 2506 2608 2596 provideat.

328 2612 575 2685 Pariter
618 2618 697 2685 ad
752 2618 949 2689 finem
988 2618 1295 2693 Ecclesioe
1342 2624 1684 2717 proprium
1722 2620 2022 2714 pertinet,
2076 2628 2154 2692 ut
2193 2622 2410 2692 fideles
2451 2642 2610 2713 pos·-

326 2728 456 2797 sint
528 2733 799 2803 consilia
856 2737 1225 2827 evangelica
1284 2740 1365 2809 ad
1422 2740 1676 2830 praxim
1736 2738 2052 2809 deducere
2098 2760 2121 2822 ;
2177 2758 2462 2827 cumque
2525 2736 2614 2805 ad

324 2846 642 2934 ejusmodi
692 2850 1142 2940 perfectiorem
1196 2858 1474 2942 statum,
1529 2846 1926 2925 communis
1957 2852 2086 2921 vita
2137 2851 2329 2943 longe
2381 2851 2608 2923 utilior

330 2960 409 3027 sit
446 2963 755 3050 solitaria,
784 2969 892 3053 jus
920 2967 1116 3037 habet
1154 2967 1441 3038 Ecclesia
1489 2974 1564 3037 ut
1607 2970 1856 3061 possint
1879 2968 2162 3059 religiosi
2190 2968 2394 3036 vitam
2427 2988 2614 3039 com·

324 3092 591 3145 munem
636 3099 845 3169 agere.
894 3080 1041 3149 Jam
1078 3102 1231 3153 vero
1280 3090 1353 3151 ut
1394 3084 1852 3173 religiosorum
1880 3084 2380 3155 communitates
2403 3084 2616 3153 finem

321 3186 518 3277 hujus
568 3194 667 3261 sui
712 3195 987 3266 instituti
1040 3204 1185 3288 apte
1225 3199 1486 3269 valeant
1527 3202 1870 3291 attingere,
1923 3220 2182 3271 necesse
2207 3205 2302 3270 est
2325 3204 2394 3267 ut
2417 3217 2610 3269 eom-

321 3302 607 3373 munitas
632 3306 771 3397 ipsa
813 3310 1267 3383 membrorum
1310 3335 1584 3385 suorum
1618 3314 2084 3408 temporalibus
2115 3311 2616 3385 necessitatibus

322 3416 661 3506 providere
716 3426 951 3515 possit3
1030 3449 1106 3498 ac
1172 3430 1450 3520 proinde
1493 3437 1566 3500 ut
1617 3432 1790 3502 bona
1841 3430 2222 3523 temporalia
2287 3438 2614 3519 tanquam

196 3603 213 3622 ,
318 3536 750 3607 communitas
806 3542 1131 3631 possidere
1180 3544 1391 3617 valeat
1424 3570 1443 3614 z
1479 3568 1564 3617 ne
1613 3546 1880 3633 scilicet,
1935 3548 1992 3616 si
2027 3546 2308 3637 quisque
2333 3544 2616 3635 religio-

318 3670 539 3721 sorum
607 3654 687 3723 de
756 3656 950 3728 rebus
998 3656 1321 3749 ejusmodi
1386 3661 1512 3731 sibi
1577 3661 1998 3753 procurandis
2041 3667 2235 3753 atque
2275 3660 2610 3731 adminis-
2736 3730 2747 3741 ,

316 3766 564 3836 trandis
620 3769 1130 3841 sollicitudinem
1200 3796 1530 3846 assumere
1581 3776 1866 3863 deberet,
1941 3781 2071 3846 tota
2132 3775 2266 3846 lere
2313 3774 2612 3865 religiosi

316 3886 515 3951 status
567 3886 839 3955 utilitate
891 3887 1317 3959 fraudaretur.
1382 3890 1556 3981 Ergo
1593 3895 1708 3983 jus
1753 3891 1948 3961 habet
1989 3890 2278 3961 Ecclesia
2326 3896 2402 3959 ut
2443 3889 2612 3959 reli-

316 3998 483 4088 giosi
532 4004 601 4070 in
650 4007 993 4076 communi
1046 4009 1371 4099 possidere
1421 4009 1699 4081 valeant.
1741 4009 1915 4101 Ergo
1955 4010 2282 4081 saecularis
2329 4012 2602 4100 potestas

310 4114 419 4203 ⁸ius
490 4116 655 4189 illud
723 4143 1073 4213 agnoscere
1123 4146 1432 4216 renuens,
1487 4133 1600 4196 aut
1643 4128 1965 4218 ejusmodi
2012 4128 2478 4219 possessionem
2529 4122 2612 4193 in

318 4235 659 4301 communi
706 4234 975 4307 decretis
1018 4239 1155 4309 suis
1186 4242 1563 4332 prohibens,
1611 4242 1852 4333 injuste
1897 4244 2056 4333 agit,
2095 4247 2159 4314 et
2182 4260 2608 4335 nequaquam

315 4344 431 4431 jus
460 4345 625 4415 illud
666 4350 1117 4437 religiosarum
1148 4357 1692 4429 communitatum
1726 4358 2018 4428 destruit.
