2834 4959
408 410 529 466 254
972 409 1312 460 mcurus
1356 409 1438 458 ΒΕ
1475 407 1624 456 mm!
1669 405 2089 456 amm-mmm.

387 539 537 608 cite
573 541 745 605 textu
779 529 1205 611 Tridentino;
1256 530 1365 600 sed
1414 535 1660 600 textum
1707 529 2017 618 intelligit
2063 529 2152 598 ita
2189 533 2266 596 ut
2311 527 2480 596 nihil
2529 532 2680 620 juri

386 657 569 722 antea
610 649 857 738 vigenti
900 645 1281 735 derogatum
1333 644 1550 728 fuerit,
1605 644 1816 734 quoad
1865 641 2254 731 beneplaciti
2307 639 2678 731 Apostolici

388 762 849 846 necessitatem,
898 768 963 830 et
1036 759 1247 829 addita
1291 759 1596 827 duntaxat
1660 758 1856 828 fuerit
1905 757 2246 826 necessitas
2299 755 2671 827 obtinendae

388 881 581 950 etiam
632 878 714 946 ab
768 876 1081 967 Episcopo
1133 875 1432 944 licentiae.
1485 872 1630 943 Non
1690 872 1869 942 aliud
1923 871 2174 941 scilicet
2235 869 2666 942 conclusionis

386 1015 521 1066 suae
552 992 1045 1062 fundamentum
1084 987 1315 1079 allegat
1353 987 1652 1058 laudatus
1687 986 2000 1070 Pontifex,
2041 1007 2244 1075 quam
2271 986 2432 1054 duas
2469 1007 2668 1078 supra

386 1113 609 1178 citatas
658 1105 1004 1176 decretales
1056 1101 1357 1192 Gregorii
1398 1101 1462 1171 X
1505 1109 1570 1170 et
1601 1101 1918 1172 Bonifacii
1963 1099 2110 1170 V111
2153 1101 2250 1187 (id
2299 1111 2417 1182 est,
2471 1107 2666 1192 caput

386 1225 830 1315 Reliqionum,
864 1220 944 1289 de
976 1218 1323 1310 Reliqiosis
1352 1218 1676 1286 Domibus
1693 1237 1726 1302 ;
1751 1223 1814 1288 et
1840 1223 2035 1308 caput
2083 1219 2250 1286 Cum
2295 1237 2380 1286 ex
2427 1240 2529 1304 eo,
2591 1217 2668 1286 de

388 1339 772 1408 Eme-essibus
790 1335 1267 1420 Proelatorum,
1288 1336 1360 1404 in
1387 1335 1626 1424 sexto).
1647 1337 1682 1402 J
1685 1356 1793 1402 am
1811 1355 1963 1403 vero
1983 1355 2062 1404 ex
2083 1339 2302 1403 tenore
2326 1335 2666 1424 utriusque

389 1456 504 1543 huj
512 1475 585 1522 us
632 1452 966 1521 decretalis
1016 1451 1190 1518 haud
1244 1449 1499 1518 videtur
1549 1449 1774 1518 inferri
1821 1469 2006 1540 posse
2055 1447 2432 1538 beneplaciti
2479 1449 2662 1540 Apo-

388 1567 597 1638 stolici
638 1567 980 1636 necessitas
1015 1565 1490 1652 universaliter,
1531 1587 1645 1635 seu
1671 1565 1883 1655 quoad
1909 1565 2238 1656 religiosos
2257 1568 2319 1631 et
2343 1563 2666 1632 moniales

388 1703 663 1770 omnes;
714 1680 828 1750 sed
882 1681 1186 1750 duntaxat
1246 1681 1462 1772 quoad
1535 1681 1976 1752 mendicantes
2035 1682 2152 1770 qui
2199 1679 2270 1748 in
2319 1679 2660 1746 communi

390 1800 561 1868 bona
613 1797 981 1867 immobilia
1031 1796 1355 1888 possidere
1404 1795 1861 1888 probibentur,
1923 1795 1992 1864 id
2049 1799 2168 1883 est,
2225 1794 2429 1884 quoad
2489 1793 2664 1863 solos

388 1915 791 2007 Capuccinos
814 1919 878 1983 et
914 1911 1201 1983 Minores
1243 1912 1321 1980 de
1350 1910 1796 1982 observantia.
1831 1909 1924 1980 lta
1951 1911 2184 1980 visum·
2209 1915 2304 1978 est
2325 1907 2656 1998 Fagnano,

389 2031 505 2120 qui
544 2036 749 2099 textus
794 2029 943 2098 illos
968 2027 1311 2118 diligenter
1336 2026 1667 2105 discussit,
1709 2033 1772 2096 et
1817 2025 2240 2116 quaestionem
2267 2045 2345 2092 ex
2386 2022 2660 2114 professo

390 2147 702 2214 tractavit.
746 2143 827 2212 Et
877 2144 1077 2212 fateor
1122 2163 1253 2211 non
1304 2163 1488 2233 posse
1541 2163 1649 2212 me
1695 2142 2054 2233 perspicere
2100 2142 2175 2208 in
2229 2161 2363 2230 quo
2411 2139 2660 2208 deficiat

392 2259 609 2327 eximii
652 2259 831 2327 illius
880 2255 1155 2326 doctoris
1180 2256 1600 2327 ratiocinatio.
1653 2255 1741 2326 Ut
1791 2257 1946 2326 adeo
1997 2277 2128 2326 non
2183 2277 2417 2347 parum
2469 2257 2654 2324 mirer

392 2371 809 2440 communem
836 2372 1109 2441 evasisse
1140 2373 1549 2457 sententiam,
1581 2373 1661 2442 de
1689 2373 2047 2442 necessaria
2079 2372 2246 2442 sedis
2283 2371 2658 2462 Apostolieae

392 2487 675 2570 licentia,
732 2485 813 2554 ad
872 2485 1159 2574 cujusvis
1210 2491 1562 2556 conventus
1612 2484 2028 2568 erectionem,
2085 2491 2263 2555 extra
2309 2485 2565 2556 ltaliam
2603 2491 2654 2554 et

328 2667 353 2696 ,
395 2600 751 2692 adjacentes
784 2599 1053 2668 insulas.

484 2714 563 2784 11.
598 2713 787 2796 Quod
832 2724 1051 2784 tamen
1095 2737 1318 2785 revera
1366 2717 1736 2786 communis
1783 2717 1898 2786 illa
1933 2719 2248 2787 sententia
2287 2717 2579 2802 evaserit,
2605 2721 2654 2785 et

396 2853 435 2902 a
460 2831 769 2900 Romanis
796 2830 1236 2901 tribunalibus
1276 2839 1340 2902 et
1378 2833 1988 2922 congregationibus
2029 2856 2148 2924 pro
2177 2831 2400 2924 regula
2427 2833 2652 2904 habea-

396 2955 525 3032 tur,
568 2953 901 3036 tamquam
946 2955 1201 3016 certum
1240 2947 1523 3016 affirmat
1571 2946 1960 3020 Benedictus
2003 2947 2182 3036 XIV,
2229 2949 2438 3018 citatis
2481 2967 2668 3038 supra·

366 3061 632 3130 ·verbis.
681 3062 895 3152 Atque
944 3062 1011 3130 id
1060 3063 1281 3130 minus
1327 3063 1722 3132 considerate
1773 3065 1856 3132 ab
1900 3067 2041 3155 ipso
2086 3070 2400 3134 assertum
2459 3064 2651 3132 dicere

400 3184 563 3245 vetat
606 3178 767 3246 tanti
824 3177 1153 3266 scriptoris
1208 3178 1578 3246 auctoritas.
1635 3177 1846 3248 Semel
1902 3185 2120 3248 autem
2177 3179 2646 3271 praesupposito,

398 3299 461 3358 et
502 3292 829 3362 Benedicti
875 3291 1027 3362 XIV
1084 3299 1369 3384 tempore
1417 3295 1791 3377 invaluisse,
1845 3303 1908 3366 et
1957 3297 2320 3366 etiamnum
2381 3313 2650 3387 perseve-

398 3427 540 3474 rare
568 3414 873 3476 assertam
902 3407 985 3476 ab
1024 3409 1166 3498 ipso
1206 3429 1542 3478 sacrarum
1587 3409 2165 3500 congregationum
2205 3413 2456 3500 praxim
2493 3411 2644 3500 (cum

400 3515 537 3584 haec
588 3516 990 3606 privatorum
1055 3520 1444 3609 scriptorum
1495 3521 1916 3610 opinionibus
1981 3522 2324 3612 praevalere
2387 3515 2639 3606 debeat),

397 3632 687 3721 sequitur
726 3632 915 3700 hodie
947 3631 1028 3701 ad
1072 3632 1224 3700 novi
1266 3639 1618 3702 conventus
1654 3637 2044 3704 erectionem
2075 3634 2506 3704 necessarium
2537 3649 2646 3698 esse

398 3745 875 3838 beneplacitum
920 3747 1395 3837 Apostolicum‚
1440 3749 1634 3816 etiam
1676 3755 1852 3818 extra
1899 3749 2154 3818 Italiam
2199 3755 2265 3816 et
2315 3749 2648 3838 adjacentes

393 3861 683 3932 insulas:
720 3861 989 3952 proinde
1026 3862 1278 3930 nullam
1312 3863 1449 3930 fore
1477 3883 1552 3931 ac
1577 3863 1832 3933 irritam
1858 3864 2330 3946 fundationem,
2363 3885 2437 3931 ex
2465 3859 2644 3931 solius

400 3973 725 4045 Ordinarii
750 3975 1011 4048 licentia
1030 3983 1379 4067 peractam.

2784 4607 2793 4929 ᾗ
