<?xml version="1.0" encoding="UTF-8"?>
<!DOCTYPE html PUBLIC "-//W3C//DTD XHTML 1.0 Transitional//EN"
    "http://www.w3.org/TR/xhtml1/DTD/xhtml1-transitional.dtd">
<html xmlns="http://www.w3.org/1999/xhtml" xml:lang="en" lang="en">
 <head>
  <title>
</title>
<meta http-equiv="Content-Type" content="text/html;charset=utf-8" />
  <meta name='ocr-system' content='tesseract 3.04.00' />
  <meta name='ocr-capabilities' content='ocr_page ocr_carea ocr_par ocr_line ocrx_word'/>
</head>
<body>
  <div class='ocr_page' id='page_1' title='image "./tractatusdejure01unkngoog_0232.png"; bbox 0 0 2834 4959; ppageno 0'>
   <div class='ocr_carea' id='block_1_1' title="bbox 396 320 2074 380">
    <p class='ocr_par' dir='ltr' id='par_1_1' title="bbox 396 320 2074 380">
     <span class='ocr_line' id='line_1_1' title="bbox 396 320 2074 380; baseline 0.002 -4"><span class='ocrx_word' id='word_1_1' title='bbox 396 320 521 376; x_wconf 63' lang='lat'><strong>214</strong></span> <span class='ocrx_word' id='word_1_2' title='bbox 964 329 1301 378; x_wconf 59' lang='lat' dir='ltr'><strong>Telemus</strong></span> <span class='ocrx_word' id='word_1_3' title='bbox 1340 333 1420 380; x_wconf 76' lang='lat' dir='ltr'><strong>ns</strong></span> <span class='ocrx_word' id='word_1_4' title='bbox 1465 331 1613 378; x_wconf 71' lang='lat' dir='ltr'><strong>scm-3</strong></span> <span class='ocrx_word' id='word_1_5' title='bbox 1659 331 2074 380; x_wconf 72' lang='lat' dir='ltr'><strong>REGULARmM.</strong></span> 
     </span>
    </p>
   </div>
   <div class='ocr_carea' id='block_1_2' title="bbox 383 450 2672 634">
    <p class='ocr_par' dir='ltr' id='par_1_2' title="bbox 383 450 2672 634">
     <span class='ocr_line' id='line_1_2' title="bbox 383 450 2672 542; baseline 0.003 -25"><span class='ocrx_word' id='word_1_6' title='bbox 383 451 521 542; x_wconf 86' lang='lat' dir='ltr'><strong>jam</strong></span> <span class='ocrx_word' id='word_1_7' title='bbox 548 456 769 518; x_wconf 63' lang='lat' dir='ltr'><strong>erectae</strong></span> <span class='ocrx_word' id='word_1_8' title='bbox 798 455 856 518; x_wconf 86' lang='lat' dir='ltr'><strong>et</strong></span> <span class='ocrx_word' id='word_1_9' title='bbox 880 451 1235 519; x_wconf 65' lang='lat' dir='ltr'><strong>constitutas</strong></span> <span class='ocrx_word' id='word_1_10' title='bbox 1268 452 1798 542; x_wconf 78' lang='lat' dir='ltr'>congregationes</span> <span class='ocrx_word' id='word_1_11' title='bbox 1829 451 2168 522; x_wconf 72' lang='lat' dir='ltr'><strong>pontificia</strong></span> <span class='ocrx_word' id='word_1_12' title='bbox 2193 450 2672 542; x_wconf 79' lang='lat' dir='ltr'>approbatione</span> 
     </span>
     <span class='ocr_line' id='line_1_3' title="bbox 390 567 829 634; baseline -0.002 0"><span class='ocrx_word' id='word_1_13' title='bbox 390 567 829 634; x_wconf 87' lang='lat' dir='ltr'><strong>firmarentur.</strong></span> 
     </span>
    </p>
   </div>
   <div class='ocr_carea' id='block_1_3' title="bbox 481 680 2804 774">
    <p class='ocr_par' dir='ltr' id='par_1_3' title="bbox 481 680 2804 774">
     <span class='ocr_line' id='line_1_4' title="bbox 481 680 2804 774; baseline 0.002 -26"><span class='ocrx_word' id='word_1_14' title='bbox 481 680 626 750; x_wconf 90' lang='lat' dir='ltr'><strong>Jam</strong></span> <span class='ocrx_word' id='word_1_15' title='bbox 668 704 832 764; x_wconf 15' lang='lat' dir='ltr'><strong>‘vero</strong></span> <span class='ocrx_word' id='word_1_16' title='bbox 886 681 1096 774; x_wconf 83' lang='lat' dir='ltr'><strong>praxis</strong></span> <span class='ocrx_word' id='word_1_17' title='bbox 1144 683 1285 750; x_wconf 83' lang='lat' dir='ltr'><strong>haec</strong></span> <span class='ocrx_word' id='word_1_18' title='bbox 1340 681 1764 752; x_wconf 82' lang='lat' dir='ltr'><strong>manifestum</strong></span> <span class='ocrx_word' id='word_1_19' title='bbox 1813 682 1990 766; x_wconf 79' lang='lat' dir='ltr'><strong>facit,</strong></span> <span class='ocrx_word' id='word_1_20' title='bbox 2045 683 2403 750; x_wconf 85' lang='lat' dir='ltr'><strong>consentire</strong></span> <span class='ocrx_word' id='word_1_21' title='bbox 2453 683 2680 752; x_wconf 83' lang='lat' dir='ltr'><strong>sedem</strong></span> <span class='ocrx_word' id='word_1_22' title='bbox 2802 727 2804 738; x_wconf 89' lang='lat'>·</span> 
     </span>
    </p>
   </div>
   <div class='ocr_carea' id='block_1_4' title="bbox 391 797 2682 1003">
    <p class='ocr_par' dir='ltr' id='par_1_4' title="bbox 391 797 2682 1003">
     <span class='ocr_line' id='line_1_5' title="bbox 391 797 2682 902; baseline 0.002 -38"><span class='ocrx_word' id='word_1_23' title='bbox 391 797 855 886; x_wconf 80' lang='lat' dir='ltr'><strong>Apostolicam,</strong></span> <span class='ocrx_word' id='word_1_24' title='bbox 914 803 988 866; x_wconf 91' lang='lat' dir='ltr'><strong>ut</strong></span> <span class='ocrx_word' id='word_1_25' title='bbox 1040 797 1229 866; x_wconf 85' lang='lat' dir='ltr'><strong>dictae</strong></span> <span class='ocrx_word' id='word_1_26' title='bbox 1273 819 1457 866; x_wconf 78' lang='lat' dir='ltr'><strong>novae</strong></span> <span class='ocrx_word' id='word_1_27' title='bbox 1495 799 2028 902; x_wconf 70' lang='lat' dir='ltr'><strong>congregationes</strong></span> <span class='ocrx_word' id='word_1_28' title='bbox 2074 805 2222 868; x_wconf 85' lang='lat' dir='ltr'><strong>ante</strong></span> <span class='ocrx_word' id='word_1_29' title='bbox 2267 797 2682 868; x_wconf 74' lang='lat' dir='ltr'><strong>pontificiam</strong></span> 
     </span>
     <span class='ocr_line' id='line_1_6' title="bbox 392 912 2676 1003; baseline 0 -21"><span class='ocrx_word' id='word_1_30' title='bbox 392 912 925 1003; x_wconf 82' lang='lat' dir='ltr'><strong>approbationem</strong></span> <span class='ocrx_word' id='word_1_31' title='bbox 984 915 1153 981; x_wconf 89' lang='lat' dir='ltr'><strong>etde</strong></span> <span class='ocrx_word' id='word_1_32' title='bbox 1184 912 1319 984; x_wconf 87' lang='lat' dir='ltr'><strong>sola</strong></span> <span class='ocrx_word' id='word_1_33' title='bbox 1348 914 1850 982; x_wconf 76' lang='lat' dir='ltr'><strong>ordinariorum</strong></span> <span class='ocrx_word' id='word_1_34' title='bbox 1919 914 2182 982; x_wconf 88' lang='lat' dir='ltr'><strong>licentia</strong></span> <span class='ocrx_word' id='word_1_35' title='bbox 2253 913 2676 984; x_wconf 75' lang='lat' dir='ltr'><strong>inchoentur.</strong></span> 
     </span>
    </p>
   </div>
   <div class='ocr_carea' id='block_1_5' title="bbox 392 1027 2804 1464">
    <p class='ocr_par' dir='ltr' id='par_1_5' title="bbox 392 1027 2804 1464">
     <span class='ocr_line' id='line_1_7' title="bbox 392 1027 2804 1119; baseline 0.001 -23"><span class='ocrx_word' id='word_1_36' title='bbox 392 1028 572 1096; x_wconf 86' lang='lat' dir='ltr'><strong>Alias</strong></span> <span class='ocrx_word' id='word_1_37' title='bbox 618 1027 793 1096; x_wconf 89' lang='lat' dir='ltr'><strong>enim</strong></span> <span class='ocrx_word' id='word_1_38' title='bbox 842 1051 974 1099; x_wconf 90' lang='lat' dir='ltr'><strong>non</strong></span> <span class='ocrx_word' id='word_1_39' title='bbox 1021 1029 1453 1118; x_wconf 76' lang='lat' dir='ltr'><strong>denegaretur</strong></span> <span class='ocrx_word' id='word_1_40' title='bbox 1489 1031 1870 1119; x_wconf 85' lang='lat' dir='ltr'><strong>approbatio</strong></span> <span class='ocrx_word' id='word_1_41' title='bbox 1893 1027 2236 1098; x_wconf 83' lang='lat' dir='ltr'><strong>Pontificia</strong></span> <span class='ocrx_word' id='word_1_42' title='bbox 2261 1029 2677 1112; x_wconf 62' lang='lat' dir='ltr'><strong>inchoandis»,</strong></span> <span class='ocrx_word' id='word_1_43' title='bbox 2802 1061 2804 1108; x_wconf 70' lang='grc' dir='ltr'>ς</span> 
     </span>
     <span class='ocr_line' id='line_1_8' title="bbox 393 1119 2684 1234; baseline 0 -22"><span class='ocrx_word' id='word_1_44' title='bbox 393 1165 517 1212; x_wconf 88' lang='lat' dir='ltr'><strong>nec</strong></span> <span class='ocrx_word' id='word_1_45' title='bbox 556 1144 816 1212; x_wconf 86' lang='lat' dir='ltr'><strong>daretur</strong></span> <span class='ocrx_word' id='word_1_46' title='bbox 844 1145 1253 1212; x_wconf 85' lang='lat' dir='ltr'><strong>solummodo</strong></span> <span class='ocrx_word' id='word_1_47' title='bbox 1296 1147 1437 1233; x_wconf 90' lang='lat' dir='ltr'><strong>jam</strong></span> <span class='ocrx_word' id='word_1_48' title='bbox 1475 1119 1817 1213; x_wconf 83' lang='lat' dir='ltr'><strong>inchoatis.</strong></span> <span class='ocrx_word' id='word_1_49' title='bbox 1867 1144 2040 1234; x_wconf 85' lang='lat' dir='ltr'><strong>Ergo</strong></span> <span class='ocrx_word' id='word_1_50' title='bbox 2069 1166 2286 1213; x_wconf 81' lang='lat' dir='ltr'><strong>revera</strong></span> <span class='ocrx_word' id='word_1_51' title='bbox 2323 1151 2684 1214; x_wconf 83' lang='lat' dir='ltr'><strong>consuetu-</strong></span> 
     </span>
     <span class='ocr_line' id='line_1_9' title="bbox 392 1259 2686 1352; baseline 0.001 -25"><span class='ocrx_word' id='word_1_52' title='bbox 392 1260 533 1328; x_wconf 91' lang='lat' dir='ltr'><strong>dini</strong></span> <span class='ocrx_word' id='word_1_53' title='bbox 548 1261 943 1348; x_wconf 87' lang='lat' dir='ltr'><strong>jamdudum</strong></span> <span class='ocrx_word' id='word_1_54' title='bbox 986 1261 1089 1351; x_wconf 91' lang='lat' dir='ltr'><strong>(in</strong></span> <span class='ocrx_word' id='word_1_55' title='bbox 1114 1259 1337 1328; x_wconf 88' lang='lat' dir='ltr'><strong>Galliis</strong></span> <span class='ocrx_word' id='word_1_56' title='bbox 1368 1261 1759 1352; x_wconf 85' lang='lat' dir='ltr'><strong>praesertim)</strong></span> <span class='ocrx_word' id='word_1_57' title='bbox 1809 1262 2117 1344; x_wconf 85' lang='lat' dir='ltr'><strong>inductae,</strong></span> <span class='ocrx_word' id='word_1_58' title='bbox 2167 1283 2364 1328; x_wconf 78' lang='lat' dir='ltr'><strong>novas</strong></span> <span class='ocrx_word' id='word_1_59' title='bbox 2409 1281 2686 1349; x_wconf 88' lang='lat' dir='ltr'><strong>congre·</strong></span> 
     </span>
     <span class='ocr_line' id='line_1_10' title="bbox 398 1357 2804 1464; baseline 0 -23"><span class='ocrx_word' id='word_1_60' title='bbox 398 1374 679 1464; x_wconf 89' lang='lat' dir='ltr'><strong>gationes</strong></span> <span class='ocrx_word' id='word_1_61' title='bbox 704 1375 1059 1463; x_wconf 87' lang='lat' dir='ltr'><strong>religiosas,</strong></span> <span class='ocrx_word' id='word_1_62' title='bbox 1101 1375 1179 1442; x_wconf 91' lang='lat' dir='ltr'><strong>de</strong></span> <span class='ocrx_word' id='word_1_63' title='bbox 1224 1376 1357 1444; x_wconf 87' lang='lat' dir='ltr'><strong>sola</strong></span> <span class='ocrx_word' id='word_1_64' title='bbox 1383 1375 1715 1444; x_wconf 89' lang='lat' dir='ltr'><strong>Ordinarii</strong></span> <span class='ocrx_word' id='word_1_65' title='bbox 1759 1357 2056 1459; x_wconf 58' lang='lat' dir='ltr'><strong>licentia,</strong></span> <span class='ocrx_word' id='word_1_66' title='bbox 2099 1375 2482 1462; x_wconf 87' lang='lat' dir='ltr'><strong>inchoandi,</strong></span> <span class='ocrx_word' id='word_1_67' title='bbox 2515 1374 2683 1443; x_wconf 90' lang='lat' dir='ltr'><strong>Pon·</strong></span> <span class='ocrx_word' id='word_1_68' title='bbox 2802 1421 2804 1426; x_wconf 91' lang='lat'>-</span> 
     </span>
    </p>
   </div>
   <div class='ocr_carea' id='block_1_6' title="bbox 392 1490 2692 2032">
    <p class='ocr_par' dir='ltr' id='par_1_6' title="bbox 392 1490 2690 1674">
     <span class='ocr_line' id='line_1_11' title="bbox 392 1490 2690 1575; baseline 0 -19"><span class='ocrx_word' id='word_1_69' title='bbox 392 1491 669 1558; x_wconf 89' lang='lat' dir='ltr'><strong>tificium</strong></span> <span class='ocrx_word' id='word_1_70' title='bbox 727 1491 1059 1559; x_wconf 82' lang='lat' dir='ltr'><strong>accessisse</strong></span> <span class='ocrx_word' id='word_1_71' title='bbox 1098 1513 1517 1575; x_wconf 83' lang='lat' dir='ltr'><strong>consensum,</strong></span> <span class='ocrx_word' id='word_1_72' title='bbox 1571 1513 1673 1559; x_wconf 74' lang='lat' dir='ltr'><strong>res</strong></span> <span class='ocrx_word' id='word_1_73' title='bbox 1717 1490 1914 1560; x_wconf 88' lang='lat' dir='ltr'><strong>hodie</strong></span> <span class='ocrx_word' id='word_1_74' title='bbox 1963 1497 2136 1558; x_wconf 89' lang='lat' dir='ltr'><strong>certa</strong></span> <span class='ocrx_word' id='word_1_75' title='bbox 2175 1498 2240 1558; x_wconf 88' lang='lat' dir='ltr'><strong>et</strong></span> <span class='ocrx_word' id='word_1_76' title='bbox 2287 1490 2690 1558; x_wconf 82' lang='lat' dir='ltr'><strong>admittenda</strong></span> 
     </span>
     <span class='ocr_line' id='line_1_12' title="bbox 398 1606 675 1674; baseline 0.018 -6"><span class='ocrx_word' id='word_1_77' title='bbox 398 1606 675 1674; x_wconf 81' lang='lat' dir='ltr'><strong>videtur.</strong></span> 
     </span>
    </p>

    <p class='ocr_par' dir='ltr' id='par_1_7' title="bbox 402 1717 2692 2032">
     <span class='ocr_line' id='line_1_13' title="bbox 492 1717 2686 1790; baseline 0.002 -5"><span class='ocrx_word' id='word_1_78' title='bbox 492 1718 856 1788; x_wconf 76' lang='lat' dir='ltr'><strong>Pnorosruo</strong></span> <span class='ocrx_word' id='word_1_79' title='bbox 905 1720 1042 1790; x_wconf 57' lang='lat' dir='ltr'><strong>{Vt</strong></span> <span class='ocrx_word' id='word_1_80' title='bbox 1080 1760 1171 1772; x_wconf 90' lang='grc'><strong>-</strong></span> <span class='ocrx_word' id='word_1_81' title='bbox 1206 1722 1542 1789; x_wconf 82' lang='lat' dir='ltr'><strong>Canonica</strong></span> <span class='ocrx_word' id='word_1_82' title='bbox 1591 1720 1696 1789; x_wconf 68' lang='lat' dir='ltr'><strong>lea:</strong></span> <span class='ocrx_word' id='word_1_83' title='bbox 1739 1719 1818 1788; x_wconf 85' lang='lat' dir='ltr'><strong>de</strong></span> <span class='ocrx_word' id='word_1_84' title='bbox 1853 1743 1989 1790; x_wconf 87' lang='lat' dir='ltr'><strong>non</strong></span> <span class='ocrx_word' id='word_1_85' title='bbox 2037 1717 2445 1790; x_wconf 78' lang='lat' dir='ltr'><strong>inveniendis</strong></span> <span class='ocrx_word' id='word_1_86' title='bbox 2486 1721 2686 1790; x_wconf 75' lang='lat' dir='ltr'><strong>novis</strong></span> 
     </span>
     <span class='ocr_line' id='line_1_14' title="bbox 402 1834 2690 1928; baseline 0.002 -28"><span class='ocrx_word' id='word_1_87' title='bbox 402 1834 864 1925; x_wconf 67' lang='lat' dir='ltr'><strong>reliqionibzcs,</strong></span> <span class='ocrx_word' id='word_1_88' title='bbox 906 1837 975 1903; x_wconf 83' lang='lat' dir='ltr'><strong>in</strong></span> <span class='ocrx_word' id='word_1_89' title='bbox 1022 1849 1353 1927; x_wconf 79' lang='lat' dir='ltr'><strong>quantum</strong></span> <span class='ocrx_word' id='word_1_90' title='bbox 1390 1835 1793 1928; x_wconf 75' lang='lat' dir='ltr'><strong>prohibebat</strong></span> <span class='ocrx_word' id='word_1_91' title='bbox 1837 1836 2045 1904; x_wconf 81' lang='lat' dir='ltr'><strong>etiam</strong></span> <span class='ocrx_word' id='word_1_92' title='bbox 2093 1835 2690 1924; x_wconf 73' lang='lat' dir='ltr'><strong>conqreqationum</strong></span> 
     </span>
     <span class='ocr_line' id='line_1_15' title="bbox 402 1950 2692 2032; baseline 0 -13"><span class='ocrx_word' id='word_1_93' title='bbox 402 1953 543 2019; x_wconf 74' lang='lat' dir='ltr'><strong>sine</strong></span> <span class='ocrx_word' id='word_1_94' title='bbox 568 1953 741 2022; x_wconf 85' lang='lat' dir='ltr'><strong>votis</strong></span> <span class='ocrx_word' id='word_1_95' title='bbox 791 1951 1197 2022; x_wconf 80' lang='lat' dir='ltr'><strong>solemnibus</strong></span> <span class='ocrx_word' id='word_1_96' title='bbox 1236 1953 1757 2032; x_wconf 79' lang='lat' dir='ltr'><strong>inchoationem,</strong></span> <span class='ocrx_word' id='word_1_97' title='bbox 1791 1953 1864 2019; x_wconf 87' lang='lat' dir='ltr'><strong>in</strong></span> <span class='ocrx_word' id='word_1_98' title='bbox 1905 1950 2402 2021; x_wconf 79' lang='lat' dir='ltr'><strong>desuetudinem</strong></span> <span class='ocrx_word' id='word_1_99' title='bbox 2451 1950 2692 2020; x_wconf 81' lang='lat' dir='ltr'><strong>abiisse</strong></span> 
     </span>
    </p>
   </div>
   <div class='ocr_carea' id='block_1_7' title="bbox 2798 849 2808 2144">
    <p class='ocr_par' dir='ltr' id='par_1_8' title="bbox 2798 849 2808 2144">
     <span class='ocr_line' id='line_1_16' title="bbox 2798 849 2808 2144; baseline 0 0"><span class='ocrx_word' id='word_1_100' title='bbox 2798 849 2808 2144; x_wconf 95' lang='lat' dir='ltr'><strong> </strong></span> 
     </span>
    </p>
   </div>
   <div class='ocr_carea' id='block_1_8' title="bbox 404 2055 2804 2391">
    <p class='ocr_par' dir='ltr' id='par_1_9' title="bbox 404 2055 2804 2391">
     <span class='ocr_line' id='line_1_17' title="bbox 404 2055 2804 2158; baseline -0 -22"><span class='ocrx_word' id='word_1_101' title='bbox 404 2067 723 2136; x_wconf 85' lang='lat' dir='ltr'><strong>censenda</strong></span> <span class='ocrx_word' id='word_1_102' title='bbox 766 2081 885 2136; x_wconf 83' lang='lat' dir='ltr'><strong>est.</strong></span> <span class='ocrx_word' id='word_1_103' title='bbox 942 2106 1031 2121; x_wconf 91' lang='lat'>—</span> <span class='ocrx_word' id='word_1_104' title='bbox 1080 2067 1385 2136; x_wconf 89' lang='lat' dir='ltr'><strong>Vidimus</strong></span> <span class='ocrx_word' id='word_1_105' title='bbox 1429 2090 1622 2157; x_wconf 87' lang='lat' dir='ltr'><strong>supra</strong></span> <span class='ocrx_word' id='word_1_106' title='bbox 1672 2069 1912 2136; x_wconf 89' lang='lat' dir='ltr'><strong>dictam</strong></span> <span class='ocrx_word' id='word_1_107' title='bbox 1955 2067 2459 2158; x_wconf 89' lang='lat' dir='ltr'><strong>prohibitionem</strong></span> <span class='ocrx_word' id='word_1_108' title='bbox 2493 2089 2693 2135; x_wconf 79' lang='lat' dir='ltr'><strong>novas</strong></span> <span class='ocrx_word' id='word_1_109' title='bbox 2802 2055 2804 2104; x_wconf 69' lang='lat'>³</span> 
     </span>
     <span class='ocr_line' id='line_1_18' title="bbox 406 2181 2804 2269; baseline 0.002 -21"><span class='ocrx_word' id='word_1_110' title='bbox 406 2181 749 2267; x_wconf 85' lang='lat' dir='ltr'><strong>religiones</strong></span> <span class='ocrx_word' id='word_1_111' title='bbox 776 2183 1181 2269; x_wconf 87' lang='lat' dir='ltr'><strong>inveniendi,</strong></span> <span class='ocrx_word' id='word_1_112' title='bbox 1215 2184 1302 2250; x_wconf 89' lang='lat' dir='ltr'><strong>ita</strong></span> <span class='ocrx_word' id='word_1_113' title='bbox 1332 2205 1369 2248; x_wconf 90' lang='lat' dir='ltr'><strong>a</strong></span> <span class='ocrx_word' id='word_1_114' title='bbox 1394 2181 1702 2252; x_wconf 86' lang='lat' dir='ltr'><strong>Suaresio</strong></span> <span class='ocrx_word' id='word_1_115' title='bbox 1745 2189 1807 2250; x_wconf 92' lang='lat' dir='ltr'><strong>et</strong></span> <span class='ocrx_word' id='word_1_116' title='bbox 1831 2183 1978 2252; x_wconf 84' lang='lat' dir='ltr'><strong>aliis</strong></span> <span class='ocrx_word' id='word_1_117' title='bbox 2001 2185 2442 2252; x_wconf 87' lang='lat' dir='ltr'><strong>communiter</strong></span> <span class='ocrx_word' id='word_1_118' title='bbox 2463 2184 2692 2252; x_wconf 86' lang='lat' dir='ltr'><strong>docto-</strong></span> <span class='ocrx_word' id='word_1_119' title='bbox 2802 2207 2804 2216; x_wconf 91' lang='lat'>·</span> 
     </span>
     <span class='ocr_line' id='line_1_19' title="bbox 409 2298 2804 2391; baseline -0 -24"><span class='ocrx_word' id='word_1_120' title='bbox 409 2298 589 2367; x_wconf 89' lang='lat' dir='ltr'><strong>ribus</strong></span> <span class='ocrx_word' id='word_1_121' title='bbox 634 2299 1027 2368; x_wconf 87' lang='lat' dir='ltr'><strong>intellectam</strong></span> <span class='ocrx_word' id='word_1_122' title='bbox 1055 2300 1272 2377; x_wconf 77' lang='lat' dir='ltr'><strong>fuisse,</strong></span> <span class='ocrx_word' id='word_1_123' title='bbox 1304 2306 1379 2368; x_wconf 88' lang='lat' dir='ltr'><strong>ut</strong></span> <span class='ocrx_word' id='word_1_124' title='bbox 1416 2321 1628 2389; x_wconf 86' lang='lat' dir='ltr'><strong>neque</strong></span> <span class='ocrx_word' id='word_1_125' title='bbox 1653 2299 1896 2386; x_wconf 89' lang='lat' dir='ltr'><strong>liceret,</strong></span> <span class='ocrx_word' id='word_1_126' title='bbox 1935 2301 2178 2391; x_wconf 88' lang='lat' dir='ltr'><strong>absque</strong></span> <span class='ocrx_word' id='word_1_127' title='bbox 2203 2301 2466 2369; x_wconf 81' lang='lat' dir='ltr'><strong>obtenta</strong></span> <span class='ocrx_word' id='word_1_128' title='bbox 2493 2301 2692 2370; x_wconf 79' lang='lat' dir='ltr'><strong>facul·</strong></span> <span class='ocrx_word' id='word_1_129' title='bbox 2802 2339 2804 2360; x_wconf 61' lang='grc' dir='ltr'>ι</span> 
     </span>
    </p>
   </div>
   <div class='ocr_carea' id='block_1_9' title="bbox 413 2412 2690 2505">
    <p class='ocr_par' dir='ltr' id='par_1_10' title="bbox 413 2385 2804 2505">
     <span class='ocr_line' id='line_1_20' title="bbox 413 2412 2690 2505; baseline 0.003 -23"><span class='ocrx_word' id='word_1_130' title='bbox 413 2421 533 2482; x_wconf 88' lang='lat' dir='ltr'><strong>tate</strong></span> <span class='ocrx_word' id='word_1_131' title='bbox 586 2412 948 2494; x_wconf 89' lang='lat' dir='ltr'><strong>Pontificia,</strong></span> <span class='ocrx_word' id='word_1_132' title='bbox 1001 2413 1161 2480; x_wconf 85' lang='lat' dir='ltr'><strong>ullas</strong></span> <span class='ocrx_word' id='word_1_133' title='bbox 1213 2412 1516 2482; x_wconf 86' lang='lat' dir='ltr'><strong>inchoare</strong></span> <span class='ocrx_word' id='word_1_134' title='bbox 1555 2417 2081 2504; x_wconf 85' lang='lat' dir='ltr'><strong>congregationes</strong></span> <span class='ocrx_word' id='word_1_135' title='bbox 2127 2437 2272 2504; x_wconf 79' lang='lat' dir='ltr'><strong>quae</strong></span> <span class='ocrx_word' id='word_1_136' title='bbox 2307 2415 2690 2505; x_wconf 85' lang='lat' dir='ltr'><strong>religiosum</strong></span> 
     </span>
    </p>
   </div>
   <div class='ocr_carea' id='block_1_10' title="bbox 410 2517 2804 2617">
    <p class='ocr_par' dir='ltr' id='par_1_11' title="bbox 410 2517 2804 2617">
     <span class='ocr_line' id='line_1_21' title="bbox 410 2517 2804 2617; baseline 0 -19"><span class='ocrx_word' id='word_1_137' title='bbox 410 2533 646 2598; x_wconf 89' lang='lat' dir='ltr'><strong>statum</strong></span> <span class='ocrx_word' id='word_1_138' title='bbox 676 2528 1035 2614; x_wconf 82' lang='lat' dir='ltr'><strong>imitentur,</strong></span> <span class='ocrx_word' id='word_1_139' title='bbox 1063 2529 1360 2617; x_wconf 85' lang='lat' dir='ltr'><strong>quamvis</strong></span> <span class='ocrx_word' id='word_1_140' title='bbox 1386 2537 1532 2596; x_wconf 85' lang='lat' dir='ltr'><strong>vota</strong></span> <span class='ocrx_word' id='word_1_141' title='bbox 1558 2531 1870 2598; x_wconf 89' lang='lat' dir='ltr'><strong>solemnia</strong></span> <span class='ocrx_word' id='word_1_142' title='bbox 1899 2553 1980 2598; x_wconf 84' lang='lat' dir='ltr'><strong>ex</strong></span> <span class='ocrx_word' id='word_1_143' title='bbox 2007 2530 2078 2598; x_wconf 90' lang='lat' dir='ltr'><strong>in</strong></span> <span class='ocrx_word' id='word_1_144' title='bbox 2091 2533 2310 2598; x_wconf 87' lang='lat' dir='ltr'><strong>stituto</strong></span> <span class='ocrx_word' id='word_1_145' title='bbox 2333 2551 2470 2598; x_wconf 87' lang='lat' dir='ltr'><strong>non</strong></span> <span class='ocrx_word' id='word_1_146' title='bbox 2499 2530 2692 2598; x_wconf 85' lang='lat' dir='ltr'><strong>habe·</strong></span> <span class='ocrx_word' id='word_1_147' title='bbox 2802 2517 2804 2522; x_wconf 38' lang='lat'><strong>¹</strong></span> 
     </span>
    </p>
   </div>
   <div class='ocr_carea' id='block_1_11' title="bbox 411 2641 2804 2850">
    <p class='ocr_par' dir='ltr' id='par_1_12' title="bbox 411 2641 2804 2850">
     <span class='ocr_line' id='line_1_22' title="bbox 411 2641 2804 2740; baseline 0.002 -32"><span class='ocrx_word' id='word_1_148' title='bbox 411 2646 600 2710; x_wconf 88' lang='lat' dir='ltr'><strong>rent:</strong></span> <span class='ocrx_word' id='word_1_149' title='bbox 656 2641 778 2710; x_wconf 87' lang='lat' dir='ltr'><strong>sub</strong></span> <span class='ocrx_word' id='word_1_150' title='bbox 840 2641 1272 2732; x_wconf 87' lang='lat' dir='ltr'><strong>prohibitione</strong></span> <span class='ocrx_word' id='word_1_151' title='bbox 1320 2643 1590 2734; x_wconf 85' lang='lat' dir='ltr'><strong>proinde</strong></span> <span class='ocrx_word' id='word_1_152' title='bbox 1641 2645 2111 2736; x_wconf 89' lang='lat' dir='ltr'><strong>comprehendi</strong></span> <span class='ocrx_word' id='word_1_153' title='bbox 2163 2645 2520 2714; x_wconf 83' lang='lat' dir='ltr'><strong>censendas</strong></span> <span class='ocrx_word' id='word_1_154' title='bbox 2565 2667 2694 2712; x_wconf 88' lang='lat' dir='ltr'><strong>esse</strong></span> <span class='ocrx_word' id='word_1_155' title='bbox 2802 2721 2804 2740; x_wconf 46' lang='grc' dir='ltr'>Ι</span> 
     </span>
     <span class='ocr_line' id='line_1_23' title="bbox 416 2754 2804 2850; baseline 0 -27"><span class='ocrx_word' id='word_1_156' title='bbox 416 2754 557 2824; x_wconf 88' lang='lat' dir='ltr'><strong>illas</strong></span> <span class='ocrx_word' id='word_1_157' title='bbox 584 2757 804 2840; x_wconf 86' lang='lat' dir='ltr'><strong>etiam,</strong></span> <span class='ocrx_word' id='word_1_158' title='bbox 858 2778 1007 2845; x_wconf 85' lang='lat' dir='ltr'><strong>quae</strong></span> <span class='ocrx_word' id='word_1_159' title='bbox 1040 2777 1113 2824; x_wconf 83' lang='lat' dir='ltr'><strong>ex</strong></span> <span class='ocrx_word' id='word_1_160' title='bbox 1145 2758 1468 2845; x_wconf 85' lang='lat' dir='ltr'><strong>instituto,</strong></span> <span class='ocrx_word' id='word_1_161' title='bbox 1517 2759 1622 2826; x_wconf 81' lang='lat' dir='ltr'><strong>vel</strong></span> <span class='ocrx_word' id='word_1_162' title='bbox 1671 2765 1815 2828; x_wconf 84' lang='lat' dir='ltr'><strong>vota</strong></span> <span class='ocrx_word' id='word_1_163' title='bbox 1861 2759 2186 2850; x_wconf 84' lang='lat' dir='ltr'><strong>simplicia</strong></span> <span class='ocrx_word' id='word_1_164' title='bbox 2233 2767 2568 2850; x_wconf 84' lang='lat' dir='ltr'><strong>perpetua,</strong></span> <span class='ocrx_word' id='word_1_165' title='bbox 2597 2761 2692 2826; x_wconf 72' lang='lat' dir='ltr'><strong>vel</strong></span> <span class='ocrx_word' id='word_1_166' title='bbox 2802 2777 2804 2792; x_wconf 89' lang='grc'><strong><em>·</em></strong></span> 
     </span>
    </p>
   </div>
   <div class='ocr_carea' id='block_1_12' title="bbox 414 2873 2804 2965">
    <p class='ocr_par' dir='ltr' id='par_1_13' title="bbox 414 2873 2804 2965">
     <span class='ocr_line' id='line_1_24' title="bbox 414 2873 2804 2965; baseline 0 -23"><span class='ocrx_word' id='word_1_167' title='bbox 414 2873 822 2965; x_wconf 86' lang='lat' dir='ltr'><strong>temporaria,</strong></span> <span class='ocrx_word' id='word_1_168' title='bbox 854 2875 955 2940; x_wconf 80' lang='lat' dir='ltr'><strong>vel</strong></span> <span class='ocrx_word' id='word_1_169' title='bbox 999 2874 1181 2942; x_wconf 90' lang='lat' dir='ltr'><strong>nulla</strong></span> <span class='ocrx_word' id='word_1_170' title='bbox 1216 2875 1510 2945; x_wconf 88' lang='lat' dir='ltr'><strong>emittere</strong></span> <span class='ocrx_word' id='word_1_171' title='bbox 1542 2876 1770 2944; x_wconf 87' lang='lat' dir='ltr'><strong>solent.</strong></span> <span class='ocrx_word' id='word_1_172' title='bbox 1809 2874 2112 2944; x_wconf 87' lang='lat' dir='ltr'><strong>Dicimus</strong></span> <span class='ocrx_word' id='word_1_173' title='bbox 2153 2882 2368 2943; x_wconf 84' lang='lat' dir='ltr'><strong>autem</strong></span> <span class='ocrx_word' id='word_1_174' title='bbox 2421 2873 2696 2964; x_wconf 82' lang='lat' dir='ltr'><strong>praefatae</strong></span> <span class='ocrx_word' id='word_1_175' title='bbox 2802 2875 2804 2882; x_wconf 86' lang='lat'>&#39;</span> 
     </span>
    </p>
   </div>
   <div class='ocr_carea' id='block_1_13' title="bbox 409 2990 2697 3198">
    <p class='ocr_par' dir='ltr' id='par_1_14' title="bbox 409 2990 2697 3198">
     <span class='ocr_line' id='line_1_25' title="bbox 409 2990 2697 3082; baseline 0 -25"><span class='ocrx_word' id='word_1_176' title='bbox 409 2990 538 3079; x_wconf 90' lang='lat' dir='ltr'><strong>legi</strong></span> <span class='ocrx_word' id='word_1_177' title='bbox 566 2991 942 3078; x_wconf 86' lang='lat' dir='ltr'><strong>derogatum</strong></span> <span class='ocrx_word' id='word_1_178' title='bbox 990 2990 1209 3078; x_wconf 76' lang='lat' dir='ltr'><strong>fuisse,</strong></span> <span class='ocrx_word' id='word_1_179' title='bbox 1258 2994 1325 3060; x_wconf 86' lang='lat' dir='ltr'><strong>in</strong></span> <span class='ocrx_word' id='word_1_180' title='bbox 1356 2999 1709 3080; x_wconf 88' lang='lat' dir='ltr'><strong>quantum,</strong></span> <span class='ocrx_word' id='word_1_181' title='bbox 1762 3013 1877 3082; x_wconf 86' lang='lat' dir='ltr'><strong>pro</strong></span> <span class='ocrx_word' id='word_1_182' title='bbox 1921 2992 2310 3061; x_wconf 88' lang='lat' dir='ltr'><strong>inchoandis</strong></span> <span class='ocrx_word' id='word_1_183' title='bbox 2339 2991 2476 3060; x_wconf 82' lang='lat' dir='ltr'><strong>istis</strong></span> <span class='ocrx_word' id='word_1_184' title='bbox 2505 2993 2697 3060; x_wconf 88' lang='lat' dir='ltr'><strong>etiam</strong></span> 
     </span>
     <span class='ocr_line' id='line_1_26' title="bbox 413 3105 2696 3198; baseline 0 -24"><span class='ocrx_word' id='word_1_185' title='bbox 413 3107 1044 3196; x_wconf 73' lang='lat' dir='ltr'><strong>congregationibu8‚</strong></span> <span class='ocrx_word' id='word_1_186' title='bbox 1101 3109 1383 3176; x_wconf 86' lang='lat' dir='ltr'><strong>Romani</strong></span> <span class='ocrx_word' id='word_1_187' title='bbox 1425 3105 1756 3175; x_wconf 86' lang='lat' dir='ltr'><strong>Pontificis</strong></span> <span class='ocrx_word' id='word_1_188' title='bbox 1787 3107 2116 3177; x_wconf 88' lang='lat' dir='ltr'><strong>licentiam</strong></span> <span class='ocrx_word' id='word_1_189' title='bbox 2143 3108 2486 3198; x_wconf 80' lang='lat' dir='ltr'><strong>exigebat:</strong></span> <span class='ocrx_word' id='word_1_190' title='bbox 2517 3107 2696 3196; x_wconf 89' lang='lat' dir='ltr'><strong>quod</strong></span> 
     </span>
    </p>
   </div>
   <div class='ocr_carea' id='block_1_14' title="bbox 413 3219 2804 3313">
    <p class='ocr_par' dir='ltr' id='par_1_15' title="bbox 413 3219 2804 3313">
     <span class='ocr_line' id='line_1_27' title="bbox 413 3219 2804 3313; baseline 0 -27"><span class='ocrx_word' id='word_1_191' title='bbox 413 3219 504 3289; x_wconf 90' lang='lat' dir='ltr'><strong>sic</strong></span> <span class='ocrx_word' id='word_1_192' title='bbox 540 3223 889 3310; x_wconf 87' lang='lat' dir='ltr'><strong>probamus</strong></span> <span class='ocrx_word' id='word_1_193' title='bbox 931 3246 947 3290; x_wconf 91' lang='lat'>:</span> <span class='ocrx_word' id='word_1_194' title='bbox 996 3222 1387 3291; x_wconf 88' lang='lat' dir='ltr'><strong>admittenda</strong></span> <span class='ocrx_word' id='word_1_195' title='bbox 1441 3230 1540 3292; x_wconf 86' lang='lat' dir='ltr'><strong>est</strong></span> <span class='ocrx_word' id='word_1_196' title='bbox 1590 3224 1728 3292; x_wconf 80' lang='lat' dir='ltr'><strong>haec</strong></span> <span class='ocrx_word' id='word_1_197' title='bbox 1779 3224 2131 3313; x_wconf 84' lang='lat' dir='ltr'><strong>derogatio,</strong></span> <span class='ocrx_word' id='word_1_198' title='bbox 2183 3225 2236 3291; x_wconf 90' lang='lat' dir='ltr'><strong>si</strong></span> <span class='ocrx_word' id='word_1_199' title='bbox 2293 3245 2490 3292; x_wconf 77' lang='lat' dir='ltr'><strong>nunc</strong></span> <span class='ocrx_word' id='word_1_200' title='bbox 2517 3223 2696 3292; x_wconf 82' lang='lat' dir='ltr'><strong>sedes</strong></span> <span class='ocrx_word' id='word_1_201' title='bbox 2802 3261 2804 3286; x_wconf 57' lang='lat'>1</span> 
     </span>
    </p>
   </div>
   <div class='ocr_carea' id='block_1_15' title="bbox 413 3336 2804 3434">
    <p class='ocr_par' dir='ltr' id='par_1_16' title="bbox 413 3336 2804 3434">
     <span class='ocr_line' id='line_1_28' title="bbox 413 3336 2804 3434; baseline 0.002 -32"><span class='ocrx_word' id='word_1_202' title='bbox 413 3336 781 3423; x_wconf 87' lang='lat' dir='ltr'><strong>Apostolica</strong></span> <span class='ocrx_word' id='word_1_203' title='bbox 826 3340 1205 3418; x_wconf 88' lang='lat' dir='ltr'><strong>consentiat,</strong></span> <span class='ocrx_word' id='word_1_204' title='bbox 1259 3343 1335 3405; x_wconf 90' lang='lat' dir='ltr'><strong>ut</strong></span> <span class='ocrx_word' id='word_1_205' title='bbox 1375 3340 1696 3428; x_wconf 72' lang='lat' dir='ltr'><strong>eiusmodi</strong></span> <span class='ocrx_word' id='word_1_206' title='bbox 1727 3339 2252 3429; x_wconf 85' lang='lat' dir='ltr'><strong>congregationes</strong></span> <span class='ocrx_word' id='word_1_207' title='bbox 2294 3339 2373 3406; x_wconf 89' lang='lat' dir='ltr'><strong>de</strong></span> <span class='ocrx_word' id='word_1_208' title='bbox 2415 3339 2551 3408; x_wconf 87' lang='lat' dir='ltr'><strong>sola</strong></span> <span class='ocrx_word' id='word_1_209' title='bbox 2575 3337 2696 3407; x_wconf 85' lang='lat' dir='ltr'><strong>Or·</strong></span> <span class='ocrx_word' id='word_1_210' title='bbox 2801 3359 2804 3434; x_wconf 61' lang='grc' dir='ltr'>ξ</span> 
     </span>
    </p>
   </div>
   <div class='ocr_carea' id='block_1_16' title="bbox 413 3449 2804 3545">
    <p class='ocr_par' dir='ltr' id='par_1_17' title="bbox 413 3449 2804 3545">
     <span class='ocr_line' id='line_1_29' title="bbox 413 3449 2804 3545; baseline 0.003 -29"><span class='ocrx_word' id='word_1_211' title='bbox 413 3449 651 3517; x_wconf 89' lang='lat' dir='ltr'><strong>dinarii</strong></span> <span class='ocrx_word' id='word_1_212' title='bbox 698 3450 957 3520; x_wconf 86' lang='lat' dir='ltr'><strong>licentia</strong></span> <span class='ocrx_word' id='word_1_213' title='bbox 1002 3454 1297 3523; x_wconf 88' lang='lat' dir='ltr'><strong>inchoari</strong></span> <span class='ocrx_word' id='word_1_214' title='bbox 1350 3455 1652 3524; x_wconf 80' lang='lat' dir='ltr'><strong>valeant:</strong></span> <span class='ocrx_word' id='word_1_215' title='bbox 1703 3454 1880 3545; x_wconf 87' lang='lat' dir='ltr'><strong>atqui</strong></span> <span class='ocrx_word' id='word_1_216' title='bbox 1935 3456 2024 3522; x_wconf 83' lang='lat' dir='ltr'><strong>ita</strong></span> <span class='ocrx_word' id='word_1_217' title='bbox 2077 3476 2298 3522; x_wconf 81' lang='lat' dir='ltr'><strong>revera</strong></span> <span class='ocrx_word' id='word_1_218' title='bbox 2337 3455 2699 3522; x_wconf 84' lang='lat' dir='ltr'><strong>consentire</strong></span> <span class='ocrx_word' id='word_1_219' title='bbox 2802 3481 2804 3524; x_wconf 85' lang='lat'><em>÷</em></span> 
     </span>
    </p>
   </div>
   <div class='ocr_carea' id='block_1_17' title="bbox 412 3563 2804 3772">
    <p class='ocr_par' dir='ltr' id='par_1_18' title="bbox 412 3551 2804 3772">
     <span class='ocr_line' id='line_1_30' title="bbox 412 3563 2804 3662; baseline 0 -28"><span class='ocrx_word' id='word_1_220' title='bbox 412 3563 775 3634; x_wconf 87' lang='lat' dir='ltr'><strong>Romanam</strong></span> <span class='ocrx_word' id='word_1_221' title='bbox 821 3567 1036 3636; x_wconf 88' lang='lat' dir='ltr'><strong>sedem</strong></span> <span class='ocrx_word' id='word_1_222' title='bbox 1082 3569 1289 3636; x_wconf 86' lang='lat' dir='ltr'><strong>tribus</strong></span> <span class='ocrx_word' id='word_1_223' title='bbox 1338 3568 1847 3658; x_wconf 64' lang='lat' dir='ltr'><strong>praecedentibus</strong></span> <span class='ocrx_word' id='word_1_224' title='bbox 1893 3569 2446 3660; x_wconf 84' lang='lat' dir='ltr'><strong>propositionibus</strong></span> <span class='ocrx_word' id='word_1_225' title='bbox 2475 3568 2698 3658; x_wconf 80' lang='lat' dir='ltr'><strong>proba-</strong></span> <span class='ocrx_word' id='word_1_226' title='bbox 2802 3581 2804 3662; x_wconf 61' lang='grc' dir='ltr'><em>ζ</em></span> 
     </span>
     <span class='ocr_line' id='line_1_31' title="bbox 417 3671 2804 3772; baseline -0.008 -25"><span class='ocrx_word' id='word_1_227' title='bbox 417 3686 561 3748; x_wconf 89' lang='lat' dir='ltr'><strong>tum</strong></span> <span class='ocrx_word' id='word_1_228' title='bbox 586 3690 679 3749; x_wconf 89' lang='lat' dir='ltr'><strong>est</strong></span> <span class='ocrx_word' id='word_1_229' title='bbox 703 3705 721 3750; x_wconf 72' lang='grc' dir='ltr'>ε</span> <span class='ocrx_word' id='word_1_230' title='bbox 752 3705 930 3772; x_wconf 90' lang='lat' dir='ltr'><strong>erg0.</strong></span> <span class='ocrx_word' id='word_1_231' title='bbox 2802 3671 2804 3686; x_wconf 91' lang='lat'>&#39;</span> 
     </span>
    </p>
   </div>
   <div class='ocr_carea' id='block_1_18' title="bbox 502 3795 2700 3892">
    <p class='ocr_par' dir='ltr' id='par_1_19' title="bbox 502 3781 2804 3892">
     <span class='ocr_line' id='line_1_32' title="bbox 502 3795 2700 3892; baseline 0 -27"><span class='ocrx_word' id='word_1_232' title='bbox 502 3795 649 3866; x_wconf 90' lang='lat' dir='ltr'><strong>Non</strong></span> <span class='ocrx_word' id='word_1_233' title='bbox 696 3821 830 3868; x_wconf 89' lang='lat' dir='ltr'><strong>esse</strong></span> <span class='ocrx_word' id='word_1_234' title='bbox 858 3799 1285 3868; x_wconf 84' lang='lat' dir='ltr'><strong>necessariam</strong></span> <span class='ocrx_word' id='word_1_235' title='bbox 1331 3823 1452 3892; x_wconf 89' lang='lat' dir='ltr'><strong>pro</strong></span> <span class='ocrx_word' id='word_1_236' title='bbox 1503 3801 1888 3868; x_wconf 91' lang='lat' dir='ltr'><strong>inchoandis</strong></span> <span class='ocrx_word' id='word_1_237' title='bbox 1934 3800 2214 3891; x_wconf 78' lang='lat' dir='ltr'><strong>praet‘atis</strong></span> <span class='ocrx_word' id='word_1_238' title='bbox 2259 3799 2700 3888; x_wconf 75' lang='lat' dir='ltr'><strong>congregatio·</strong></span> 
     </span>
    </p>
   </div>
   <div class='ocr_carea' id='block_1_19' title="bbox 407 3915 2804 4130">
    <p class='ocr_par' dir='ltr' id='par_1_20' title="bbox 407 3915 2804 4130">
     <span class='ocr_line' id='line_1_33' title="bbox 410 3915 2804 4010; baseline 0 -29"><span class='ocrx_word' id='word_1_239' title='bbox 410 3915 606 3986; x_wconf 89' lang='lat' dir='ltr'><strong>nibus</strong></span> <span class='ocrx_word' id='word_1_240' title='bbox 652 3917 819 3986; x_wconf 88' lang='lat' dir='ltr'><strong>sedis</strong></span> <span class='ocrx_word' id='word_1_241' title='bbox 861 3917 1243 4007; x_wconf 80' lang='lat' dir='ltr'><strong>Apostolicae</strong></span> <span class='ocrx_word' id='word_1_242' title='bbox 1294 3917 1857 4010; x_wconf 78' lang='lat' dir='ltr'><strong>approbationem,</strong></span> <span class='ocrx_word' id='word_1_243' title='bbox 1907 3916 2295 3985; x_wconf 82' lang='lat' dir='ltr'><strong>existimavit</strong></span> <span class='ocrx_word' id='word_1_244' title='bbox 2322 3917 2522 3984; x_wconf 89' lang='lat' dir='ltr'><strong>etiam</strong></span> <span class='ocrx_word' id='word_1_245' title='bbox 2549 3935 2696 3983; x_wconf 85' lang='lat' dir='ltr'><strong>mo·-</strong></span> <span class='ocrx_word' id='word_1_246' title='bbox 2802 3959 2804 3966; x_wconf 89' lang='lat'>-</span> 
     </span>
     <span class='ocr_line' id='line_1_34' title="bbox 407 4034 2804 4130; baseline -0.001 -26"><span class='ocrx_word' id='word_1_247' title='bbox 407 4036 647 4106; x_wconf 89' lang='lat' dir='ltr'><strong>dernus</strong></span> <span class='ocrx_word' id='word_1_248' title='bbox 674 4037 899 4107; x_wconf 84' lang='lat' dir='ltr'><strong>Galliae</strong></span> <span class='ocrx_word' id='word_1_249' title='bbox 930 4040 1226 4130; x_wconf 88' lang='lat' dir='ltr'><strong>scriptor,</strong></span> <span class='ocrx_word' id='word_1_250' title='bbox 1262 4037 1337 4107; x_wconf 85' lang='lat' dir='ltr'><strong>R.</strong></span> <span class='ocrx_word' id='word_1_251' title='bbox 1392 4037 1469 4107; x_wconf 90' lang='lat' dir='ltr'><strong>P.</strong></span> <span class='ocrx_word' id='word_1_252' title='bbox 1515 4039 1840 4108; x_wconf 86' lang='lat' dir='ltr'><strong>Gautrelet</strong></span> <span class='ocrx_word' id='word_1_253' title='bbox 1887 4037 2155 4129; x_wconf 82' lang='lat' dir='ltr'><strong>(Traite&#39;</strong></span> <span class='ocrx_word' id='word_1_254' title='bbox 2175 4034 2254 4104; x_wconf 85' lang='lat' dir='ltr'><strong>de</strong></span> <span class='ocrx_word' id='word_1_255' title='bbox 2295 4037 2502 4104; x_wconf 83' lang='lat' dir='ltr'><strong>l&#39;e&#39;tat</strong></span> <span class='ocrx_word' id='word_1_256' title='bbox 2537 4034 2702 4103; x_wconf 81' lang='lat' dir='ltr'><strong>reli-</strong></span> <span class='ocrx_word' id='word_1_257' title='bbox 2802 4059 2804 4064; x_wconf 94' lang='lat'>·</span> 
     </span>
    </p>
   </div>
   <div class='ocr_carea' id='block_1_20' title="bbox 405 4151 2702 4476">
    <p class='ocr_par' dir='ltr' id='par_1_21' title="bbox 405 4151 2702 4476">
     <span class='ocr_line' id='line_1_35' title="bbox 405 4151 1552 4244; baseline -0.001 -22"><span class='ocrx_word' id='word_1_258' title='bbox 405 4151 633 4242; x_wconf 62' lang='grc' dir='ltr'><strong>φέρητε,</strong></span> <span class='ocrx_word' id='word_1_259' title='bbox 662 4160 711 4221; x_wconf 89' lang='lat' dir='ltr'><strong>t.</strong></span> <span class='ocrx_word' id='word_1_260' title='bbox 750 4161 813 4240; x_wconf 83' lang='lat'><strong>1,</strong></span> <span class='ocrx_word' id='word_1_261' title='bbox 840 4177 904 4244; x_wconf 89' lang='lat' dir='ltr'><strong>p.</strong></span> <span class='ocrx_word' id='word_1_262' title='bbox 948 4153 1100 4239; x_wconf 82' lang='lat'><strong>136,</strong></span> <span class='ocrx_word' id='word_1_263' title='bbox 1138 4155 1290 4223; x_wconf 89' lang='lat' dir='ltr'><strong>edit.</strong></span> <span class='ocrx_word' id='word_1_264' title='bbox 1330 4152 1552 4242; x_wconf 77' lang='lat'><strong>1853).</strong></span> 
     </span>
     <span class='ocr_line' id='line_1_36' title="bbox 502 4267 2702 4380; baseline -0.001 -43"><span class='ocrx_word' id='word_1_265' title='bbox 502 4268 893 4380; x_wconf 44' lang='lat' dir='ltr'><strong>Scholium5</strong></span> <span class='ocrx_word' id='word_1_266' title='bbox 912 4309 1003 4325; x_wconf 92' lang='lat'><em>-</em></span> <span class='ocrx_word' id='word_1_267' title='bbox 1026 4270 1094 4352; x_wconf 84' lang='lat' dir='ltr'><strong>Si</strong></span> <span class='ocrx_word' id='word_1_268' title='bbox 1123 4293 1273 4339; x_wconf 77' lang='lat' dir='ltr'><strong>vera</strong></span> <span class='ocrx_word' id='word_1_269' title='bbox 1310 4271 1391 4356; x_wconf 85' lang='lat' dir='ltr'><strong>sit</strong></span> <span class='ocrx_word' id='word_1_270' title='bbox 1416 4269 1637 4360; x_wconf 90' lang='lat' dir='ltr'><strong>opinio</strong></span> <span class='ocrx_word' id='word_1_271' title='bbox 1666 4292 1879 4360; x_wconf 88' lang='lat' dir='ltr'><strong>quam</strong></span> <span class='ocrx_word' id='word_1_272' title='bbox 1908 4267 2030 4338; x_wconf 90' lang='lat' dir='ltr'><strong>sub</strong></span> <span class='ocrx_word' id='word_1_273' title='bbox 2058 4268 2355 4360; x_wconf 83' lang='lat' dir='ltr'><strong>praesenti</strong></span> <span class='ocrx_word' id='word_1_274' title='bbox 2405 4285 2702 4359; x_wconf 87' lang='lat' dir='ltr'><strong>paragra-</strong></span> 
     </span>
     <span class='ocr_line' id='line_1_37' title="bbox 411 4383 2678 4476; baseline 0 -24"><span class='ocrx_word' id='word_1_275' title='bbox 411 4383 545 4474; x_wconf 88' lang='lat' dir='ltr'><strong>pho</strong></span> <span class='ocrx_word' id='word_1_276' title='bbox 574 4388 1007 4476; x_wconf 85' lang='lat' dir='ltr'><strong>propugnavi‚</strong></span> <span class='ocrx_word' id='word_1_277' title='bbox 1036 4387 1326 4476; x_wconf 88' lang='lat' dir='ltr'><strong>sequitur</strong></span> <span class='ocrx_word' id='word_1_278' title='bbox 1350 4387 1524 4456; x_wconf 84' lang='lat' dir='ltr'><strong>licite</strong></span> <span class='ocrx_word' id='word_1_279' title='bbox 1551 4387 1740 4456; x_wconf 88' lang='lat' dir='ltr'><strong>hodie</strong></span> <span class='ocrx_word' id='word_1_280' title='bbox 1763 4387 2052 4456; x_wconf 85' lang='lat' dir='ltr'><strong>inchoari</strong></span> <span class='ocrx_word' id='word_1_281' title='bbox 2093 4392 2156 4454; x_wconf 87' lang='lat' dir='ltr'><strong>et</strong></span> <span class='ocrx_word' id='word_1_282' title='bbox 2185 4384 2497 4456; x_wconf 85' lang='lat' dir='ltr'><strong>constitui</strong></span> <span class='ocrx_word' id='word_1_283' title='bbox 2521 4401 2678 4454; x_wconf 88' lang='lat' dir='ltr'><strong>cum</strong></span> 
     </span>
    </p>
   </div>
  </div>
 </body>
</html>
