2834 4959
1124 353 1277 400 PARS
1324 353 1617 401 SECUNDA.
2365 351 2444 410 20
2455 355 2490 408 5

212 501 245 538 ιι
272 473 636 565 pendenter
684 473 769 540 ab
828 473 963 560 illa,
1028 475 1184 563 quia
1235 474 1360 542 tale
1420 480 1647 542 votum
1718 473 1993 544 includit
2053 477 2486 551 conditionem

206 600 539 678 «turpem
576 589 715 656 sive
749 587 1067 672 illicitam,
1099 588 1339 680 quippe
1366 588 1614 658 editum
1643 610 1798 658 cum
1835 589 2148 661 relatione
2178 595 2258 662 ad
2293 596 2484 666 talem

204 731 233 766 ι
260 703 873 790 congregationem,
926 709 990 770 et
1016 703 1445 794 dependentia
1478 703 1560 772 ab
1599 705 1732 788 illa,
1779 727 1927 796 quoe
1970 707 2118 796 jure
2161 709 2488 799 prohibita

203 846 235 882 α
262 825 443 888 est...
494 817 619 887 Est
666 827 879 887 tamen
921 818 1159 888 talibus
1207 821 1499 911 personis
1545 821 2018 892 consulendum
2069 827 2144 891 ut
2185 825 2288 892 vel
2335 826 2490 895 reli-

208 959 243 996 «
274 935 544 1022 gionem
584 933 1009 1024 approbatam
1056 935 1532 1025 ingrediantur,
1594 937 1693 1005 vel
1741 936 1930 1006 talem
1982 939 2053 1007 in
2099 940 2334 1010 saeculo
2381 963 2490 1012 ca-

212 1071 249 1112 «
278 1047 555 1116 stitatem
593 1054 871 1116 servent.
912 1045 983 1118 Si
1020 1055 1237 1118 tamen
1268 1050 1524 1132 nolunt,
1569 1054 2070 1122 matrimonium
2111 1058 2488 1128 contrahere

212 1183 250 1222 a
280 1181 409 1228 non
466 1163 925 1252 prohibentur.
1002 1166 1217 1256 Atque
1274 1165 1415 1234 haec
1473 1167 1940 1236 confirmantur
1999 1192 2072 1238 ex
2129 1169 2308 1242 bulla
2368 1172 2491 1243 Ur-

211 1299 247 1341 «
276 1275 426 1344 bani
464 1277 649 1362 VlIl,
694 1299 867 1349 anno
918 1278 1090 1350 1630
1129 1279 1324 1363 edita,
1365 1282 1438 1348 in
1481 1302 1612 1371 qua
1657 1281 1998 1372 prohibuit
2042 1291 2104 1354 et
2149 1286 2482 1378 abrogavit

214 1417 251 1456 α
277 1393 845 1484 congregationem
891 1395 1329 1485 quarumdam
1370 1397 1729 1466 mulierum
1772 1400 1846 1468 in
1883 1404 2224 1472 communi
2262 1407 2486 1474 viven-

208 1533 243 1573 α
270 1509 457 1592 tium,
500 1530 655 1600 quae
686 1509 883 1599 vulgo
918 1511 1277 1579 Jesuitzksoe
1308 1511 1728 1596 vocabantur,
1767 1515 1924 1604 quia
1963 1515 2334 1587 institutum
2375 1542 2486 1590 so-

202 1649 235 1689 «
262 1624 511 1692 cietatis
536 1611 733 1708 Jesu,
750 1626 893 1694 sine
927 1625 1191 1696 licentia
1218 1649 1333 1696 seu
1364 1627 1824 1720 approbatione
1860 1627 2028 1700 sedis
2069 1631 2479 1724 Apostolicae‚

198 1763 235 1804 ι
256 1738 565 1808 aemulari
588 1739 1084 1830 praesumebant.
1108 1765 1145 1806 n

283 1854 673 1924 Pnorosmo
702 1855 846 1925 VI·.
891 1893 981 1908 —
1016 1854 1351 1925 Praedicta
1396 1857 1508 1930 lea:
1543 1856 1984 1954 intelliqenda
2015 1871 2112 1928 est
2161 1863 2363 1930 etiam
2401 1865 2481 1933 de

206 1991 375 2038 novo
400 1971 671 2040 vivendi
694 1970 917 2058 modo,
949 1972 1068 2041 sub
1098 1972 1337 2063 requla
1352 1973 1512 2062 jam
1549 1956 1950 2063 approbata.
1981 2010 2070 2024 —
2098 1973 2482 2065 Contingere

204 2093 398 2174 potaet
448 2069 574 2168 ut,‘
601 2086 719 2176 qui
772 2088 999 2156 volunt
1044 2108 1282 2156 novam
1325 2087 1710 2175 religionem
1759 2087 1860 2156 vel
1915 2091 2482 2178 congregationem

200 2199 567 2292 religiosam
614 2202 845 2286 faeere,
896 2202 1021 2271 sihi
1058 2208 1391 2271 assumant
1441 2223 1645 2270 unam
1676 2223 1713 2270 e
1758 2208 2038 2293 quatuor
2079 2203 2336 2295 magnis
2382 2227 2482 2274 re-

198 2316 365 2403 gulis
416 2319 510 2408 (id
561 2323 681 2404 est,
731 2319 936 2387 sancti
982 2317 1231 2406 Basilii,
1282 2317 1384 2385 vel
1431 2319 1636 2387 sancti
1689 2317 2070 2411 Augustini,
2119 2321 2221 2390 vel
2276 2325 2479 2392 sancti

196 2431 556 2520 Benedicti,
615 2432 718 2502 vel
768 2434 973 2500 sancti
1026 2429 1399 2522 Francisci),
1459 2433 1646 2522 eique
1703 2433 1940 2505 addant
1995 2437 2479 2508 constitutiones

198 2547 331 2615 sibi
374 2549 688 2639 proprias,
742 2554 805 2616 et
862 2546 1175 2638 peculiari
1214 2568 1413 2638 quem
1461 2547 1810 2618 intendunt
1865 2571 2058 2640 scopo
2101 2573 2477 2622 accommo-

204 2661 408 2730 datas.
450 2661 534 2730 Et
574 2685 789 2732 revera
836 2662 1137 2754 plurimae
1182 2661 1375 2731 hodie
1416 2666 1665 2730 exstant
1711 2661 2056 2750 religiones
2101 2673 2164 2734 et
2207 2688 2480 2760 congre·

208 2777 503 2866 gationes
552 2777 855 2868 religiosae
902 2777 1026 2848 hoc
1092 2778 1286 2847 modo
1336 2777 1666 2845 institutae.
1727 2775 2094 2856 Quaerimus
2147 2803 2338 2869 porro
2392 2805 2476 2850 an

214 2911 339 2979 pro
368 2891 445 2960 iis
476 2893 684 2982 θείω,
719 2895 845 2963 hac
883 2895 1131 2964 ratione
1158 2892 1564 2978 inchoandiS,
1607 2891 1978 2980 requiratur
2013 2893 2180 2960 sedis
2209 2896 2478 2985 Aposto-

208 3005 357 3075 licae
381 3009 768 3100 approbatio.
798 3009 881 3078 Et
905 3008 1433 3101 respondendum
1463 3007 1846 3078 affirmative
1873 3007 2179 3078 dicimus.
2213 3011 2473 3083 Etenim

206 3124 499 3212 quamvis
534 3125 789 3214 regula,
826 3125 950 3208 sub
989 3147 1119 3215 qua
1162 3123 1573 3194 constituitur
1617 3143 1784 3192 nova
1815 3122 2138 3213 ejusmodi
2183 3127 2471 3210 societas,

206 3236 396 3306 fuerit
438 3243 581 3331 jam
634 3240 720 3309 ab
774 3239 1147 3332 Apostolica
1194 3238 1341 3309 sede
1390 3237 1764 3330 approbata,
1819 3238 2212 3329 approbatus
2257 3248 2474 3310 tamen

208 3373 342 3421 non
376 3353 492 3427 ruit
523 3377 733 3425 novus
764 3356 875 3428 ille
904 3355 1184 3425 vivendi·
1211 3353 1468 3442 modus,
1509 3375 1627 3444 per
1671 3352 1948 3444 adjectas
1990 3357 2474 3435 constitutiones

202 3470 682 3541 determinatus.
717 3457 893 3562 Ergo
918 3472 1209 3541 instituta
1224 3469 1610 3559 huJusmodi
1639 3467 1760 3537 sub
1779 3489 1968 3538 novoe
1988 3469 2090 3540 rel
2092 3473 2334 3564 iqionis
2352 3488 2474 3542 aut

201 3584 461 3655 ordinis
495 3586 815 3656 vocabulo
853 3607 1076 3656 revera
1114 3582 1582 3674 comprehendi
1617 3583 1938 3652 censenda
1977 3593 2150 3653 sunt.
2198 3586 2370 3674 Ergo
2411 3595 2474 3654 et

198 3703 323 3770 sub
374 3701 587 3794 legem
642 3703 907 3772 cadunt.
970 3699 1041 3769 ld
1103 3705 1443 3790 praeterea.
1461 3700 1754 3787 sequitur
1802 3719 1878 3766 ex
1940 3696 2320 3788 legislatoris
2371 3700 2475 3768 in-

198 3825 394 3887 tento.
420 3817 648 3888 Voluit
667 3839 905 3908 nempe
922 3837 1147 3892 carere
1172 3839 1256 3884 ne
1282 3813 1502 3882 nimia
1527 3813 1930 3905 reliqionum
1949 3813 2291 3883 diversitas
2307 3837 2470 3905 qra-

200 3953 351 4000 vem
386 3933 454 4001 in
484 3933 852 4004 Ecclesiam
886 3931 1014 4002 Dei
1053 3930 1506 4021 confusionem
1539 3927 1836 3999 inducat.
1885 3929 1973 3998 At
2011 3930 2064 3998 si
2101 3928 2194 3996 fas
2229 3931 2314 3998 sit
2355 3953 2470 4022 pro

198 4020 412 4119 lihitu'
436 4069 631 4144 novas
671 4047 993 4141 eiusmodi
1042 4047 1437 4136 religienum
1486 4052 1600 4115 aut
1639 4045 1949 4117 ordinum
1990 4045 2228 4114 formas
2271 4046 2468 4116 indu-

202 4185 361 4254 cere,
406 4167 607 4236 modo
640 4166 913 4235 addatur
953 4163 1099 4234 illas
1140 4164 1293 4255 poni
1342 4161 1470 4243 suh,
1514 4160 1630 4230 tali
1671 4159 1897 4250 regula
1933 4164 2075 4251 jam
2121 4163 2470 4253 approbata

204 4279 400 4368 (verbi
450 4283 685 4372 gratia,
734 4280 858 4352 sub
903 4280 1131 4372 regula
1176 4277 1381 4351 sancti
1427 4274 1802 4366 Augustini,
1852 4278 1964 4343 aut
2005 4277 2210 4376 sancti
2257 4276 2468 4346 Bene-

204 4395 412 4489 dicti),·
433 4397 703 4468 medum
749 4400 1179 4488 praecaveatur
1227 4393 1395 4464 dicta
1455 4390 1851 4482 religionum
1901 4391 2352 4484 multiplicatio
2403 4403 2463 4462 et
