2834 4959
1197 351 1350 398 mus
1397 352 1657 409 onaan.
2432 348 2547 402 581

269 473 576 544 vandum
607 485 704 540 est
732 469 1242 562 exsuperioribus
1293 471 1737 561 reqularibus,
1796 473 2005 563 inquit
2060 471 2439 566 Fagnanus;
2482 501 2563 548 ne

270 591 570 680 alioquin
600 587 936 679 professio,
977 591 1122 654 ante
1149 585 1471 676 expletum
1523 586 1847 676 integrum
1880 589 2273 680 probationis
2309 612 2559 662 annum

277 692 482 789 facta,
511 704 693 776 irrita
719 701 818 770 sit.

375 819 630 888 Tertius
653 839 838 886 casus
866 841 891 882 .·
917 814 1252 885 Postulans
1273 816 1352 884 ad
1381 817 1680 886 habitum
1720 818 2083 888 admittitur
2129 821 2201 887 in
2232 829 2549 892 conventu

277 931 616 1020 designato
648 953 666 998 ε
701 935 912 1020 postea
935 929 1395 998 transmittitur
1417 929 1498 996 ad
1528 935 1929 998 conventum
1954 951 2087 998 non
2111 929 2546 1020 designatum,

293 1045 522 1135 ibique
558 1044 804 1133 expleta
823 1043 1227 1136 probatione,
1265 1044 1532 1146 redit2ad
1570 1052 1965 1115 conventum
2002 1047 2442 1134 designatum,
2489 1053 2561 1119 in

278 1182 412 1253 quo
437 1160 898 1253 professionem
925 1161 1182 1228 emittit.
1207 1197 1296 1210 —-
1323 1157 1541 1228 Primo
1562 1161 1805 1229 intuitu
1839 1161 2161 1231 videretur
2180 1185 2309 1232 non
2334 1165 2562 1235 violari

283 1278 364 1345 de
377 1281 630 1346 cretum
655 1275 1162 1342 clementinum.
1192 1273 1269 1341 ln
1294 1295 1370 1341 eo
1387 1275 1567 1342 enim
1603 1275 1895 1344 facienda
1944 1275 2017 1344 in
2044 1285 2360 1345 conventu
2386 1280 2559 1348 desi-

285 1397 484 1481 gnato
529 1387 1250 1480 praecipiturssadmissio
1292 1387 1385 1456 ad
1422 1388 1729 1456 habitum
1756 1399 1819 1458 et
1836 1392 2164 1482 professio
2186 1417 2209 1458 :
2236 1393 2407 1483 quod
2449 1417 2563 1464 au-

287 1514 420 1576 tem
449 1508 517 1574 in
547 1526 620 1575 eo
645 1505 909 1595 insuper
929 1505 1332 1595 peragendus
1359 1505 1441 1572 sit
1456 1508 1799 1575 novitiatus
1821 1528 1948 1575 non
1970 1511 2373 1598 exprimitur.
2389 1509 2559 1578 Con-

285 1623 560 1692 trarium
606 1630 820 1692 tamen
848 1622 1206 1692 dicendum
1233 1643 1252 1704 ;
1286 1621 1441 1710 quia
1466 1621 1606 1690 haec
1646 1619 1959 1690 admissio
1985 1622 2076 1691 ad
2119 1624 2423 1692 habitum
2452 1628 2569 1692 in—

293 1738 639 1828 telligenda
666 1744 760 1806 est
790 1758 944 1805 cum
967 1735 1200 1804 effectu
1245 1734 1558 1818 durabili,
1610 1758 1720 1802 seu
1746 1757 1897 1805 cum
1954 1745 2173 1806 secuta
2224 1741 2293 1806 in
2335 1740 2563 1810 eodem

291 1858 610 1920 conventu
654 1851 978 1938 designato
1017 1849 1442 1940 probatione3
1498 1847 1671 1938 quod
1723 1851 2138 1918 manifestum
2183 1858 2278 1920 est
2303 1876 2375 1920 ex
2432 1853 2563 1922 fine

293 1964 494 2054 hujus
520 1964 710 2053 legis3
754 1963 897 2032 ideo
923 1964 1098 2032 enim
1144 1965 1404 2054 praecise
1426 1963 1553 2032 lata
1582 1970 1676 2034 est
1703 1971 1775 2032 ut
1828 1965 1897 2032 in
1945 1967 2365 2034 conventibus
2397 1969 2556 2034 desi-

295 2081 510 2169 gnatis
545 2080 726 2149 fieret
740 2101 953 2147 annua
971 2079 1280 2172 probatio.

385 2196 682 2277 Quartus
711 2215 895 2261 casus
923 2218 948 2260 .·
983 2194 1314 2263 Admissio
1331 2194 1413 2264 ad
1442 2193 1769 2270 habitum,
1800 2202 1863 2262 et
1891 2196 2139 2283 integer
2162 2193 2561 2284 probationis

297 2330 505 2378 annus
554 2311 624 2377 in
670 2315 990 2378 conventu
1043 2308 1376 2398 designato
1415 2311 1793 2402 peragitur:
1858 2308 1966 2377 sed
2012 2309 2295 2377 novitius
2322 2311 2562 2401 profes-

289 2425 537 2493 sionem
552 2425 621 2493 in
647 2429 970 2493 conventu
993 2445 1123 2491 non
1135 2424 1465 2514 designato
1492 2424 1749 2493 emittit.
1784 2461 1873 2476 —
1910 2422 2243 2492 Censenda
2262 2430 2355 2492 est
2380 2424 2562 2493 nulla

289 2540 595 2630 professio
621 2541 798 2628 haec;
830 2539 984 2629 quia
1035 2541 1346 2630 expressis
1371 2542 1667 2608 terminis
1715 2540 2119 2608 clementina
2167 2542 2413 2609 decreta
2459 2561 2562 2610 re-

289 2661 584 2750 quirunt,
633 2667 706 2728 ut
727 2667 863 2728 tam
889 2660 1193 2761 admissio
1221 2660 1300 2726 ad
1334 2657 1653 2741 habitum,
1689 2681 1881 2746 quam
1933 2661 2245 2749 professio
2276 2661 2434 2728 fiant
2486 2663 2558 2728 in

283 2782 606 2844 conventu
638 2776 968 2866 designato
1001 2800 1020 2863 ;
1058 2783 1119 2842 et
1141 2774 1326 2842 aliter
1357 2774 1585 2840 factam
1617 2772 2075 2862 professionem
2126 2775 2373 2841 irritam
2405 2797 2559 2864 pro—

291 2890 616 2958 nuntiant.

380 3005 446 3074 8⁰
474 2985 745 3085 Quando
769 3005 950 3074 nulla
980 3006 1104 3074 fuit
1133 3005 1470 3097 professio,
1495 3025 1571 3074 eo
1597 3003 1769 3094 quod
1794 3002 1956 3072 facta
1984 3001 2179 3069 fuerit
2202 3008 2374 3070 extra
2400 3024 2555 3071 con-

287 3127 556 3192 ventum
583 3124 1020 3213 designatum,
1059 3127 1265 3194 oritur
1309 3125 1689 3215 gravissima
1725 3121 2069 3191 difficultas
2104 3145 2121 3189 ε
2180 3144 2262 3189 an
2315 3124 2559 3193 scilicet

287 3245 448 3308 tunc
475 3245 736 3308 sanetur
765 3240 903 3309 haec
943 3240 1207 3310 nullitas
1237 3261 1350 3332 per
1384 3239 1842 3330 professionem
1874 3238 2128 3306 tacitam
2152 3238 2558 3329 subsequen·

289 3363 418 3424 tem
444 3375 464 3445 ς
486 3376 728 3424 anvero
752 3377 788 3424 e
806 3361 1029 3424 contra
1057 3363 1213 3426 tunc
1243 3357 1378 3446 ipsa
1414 3356 1613 3424 etiam
1640 3352 1945 3446 professio
1974 3352 2164 3420 tacita
2196 3376 2309 3444 per
2338 3355 2555 3424 decre-

290 3477 436 3540 tum
460 3470 806 3541 Clementis
828 3471 984 3540 VIII
1001 3471 1412 3543 annulletur?
1430 3470 1521 3546 De
1536 3491 1667 3561 quo
1696 3470 1837 3539 vide
1851 3470 1919 3536 in
1945 3470 2233 3558 sequenti
2252 3473 2553 3556 sectione,

289 3584 500 3674 capite
531 3583 598 3666 3,
630 3587 982 3672 quaestione
1009 3586 1074 3654 6.

377 3697 492 3765 111.
525 3702 622 3765 De
653 3699 961 3789 leqitimo
1001 3701 1094 3770 ad
1137 3701 1428 3770 valorem
1467 3701 1835 3770 novitiatus
1860 3699 2118 3767 habitu.
2180 3736 2283 3773 —,
2309 3695 2558 3787 Duplex

289 3811 414 3878 hac
451 3813 528 3880 de
553 3835 624 3880 re
647 3816 914 3902 quaestio
961 3816 1208 3883 institui
1239 3815 1390 3884 solet
1426 3839 1443 3884 ε
1490 3817 1995 3907 primo¹nempe,
2042 3837 2126 3906 an
2160 3813 2240 3880 ad
2269 3813 2557 3880 valorem

291 3924 634 3995 novitiatus
655 3928 1022 4016 requiratur
1049 3930 1326 4020 alicujus
1356 3931 1640 4021 religiosi
1660 3931 1921 3999 habitus
1946 3930 2259 4020 susceptio
2285 3934 2349 3996 et
2372 3927 2547 3994 dela-

289 4041 378 4110 tio
407 4065 424 4110 :
453 4043 764 4130 secunde,
796 4064 879 4112 an
903 4046 1270 4134 requiratur
1293 4047 1555 4114 habitus
1573 4047 1913 4136 religiosus
1940 4045 2023 4114 ab
2040 4043 2275 4112 habitu
2300 4041 2549 4134 profes-

285 4177 510 4227 sorum
535 4157 898 4228 distinctus.

263 4346 278 4362 ,
385 4279 448 4344 1⁰
477 4277 545 4347 Si
598 4279 960 4349 attendatur
1023 4281 1103 4350 ad
1151 4284 1318 4352 solos
1362 4289 1569 4352 textus
1615 4276 1946 4352 sacrorum
1997 4302 2350 4364 canonum,
2427 4300 2559 4348 non

264 4393 543 4461 videtur
573 4395 862 4486 rigorose
887 4395 1144 4486 probari
1175 4418 1356 4487 posse
1395 4396 1679 4487 religiosi
1702 4397 1975 4489 alicujus
2002 4397 2257 4466 habitus
2280 4397 2559 4468 necessi-
