2834 4959
1037 379 1189 426 PARS
1238 377 1531 426 SECUNDA.
2287 371 2356 429 2¹
2376 373 2398 428 Ι

233 505 291 572 2“·
319 505 435 572 Ex
460 501 679 593 factis
708 501 951 570 saltem
982 499 1456 569 recentioribus
1481 499 1760 568 inducta
1765 501 1919 590 jam
1939 499 2118 570 dicta
2145 525 2416 572 consue-

156 619 293 688 tudo
316 617 607 708 probari
623 628 873 708 potest.
921 654 1012 667 —-
1061 615 1165 684 Ad
1194 615 1510 684 hodierna
1541 617 1722 685 enim
1748 621 2042 708 tempora
2066 618 2120 686 si
2149 618 2416 688 acceda-

152 759 306 814 mus,
331 736 696 802 occurrunt
714 733 1023 822 plurimae
1044 731 1431 820 hujusmodi
1454 733 2002 821 congregationeS,
2035 735 2418 808 monialium

152 851 517 940 praesertim,
548 849 629 915 de
656 849 793 915 sola
819 845 1118 938 Episcopi
1130 847 1405 915 dicentia
1443 848 1736 939 primum
1765 849 2102 919 inchoalae.

237 963 316 1030 Et
346 964 469 1030 hoc
486 961 753 1050 quidem
788 961 981 1028 modo
1003 960 1610 1030 initiumhabuisse
1633 963 2012 1030 institutum
2037 963 2422 1032 clericorum

158 1077 499 1148 Societattls
533 1075 773 1144 Marica
811 1075 931 1166 (les
966 1073 1287 1166 Maristee)
1318 1085 1874 1167 nuncupatorum,
1917 1085 2163 1146 constat
2191 1101 2264 1146 ex
2290 1081 2428 1169 ipsa

156 1193 437 1283 Gregorii
466 1189 621 1262 XVI
650 1191 827 1259 bulla
842 1191 1166 1259 Omnium
1192 1191 1519 1282 qentium,
1553 1191 1640 1260 29
1662 1194 1886 1283 aprilis
1918 1193 2116 1278 1836,
2150 1215 2294 1285 quae
2321 1215 2428 1264 eos

156 1313 221 1376 in
244 1308 796 1398 congregationem
825 1307 1221 1394 religiosam,
1256 1329 1412 1374 cum
1435 1309 1596 1375 votis
1626 1309 2039 1399 simplicibus
2071 1313 2420 1406 perpetuiS,

158 1425 337 1492 erexit
364 1431 429 1491 01
472 1421 875 1514 approbavit.
927 1420 1004 1488 ln
1049 1443 1123 1490 ea
1148 1423 1328 1490 enim
1366 1422 1458 1490 sic
1498 1424 1822 1492 habetur:
1880 1453 1914 1491 κ
1944 1425 2087 1495 Non
2122 1426 2429 1497 mediocri

164 1566 199 1604 «
225 1547 376 1609 certe
450 1539 783 1628 voluptate
859 1535 1071 1604 >affecti
1138 1537 1385 1604 fuimus
1411 1591 1431 1624 ,
1489 1538 1604 1605 ubi
1681 1543 2054 1632 accepimus
2119 1541 2434 1612 dilectum

31 1677 34 1688 ·
162 1682 193 1720 α
219 1657 423 1724 filium
458 1653 812 1720 Claudium
839 1649 1052 1735 Colin,
1102 1658 1167 1720 01
1194 1651 1438 1742 aliquos
1465 1654 1868 1743 presbyteros
1911 1657 2200 1724 dioecesis
2226 1657 2431 1727 Belli-

164 1799 195 1837 «
226 1775 449 1852 censiS,
500 1767 735 1836 multis
778 1767 1017 1836 abhinc
1059 1767 1275 1852 anniS,
1343 1787 1532 1836 novae
1573 1769 2031 1858 religiosorum
2084 1771 2433 1841 hominum

164 1887 525 1954 «societatis
577 1883 997 1950 fundamenta
1064 1885 1371 1972 posuisse,
1423 1883 1610 1950 titulo
1665 1883 2017 1951 societatis
2067 1887 2326 1954 Marioe.
2381 1910 2419 1950 π

158 1998 303 2068 Haec
342 2001 623 2090 profecto
678 1997 872 2064 verba
922 2017 1185 2086 prorsus
1236 2004 1524 2085 arguunt
1571 1997 1942 2064 inchoatam
1997 2001 2179 2066 initio
2233 2001 2428 2068 fuisse

160 2117 375 2184 dictam
432 2117 807 2182 societatem
874 2112 1114 2202 absque
1166 2113 1426 2181 obtenta
1484 2112 1757 2182 Romani
1826 2111 2164 2183 Pontificis
2211 2136 2441 2206 appro-

156 2232 417 2315 batione,
472 2239 541 2296 et
576 2229 659 2296 de
708 2228 839 2295 sola
866 2227 1194 2296 Ordinarii
1248 2229 1533 2297 licentia.
1593 2231 1808 2320 Atque
1833 2233 1918 2298 ita
1955 2253 2266 2301 reverase
2297 2255 2438 2303 rem

156 2351 466 2430 habuisse,
514 2351 785 2438 insuper
826 2349 1042 2439 accepi
1067 2348 1313 2438 abipso
1344 2349 1880 2419 reverendissimo
1911 2351 2130 2434 Colin,
2166 2353 2440 2467 hujusce

156 2465 662 2556 congregationis
688 2462 1050 2531 fundatore.

242 2581 345 2648 Ad
380 2580 763 2647 monialium
814 2578 1345 2667 congregationes
1380 2579 1560 2666 quod
1601 2583 1848 2665 attinet,
1905 2583 2068 2650 adeo
2095 2541 2322 2652 notum
2350 2591 2443 2655 est

160 2717 340 2764 nnnc
368 2684 675 2784 plurimas
712 2695 785 2761 in
834 2691 1043 2762 Gallia
1069 2699 1337 2780 exstare,
1378 2691 1460 2758 de
1491 2691 1631 2759 sola
1657 2691 2150 2764 ordinariorum
2182 2701 2442 2768 licentia

160 2818 427 2893 erectaS,
490 2815 560 2874 ut
634 2829 1182 2899 supervacaneum
1252 2805 1549 2874 videatur
1605 2805 1727 2872 hac
1785 2804 1863 2872 de
1920 2828 1990 2872 re
2057 2809 2443 2880 documenta

162 2947 527 3014 congerere.
577 2923 797 2993 Unum
854 2931 966 2991 aut
1010 2923 1287 2991 alterum
1348 2922 1660 2988 duntaxat
1697 2943 2097 3010 promemus
2155 2925 2229 2989 In
2267 2947 2441 3014 opu-

160 3043 341 3110 sculo
364 3044 475 3131 qui
512 3041 917 3124 inscribitur,
960 3039 1194 3128 qules
1240 3037 1350 3105 des
1395 3041 1620 3105 Soeurs
1647 3035 1728 3104 de
1766 3037 1832 3104 la
1883 3038 2443 3111 Sainte-Famille

162 3157 330 3246 (edit.
388 3155 708 3223 Ambiani
758 3151 986 3244 1843),
1034 3154 1237 3220 videri
1290 3160 1493 3242 potest
1545 3155 2061 3242 congregationis
2114 3155 2336 3244 hujuS,
2399 3179 2442 3223 a

158 3273 412 3338 Sancta
439 3269 733 3338 Familia
760 3269 971 3351 dictae,
1010 3268 1289 3357 regulaS,
1322 3267 1455 3336 sola
1483 3269 1856 3336 auctoritate
1899 3267 2438 3343 Reverendissimi

157 3388 475 3478 Myoland,
506 3397 665 3455 tunc
700 3385 1157 3454 Ambianensis
1202 3382 1537 3470 PraesuliS,
1581 3404 1757 3450 nunc
1795 3405 1945 3450 vero
1976 3383 2276 3458 Tolosani
2318 3393 2440 3458 Ar-

154 3507 575 3596 chiepiscopi,
618 3506 987 3593 impressas„
1019 3501 1398 3590 approbatas
1447 3507 1508 3567 01
1547 3501 1951 3567 confirmatas
2001 3503 2216 3590 fuisse,
2260 3512 2322 3569 et
2355 3527 2435 3570 ne

156 3621 347 3689 verbo
384 3621 655 3711 quidem
708 3619 1031 3700 innuitur,
1064 3616 1267 3684 ullam
1310 3615 1728 3684 intervenisse
1770 3613 2172 3684 pontificiam
2200 3638 2436 3704 appro-

156 3737 501 3804 bationem.

240 3855 409 3922 Item
440 3875 647 3944 nuper
670 3851 753 3920 de
780 3850 923 3918 5013-
939 3849 1439 3922 ordinariorum
1483 3849 1748 3918 licentia
1792 3851 2128 3920 exordium
2157 3851 2434 3940 sumpsit

152 3989 459 4058 sororum
504 3991 545 4034 a
590 3966 1038 4058 Reparatione
1081 3971 1614 4056 nuncupatarum
1645 3965 2041 4054 institutum,
2076 3966 2262 4054 cujus
2303 3965 2434 4034 duo

152 4083 283 4172 jam
312 4088 693 4166 conventus,
734 4081 893 4150 alter
921 4082 1207 4166 Parisiis,
1246 4081 1557 4171 Lugduni
1588 4082 1769 4164 alter,
1799 4081 1994 4149 erecti
2017 4086 2191 4148 sunt.
2220 4081 2430 4162 Quam

155 4198 419 4286 quidem
492 4219 731 4267 novam
776 4197 1369 4266 sanctimonialium
1422 4196 1766 4277 familiam,
1818 4195 1900 4262 ab
1953 4195 2183 4284 primis
2232 4197 2434 4285 ipsius

156 4322 357 4390 initiis
380 4331 721 4414 pernotam
754 4320 983 4403 habe0,
1040 4327 1102 4386 01
1144 4341 1559 4412 summopere
1601 4315 1980 4406 frugiferam
2008 4323 2070 4385 01
2106 4321 2330 4389 utilem
2367 4322 2432 4390 in

158 4435 439 4507 Ecclesia
470 4441 845 4508 exstituram
871 4436 1190 4506 existimo.
