2834 4959
1066 321 1217 372 Pus
1261 323 1531 376 stonum
1539 356 1554 374 .
2321 325 2358 380 Ξ
2369 327 2404 382 7
2413 325 2449 382 3

176 473 211 510 ι
242 442 423 512 nulla
464 442 771 532 legitima
818 442 1067 512 ratione
1117 443 1265 514 t'ulti
1314 444 1720 532 dissentiant,
1773 450 1928 540 ipsis
1981 453 2226 540 invitis,
2283 455 2442 546 Epi-

176 587 211 628 «
236 581 475 650 scopus
520 558 859 627 licentiam
905 558 1255 630 concedere
1300 567 1553 650 potest:
1589 584 1775 634 secus
1817 567 1872 636 si
1917 569 2092 658 iusta
2137 569 2216 638 de
2261 589 2452 642 causa

24 740 26 743 ,
174 702 209 742 ι
234 673 647 744 dissentiant.
716 671 847 742 Ubi
896 673 1105 742 obiter
1162 680 1341 744 notat
1400 677 1577 746 idem
1627 679 2105 753 ¹celeberrimus
2156 685 2452 776 scriptor,

172 815 205 855 ι
232 790 361 858 hac
391 790 475 857 de
522 810 597 856 re
629 787 790 856 illud
835 789 1051 858 solum
1084 789 1550 860 detrimentum
1585 793 1830 866 attendi
1869 796 2123 883 debere,
2170 799 2346 889 quod
2374 798 2454 869 de

174 929 212 968 «ι
241 902 539 994 praesenti
564 965 569 972 ,
592 902 938 972 immineat
990 909 1215 972 contra
1260 905 1371 994 jus
1411 906 1786 996 quaesitum,
1843 931 1974 980 non
2029 933 2180 982 vero
2231 919 2456 986 contra

176 1045 217 1084 α
249 1021 365 1110 jus
388 1041 497 1088 seu
522 1017 783 1088 lucrum
806 1019 1283 1110 acquirendum
1314 1022 1387 1089 in
1414 1021 1659 1092 futuro.
1703 1025 2006 1096 Secundo
2034 1028 2210 1098 idem
2241 1037 2457 1102 censet

186 1163 225 1203 α
252 1137 341 1208 <le
360 1137 587 1236 caeteris
606 1136 911 1206 interesse
934 1137 1345 1208 habentibus.
1384 1139 1606 1208 Tertio
1636 1141 1810 1211 idem
1835 1145 2020 1214 docet
2043 1145 2124 1215 de
2151 1147 2456 1237 parocho,

185 1279 227 1322 ι(
266 1273 457 1345 quem
482 1264 685 1343 putat
724 1253 800 1321 in
844 1252 969 1321 Ιιασ
1012 1275 1227 1324 causoe
1269 1256 1644 1348 coquitione
1681 1259 2054 1330 vocandum
2108 1285 2248 1334 non
2299 1285 2454 1335 esse.

186 1395 229 1436 ιι
266 1371 517 1452 Quarto
557 1367 841 1456 colligit,
915 1371 1088 1458 quod
1142 1369 1616 1441 detrimentum
1671 1395 2024 1445 concursus
2097 1378 2327 1469 populi
2381 1380 2460 1450 ad

182 1511 228 1553 «c
258 1485 547 1554 ecclesias
594 1484 666 1550 in
709 1483 851 1554 loco
892 1487 1363 1574 praeexistentes
1409 1508 1544 1556 non
1591 1497 1686 1559 est
1727 1493 2222 1578 attendendum,
2273 1500 2350 1564 ut
2381 1518 2458 1566 ex

178 1625 219 1668 α
258 1619 333 1669 eo
358 1605 635 1688 negetur
661 1597 895 1668 erectio
910 1600 1074 1668 novi
1102 1605 1480 1670 conventus.
1517 1603 1772 1687 Quinto
1797 1608 1974 1696 quod
2017 1610 2072 1678 si
2107 1617 2462 1681 conventus

180 1743 217 1781 ι
250 1714 603 1806 erigendus
634 1714 828 1784 habet
853 1715 1140 1784 redditus
1168 1715 1567 1786 sufficientes
1593 1741 1714 1809 pro
1739 1723 2226 1810 sustentatione,
2257 1733 2462 1816 potest

180 1856 223 1898 α
252 1831 440 1922 erigi,
471 1829 667 1898 etiam
696 1830 917 1898 invitis
938 1829 1088 1900 aliis
1110 1829 1516 1920 religiosis.»

272 1946 339 2014 2·
385 1944 507 2014 Pro
552 1945 777 2016 eadem
832 1943 1145 2014 sententia
1196 1946 1441 2020 stetisse
1495 1944 1874 2016 Bordonnm
1922 1907 1984 2018 et
2034 1951 2195 2020 alios
2244 1973 2449 2042 quos-

175 2061 353 2149 dam,
392 2065 641 2130 constat
683 2079 761 2129 ex
802 2061 943 2152 ipso
986 2058 1345 2154 Pignatello
1398 2059 1581 2151 (tom.
1635 2061 1697 2148 1,
1731 2063 2007 2132 consult.
2069 2065 2223 2155 179,
2266 2087 2336 2136 n.
2372 2066 2460 2136 35

162 2181 242 2247 ‘et
266 2173 453 2266 seq.).

261 2288 329 2360 3⁰
383 2289 616 2360 Eidem
668 2293 999 2357 sententiae
1058 2287 1520 2358 adscribendus
1577 2296 1672 2358 est
1747 2290 2167 2384 Pasqualigus
2191 2349 2212 2380 ,
2271 2303 2465 2388 prout

174 2411 440 2475 testatur
472 2399 895 2474 Reiffenstuel·
920 2405 993 2472 in
1036 2404 1216 2474 hunc
1262 2405 1575 2476 modum:
1615 2431 1650 2472 α
1691 2404 2148 2481 Passerinus...
2181 2408 2465 2504 pasqua-

181 2547 220 2586 «
244 2521 508 2611 ligus...
542 2519 744 2590 etalii
788 2525 1023 2610 putant
1061 2539 1169 2589 eos
1200 2519 1459 2612 (nempe
1496 2523 1848 2615 parochos)
1879 2547 2001 2596 nec
2025 2527 2313 2598 citandos
2341 2551 2462 2598 nec

187 2660 223 2701 ι
258 2633 615 2704 audiendos
638 2653 797 2702 esse.
830 2657 866 2698 ι
902 2633 1003 2726 (ln
1032 2635 1129 2702 tit.
1154 2633 1269 2712 48,
1295 2635 1448 2702 libri
1469 2633 1510 2702 3
1541 2635 2005 2722 Decretalium,
2036 2664 2106 2709 n.
2140 2641 2282 2734 33.)

276 2750 347 2820 4·
380 2746 681 2819 Eamdem
720 2752 1111 2820 sententiam
1144 2770 1221 2818 ex
1251 2748 1561 2839 professo,
1596 2755 1811 2838 atque,
1852 2757 1926 2818 ut
1983 2754 2148 2821 mihi
2180 2757 2458 2841 videtur,

188 2865 612 2957 peremptorie
655 2867 1106 2936 sustinuerunt
1144 2865 1460 2934 moderni·
1487 2863 1900 2934 Bollandiani
1943 2865 2248 2954 (eaeaaemn
2305 2873 2468 2943 libri

188 2981 487 3052 Mam‘ani
518 2971 907 3065 'Verhoevm,
935 3001 1084 3074 pag.
1120 2981 1249 3050 497
1280 2987 1343 3048 et
1379 3001 1553 3071 seq„
1574 2979 1730 3050 edit.
1759 2979 2004 3070 1847).

267 3097 365 3166 Ex
408 3099 705 3168 adductis
757 3097 1277 3168 concludendum
1328 3103 1454 3182 est,
1500 3117 1640 3165 rem
1693 3098 1862 3165 inter
1903 3097 2263 3168 canonistas
2300 3123 2462 3170 con-

180 3215 466 3283 troverti.
500 3212 784 3282 Proinde
809 3211 1179 3282 communis
1222 3211 1353 3281 dici
1394 3212 1622 3302 nequit
1665 3232 1894 3278 eorum
1921 3211 2170 3301 opinio,
2200 3214 2318 3304 qui
2341 3235 2463 3304 pu-

178 3331 319 3395 tant
341 3330 550 3398 teneri
578 3327 979 3420 Episcopum
1008 3327 1089 3396 ad
1116 3327 1485 3396 vocandum
1513 3325 2276 3418 paroehum,antoquam
2308 3335 2462 3402 novi

176 3451 533 3514 conventus
577 3443 869 3532 erigendi
909 3443 1247 3512 licentiam
1275 3442 1610 3529 concedat,
1635 3447 1702 3510 et
1741 3440 2090 3512 invalidam
2117 3467 2252 3516 esse
2283 3448 2462 3516 illam

178 3556 534 3643 licentiam,
558 3558 615 3627 si
637 3559 1033 3627 concedatur
1062 3577 1195 3626 non
1226 3555 1451 3625 audito
1468 3553 1774 3647 parocho.
1824 3611 1832 3616 .

262 3673 649 3743 Pnorosmo
671 3673 807 3742 111⁸.
848 3712 938 3727 —
978 3671 1091 3742 Ad
1123 3670 1538 3763 fulciendam
1572 3670 1865 3762 priorem
1898 3671 2302 3762 opinionem,
2339 3695 2470 3745 esse

186 3787 435 3854 scilicet
452 3787 841 3857 vocandum
852 3787 1254 3880 pamelium,
1282 3785 1616 3856 immerito
1641 3786 1992 3855 invocatur
2015 3789 2204 3856 Rotae
2222 3799 2288 3854 et
2305 3811 2468 3860 non-

188 3899 537 3970 nullorum
566 3903 1074 3976 canonistarum
1097 3901 1489 3972 auctoritas.
1511 3935 1603 3956 --
1629 3901 1732 3969 Ad
1759 3900 1986 3971 Rotam
2013 3902 2189 3990 quod
2215 3903 2464 3990 attinet,

186 4036 323 4085 non
358 4037 489 4085 una
512 4039 767 4112 semper
794 4019 1009 4089 fuisse·
1028 4019 1233 4111 ipsius
1272 4019 1405 4088 hac*
1425 4017 1614 4086 de-re
1641 4016 1954 4087 sententia
1979 4015 2254 4086 videtur.
2281 4017 2468 4100 Quod

190 4151 263 4198 ex
284 4132 533 4202 collatis
566 4135 981 4226 sequentibus
1005 4134 1440 4204 decisionibus
1473 4131 1733 4222 patebit.

282 4247 341 4314 1⁰
372 4245 491 4318 Die
519 4249 607 4318 22
634 4251 810 4340 ,iunii
839 4249 1039 4336 1615,
1083 4271 1303 4319 coram
1345 4244 1732 4319 Manzanedo
1756 4243 2156 4335 (recentium,
2193 4251 2368 4336 parte
2397 4248 2466 4330 2,

198 4377 339 4448 pag.
383 4361 565 4452 573),
612 4364 855 4455 prodiit
894 4362 1161 4452 decisio,
1219 4383 1347 4453 qua
1391 4357 1602 4429 valida
1644 4357 2102 4449 pronuntiatur
2139 4359 2472 4433 Caesarau-

430 4485 479 4532 1.
2124 4482 2186 4530 ιε
