2834 4959
0 823 4 868 V

1092 318 1247 367 PARS
1290 314 1529 365 mvn.
1643 334 1648 345 ¹
2323 320 2358 373 4
2367 318 2400 373 9
2414 316 2450 375 5

186 458 301 513 aut
332 443 541 512 etiam
580 438 931 509 ordinarii
965 438 1261 510 licmtia.
1296 478 1388 494 -·-
1429 438 1687 510 Etenim
1729 443 2050 531 ejusmodi
2093 455 2448 517 conventus

183 558 513 633 instaurati
550 561 705 626 sunt
738 576 779 623 a
818 554 1209 625 monialibus
1244 577 1283 625 e
1326 549 1720 648 dispersione
1761 558 2220 644 remeantibus,
2262 568 2454 653 atque

184 676 247 745 in
290 673 525 744 iisdem
563 668 934 740 civitatibus
983 674 1095 741 aut
1148 670 1355 763 pagis,
1392 671 1478 739 'in
1531 670 1772 760 quibus
1823 694 2018 743 suum
2073 682 2260 745 antea
2299 696 2456 747 con-

184 798 448 859 ventum
478 785 824 855 habebant.
861 782 959 853 De
996 805 1128 875 quo
1164 784 1235 855 in
1280 785 1652 877 exemplum
1697 784 2096 859 adducemus
2142 791 2456 865 moniales

180 902 663 989 Carmelitanas‚
708 920 855 991 quae
894 897 1174 981 Parisiis,
1217 900 1323 969 via
1370 902 1572 971 sancti
1613 900 1858 991 Jacohi,
1908 904 2068 974 olim
2112 907 2452 999 degebant.

180 1018 275 1087 Ex
318 1040 394 1087 eo
442 1020 761 1087 conventu
804 1016 1175 1107 superstites
1222 1022 1367 1105 post
1399 1016 1864 1109 dispersionem
1907 1022 2244 1107 moniales,
2288 1025 2456 1095 aedes

185 1136 337 1223 sibi,
372 1153 503 1202 non
551 1138 805 1201 tantum
854 1132 927 1200 in
966 1130 1191 1199 eadem
1236 1129 1512 1217 civitate,
1547 1133 1658 1203 sed
1693 1136 1767 1203 in
1807 1135 2031 1205 eodem
2073 1137 2274 1211 ferme
2309 1140 2453 1212 loco

181 1250 305 1319 sibi
358 1249 843 1339 compararunt,
890 1251 1083 1335 atque
1126 1243 1220 1313 ibi
1267 1247 1596 1338 propriam
1648 1248 1927 1319 instituti
1976 1254 2078 1320 sui
2135 1254 2332 1325 vitam
2377 1278 2452 1327 ac

185 1364 463 1433 formam
514 1363 975 1431 instaurarunt.
1037 1358 1262 1449 Porro,
1305 1382 1379 1431 ex
1433 1380 1629 1452 supra
1680 1365 1930 1435 statutis
1978 1368 2341 1459 principiis,
2383 1372 2448 1440 id

182 1478 421 1569 absque
456 1498 625 1547 nova
658 1476 923 1547 licentia
966 1495 1266 1566 peragere
1304 1480 1653 1566 potuerunt
1685 1479 1998 1549 moniales
2034 1490 2176 1573 post
2213 1483 2452 1576 disper-

184 1593 433 1666 sionem
484 1594 876 1684 superstites.
932 1590 1299 1659 Conventus
1350 1591 1646 1682 proinde,
1699 1592 1792 1663 sic
1843 1593 1929 1662 ab
1979 1596 2262 1687 antiquis
2311 1622 2452 1671 mo-

182 1708 465 1779 nialibus
536 1705 897 1797 instaurati,
951 1726 1071 1795 pro
1138 1705 1450 1774 canonice
1513 1707 1821 1776 institutis
1875 1709 2156 1781 habendi
2220 1716 2450 1799 forent,

187 1818 445 1889 etiamsi
474 1817 713 1908 absque
750 1840 913 1888 nova
950 1816 1087 1886 ulla
1122 1817 1387 1887 licentia
1423 1818 1738 1908 ejusmodi
1785 1819 2162 1892 instauratio
2203 1834 2454 1915 peracta

177 1936 434 2005 suisset.

272 2046 361 2119 11.
402 2046 584 2117 Dicta·
622 2058 969 2117 conventus
1010 2069 1163 2117 cum
1213 2066 1479 2115 assensu
1539 2044 2050 2117 ordinariorum
2105 2052 2455 2121 constituti

180 2177 362 2233 sunt.
392 2200 489 2217 —
513 2161 585 2232 ld
613 2160 1017 2233 documentis
1046 2162 1317 2255 probare
1346 2182 1600 2233 necesse
1633 2184 1766 2232 non
1791 2170 1908 2233 est.
1944 2162 2268 2235 Ordinarii
2293 2188 2450 2237 con-

178 2300 441 2349 sensum
482 2278 695 2369 quoad
734 2278 1026 2369 singulos
1066 2280 1180 2369 qui
1222 2299 1403 2348 nunc
1433 2286 1680 2349 exstant
1713 2278 1783 2349 in
1823 2278 2027 2350 Gallia
2063 2282 2448 2353 monialium

180 2404 561 2480 conventus,
612 2394 716 2465 vel
784 2394 945 2463 illud
1004 2392 1216 2463 solum
1274 2396 1428 2465 satis
1489 2400 1780 2487 testatur,
1845 2396 2020 2487 quod
2087 2399 2302 2467 statim
2369 2400 2450 2467 ab

181 2510 695 2601 uniuscujusque
803 2508 1077 2579 exordiis
1098 2560 1119 2593 ,
1218 2510 1560 2601 deputatus
1657 2511 1742 2581 ab
1847 2510 2161 2606 Episcopo
2261 2514 2452 2585 fuerit

185 2628 540 2719 presbyter,
592 2625 709 2716 qui
761 2624 854 2694 ibi
915 2646 1167 2693 sacrum
1208 2624 1445 2693 faceret
1493 2628 1558 2693 et
1609 2633 2006 2694 sacramenta
2057 2630 2453 2703 monialibus

179 2743 595 2812 ministraret.
644 2738 833 2811 Unde
874 2740 1313 2809 anticanonice
1356 2738 1732 2807 constitutos
1765 2738 1961 2809 fuisse
1995 2739 2190 2810 hosce
2229 2743 2454 2813 Galliae

183 2864 565 2943 conventus,
637 2874 1045 2947 nequaquam
1104 2876 1181 2923 ex
1246 2853 1373 2923 hoc
1434 2851 1638 2944 capite
1689 2850 1920 2921 deduci
1999 2861 2224 2943 potest,
2281 2859 2454 2947 quod

189 2971 463 3043 defuerit
496 3030 507 3041 .
536 2992 573 3039 a
655 2990 837 3041 sacro
916 2966 1297 3039 Tridentino
1386 2968 1676 3039 Concilio
1767 2968 2072 3059 requisita
2155 2969 2452 3064 Episcopi

178 3089 466 3159 licentia.

278 3202 390 3273 111.
442 3204 625 3275 Licet
678 3203 749 3271 *in
809 3197 1288 3271 constituendis
1350 3198 1680 3269 hodiernis
1729 3198 1974 3269 Gallice
2029 3202 2463 3273 conventibus

180 3338 327 3387 non
369 3318 643 3389 obtenta
685 3317 885 3406 ficet-it
942 3314 1215 3385 licentia
1268 3313 1436 3385 sedis
1489 3314 1914 3406 Apostolicoe,
1975 3336 2112 3383 non
2161 3318 2457 3409 sequitur

179 3444 541 3505 conventus
578 3432 739 3503 illos
779 3432 993 3525 fuisse
1040 3429 1510 3501 anticanoniee
1549 3429 1959 3499 constitutos,
2004 3468 2094 3481 -
2145 3430 2336 3519 Nam,
2381 3448 2458 3505 ex

180 3550 551 3643 hypothesi,
599 3554 955 3619 conventus
1004 3545 1103 3616 illi
1142 3546 1470 3617 constituti
1513 3549 1665 3615 sunt
1709 3546 1780 3614 in
1824 3542 2052 3613 iisdem
2089 3545 2458 3617 civitatibus

184 3671 305 3737 aut
338 3666 548 3759 pagis,
586 3666 657 3733 in
705 3663 943 3755 quibus
984 3662 1277 3755 ejusdem
1314 3659 1562 3731 ordinis
1601 3662 2068 3731 monasterium
2111 3663 2450 3733 exstiterat.

182 3777 326 3850 Sed
348 3780 415 3848 in
441 3780 567 3850 hoc
596 3799 775 3864 casu,
806 3784 1103 3869 utsupra
1135 3778 1444 3865 diximus,
1475 3780 1826 3868 potuerunt
1851 3776 2186 3861 moniales,
2220 3774 2460 3869 absque

176 3914 363 3965 nova
391 3894 643 3966 obtenta
666 3893 951 3980 licentia,
978 3892 1073 3963 ibi
1100 3890 1590 3977 conventualem
1617 3910 1806 3961 suam
1831 3892 2032 3961 vitam
2061 3892 2454 3979 instaurare3

182 4032 268 4081 eo
314 4008 491 4102 quod
534 4026 771 4101 nempe
816 4012 927 4101 jus
976 4008 1069 4079 ibi
1124 4004 1630 4079 conventualiter
1689 4006 1988 4096 degendi,
2044 4028 2160 4097 per
2223 4007 2460 4098 expul-

182 4128 467 4215 sionem,
519 4126 1135 4218 dispersionemque,
1181 4142 1257 4191 ac
1304 4119 1678 4191 monasterii
1721 4122 1822 4189 sui
1862 4120 2359 4191 destructionem
2398 4129 2461 4191 et

178 4240 646 4311 alienationem
672 4239 1045 4309 nullatenus
1076 4236 1234 4331 ipsis
1260 4236 1544 4329 perierit.
1586 4234 1750 4326 Ergo
1785 4256 1864 4304 ex
1894 4236 2144 4305 defectu
2181 4236 2458 4307 licentiae

168 4355 571 4446 Apostolicae
626 4353 1075 4425 anticanonice
1122 4350 1374 4421 fundati
1435 4350 1564 4421 dici
1621 4358 1956 4441 nequeunt
2010 4352 2258 4441 praefati
2309 4374 2458 4424 mo-
