2834 4959
1003 300 1153 347 muts
1199 298 1416 345 mum.
2258 296 2333 353 51

105 446 136 484 ι
159 422 363 513 possit,
393 426 460 489 et
487 420 604 509 qui
639 422 752 509 jus
781 418 1065 507 acquirat
1095 421 1168 489 in
1209 441 1352 487 rem
1382 418 1685 488 traditam
1718 420 1801 488 ad
1838 418 2151 489 utendum
2200 422 2338 511 illa,

104 562 132 600 α
161 538 244 604 vel
279 536 376 605 illi
432 535 923 626 imperandum,
974 556 1326 624 curamque
1364 536 1629 625 gerendi
1657 537 1818 625 ejus.
1876 534 2087 627 Hujus
2128 544 2345 607 autem

101 652 300 721 «ratio
359 659 484 737 est,
539 654 700 741 quia
743 648 939 730 Deus,
993 651 1356 719 secundum
1411 651 1812 727 ordinariam
1865 652 2339 742 providentiam

103 792 358 852 «suam,
401 790 536 839 non
567 767 840 857 suscipit
883 766 1272 858 peculiarem
1299 788 1528 835 curam
1583 768 1989 857 gubernandi
2038 770 2351 859 privatam

99 905 490 975 «personam
547 882 926 950 immediate
973 903 1086 972 per
1138 882 1447 972 seipsum,
1498 904 1618 951 nec
1690 882 1940 971 indiget
1989 884 2091 951 his
2152 886 2349 955 rebus

103 1026 132 1065 α
159 999 592 1081 sensibilibus,
625 1005 702 1065 ut
735 998 828 1065 eis
885 996 1253 1065 immediate
1282 1004 1345 1065 et
1399 998 1537 1066 sine
1592 1000 1959 1067 interventu
2011 1020 2353 1069 causarum

102 1114 585 1180 «secundarum
623 1118 864 1180 utatur.
909 1108 992 1179 Et
1019 1111 1163 1179 ideo
1210 1112 1473 1179 donatio
1499 1112 1589 1180 sic
1637 1114 1802 1181 facta
1849 1114 2009 1199 Deo,
2052 1115 2151 1182 vel
2196 1118 2368 1182 esset

104 1256 135 1293 α
165 1250 328 1299 vana
354 1235 412 1295 et
447 1230 668 1310 otiosa,
695 1228 799 1295 vel
825 1228 1005 1317 quasi
1035 1235 1287 1296 tentans
1341 1226 1580 1311 Deum,
1626 1229 1709 1297 ab
1754 1230 1867 1298 illo
1905 1232 2357 1300 immediatum

109 1370 142 1411 «
169 1346 448 1433 regimen
500 1343 868 1432 exigend03
909 1350 972 1409 et
1013 1350 1350 1433 propterea
1377 1345 1473 1411 illi
1516 1367 1647 1412 non
1678 1345 1906 1435 placet,
1958 1369 2077 1415 nec
2107 1347 2359 1437 abipso

104 1486 134 1527 α
167 1460 526 1529 immediate
606 1466 990 1549 acceptatur.
1055 1464 1390 1550 Potestque
1453 1460 1576 1527 hoc
1654 1460 1967 1553 exemplis
2018 1463 2350 1531 declarari.

106 1602 134 1639 ιι
165 1574 327 1644 Nam
353 1577 408 1643 si
436 1576 588 1664 quis
613 1594 837 1641 secum
865 1572 1172 1641 deliberet
1203 1595 1279 1641 ac
1319 1574 1649 1643 definitive
1672 1576 1830 1644 velit
1879 1597 1916 1644 a
1940 1598 2005 1644 se
2060 1576 2359 1645 abdicare

107 1690 518 1759 «dominium
572 1690 804 1773 vineae,
857 1684 1039 1755 verbi
1067 1690 1297 1777 gratia,
1347 1697 1411 1755 et
1446 1687 1817 1756 immediate
1842 1690 2021 1757 illam
2053 1690 2185 1758 Deo
2236 1690 2361 1758 do-

107 1832 134 1868 «
159 1827 334 1889 nare,
365 1806 490 1872 nisi
531 1803 718 1871 illam
749 1802 1156 1869 voluntatem·
1193 1802 1554 1869 manifestet
1584 1802 1907 1887 Ecclesiae,
1966 1804 2030 1871 id
2060 1812 2179 1891 est,
2232 1807 2361 1873 mi-

105 1947 132 1983 «
161 1920 379 1987 nistris
423 1919 586 2010 ejus,
615 1918 911 2007 quisunt
961 1914 1517 1983 administratores
1571 1914 1892 1982 bonorum
1946 1916 2089 1999 Dei,
2154 1923 2216 1983 et
2267 1918 2367 1984 illi

103 2060 304 2106 «eam
335 2044 688 2130 acceptent,
739 2042 801 2104 et
845 2033 966 2102 sub
995 2055 1112 2103 sua
1141 2055 1296 2102 cura
1338 2040 1401 2102 et
1428 2032 1749 2124 regimine
1796 2032 1979 2102 illam
2026 2036 2365 2125 recipiant,

105 2180 132 2217 a
163 2154 410 2223 nullius
433 2152 761 2221 momenti
801 2150 921 2218 erit
943 2150 1228 2233 donatio,
1257 2154 1322 2216 et
1345 2151 1485 2215 sine
1513 2148 1825 2237 injustitia
1853 2151 2086 2240 poterit
2106 2174 2142 2219 a
2166 2146 2367 2243 priori

107 2296 134 2335 (ι
157 2270 422 2338 domino
449 2268 746 2337 voluntas
770 2265 881 2333 illa
909 2265 1287 2333 retractari..
1303 2315 1320 2333 .
1345 2264 1522 2332 ldem
1543 2272 1638 2331 est
1662 2266 1730 2333 in
1758 2266 2097 2335 traditione
2120 2270 2367 2357 proprii

107 2412 136 2451 κ
155 2388 466 2478 corporis,
499 2404 816 2474 personae,
845 2389 958 2449 aut
981 2380 1352 2449 voluntatis.
1379 2404 1414 2445 u
1457 2382 1579 2471 (De
1600 2380 1972 2472 Reliqione,
2000 2390 2267 2451 tractatu
2296 2386 2363 2472 7,

101 2501 139 2568 l.
163 2504 316 2587 2,c.
344 2506 418 2588 4,
447 2522 518 2569 n.
551 2500 590 2566 7
619 2506 684 2565 et
707 2498 804 2588 8.)
855 2576 880 2595 ·

181 2618 298 2686 His
341 2616 744 2709 praenotatis,
785 2612 1062 2681 dicimus
1106 2611 1183 2679 ad
1214 2612 1557 2679 essentiam
1606 2617 1805 2679 status
1832 2612 2119 2704 religiosi
2146 2616 2366 2683 stricte

101 2736 340 2825 sumpti
359 2735 674 2824 pertinere
693 2728 948 2798 totalem
973 2728 1074 2795 sui
1101 2727 1306 2818 ipsius
1325 2726 1461 2794 Deo
1479 2726 1916 2806 traditionem,
1940 2750 2055 2818 per
2077 2730 2363 2819 aliquem

104 2850 432 2918 hominem
455 2846 724 2917 nomine
746 2844 864 2913 Dei
887 2848 1304 2933 acceptatam.

189 2966 510 3034 Probatur
533 2959 930 3055 propositio.
964 2996 1056 3011 —
1091 2956 1350 3025 Etenim
1399 2955 1466 3023 id
1497 2958 1582 3025 ita
1618 2956 2094 3027 admittendum
2135 2958 2281 3043 erit,
2311 2958 2365 3027 si

97 3086 274 3171 juxta
311 3088 632 3173 receptam
675 3076 1111 3147 communiter
1143 3073 1583 3165 acceptionem
1612 3072 1848 3140 harum
1876 3096 2111 3141 vocum
2144 3084 2363 3143 status

105 3198 442 3288 reliqiosus
476 3193 754 3288 proprie
794 3191 1032 3278 dictus,
1071 3210 1205 3257 non
1253 3189 1449 3279 possit
1471 3186 1599 3256 dici
1651 3190 1794 3257 talis
1838 3196 2041 3256 status
2070 3194 2359 3281 existere,

107 3318 228 3382 nisi
271 3311 378 3382 fiat
411 3314 672 3404 praeiata
717 3310 993 3377 traditio.
1055 3306 1258 3394 Atqui
1315 3304 1402 3372 ita
1454 3311 1569 3373 est.
1628 3302 2081 3373 Communiter
2132 3330 2362 3400 nempe

105 3429 479 3518 intelligitur
524 3434 719 3495 status
745 3422 1079 3511 religiosus
1134 3419 1388 3510 proprie
1444 3420 1655 3486 dictus
1706 3428 2033 3508 tanquam
2088 3422 2361 3491 traditio

109 3548 228 3613 Deo
261 3546 482 3636 facta,
524 3564 640 3633 per
680 3560 878 3629 quam
936 3538 1135 3605 homo
1197 3554 1332 3601 sese
1376 3532 1511 3601 Deo
1556 3532 1830 3601 totaliter
1885 3538 2230 3625 mancipet.
2282 3538 2363 3605 Et

110 3660 220 3728 hoc
281 3660 548 3751 quidem
599 3656 794 3725 modo
859 3653 1262 3721 intellectum
1309 3647 1505 3716 fuisse
1572 3657 1809 3717 statum
1870 3650 2249 3739 religiosum
2325 3674 2364 3719 a

111 3774 166 3843 S.
191 3773 470 3854 Thema,
509 3778 572 3839 et
607 3770 690 3838 ab
738 3765 1042 3837 omnibus
1067 3769 1208 3855 post
1229 3764 1447 3855 ipsum
1473 3761 1711 3830 scholae
1743 3763 2135 3849 doctoribus,
2162 3762 2366 3833 videri

115 3897 310 3978 potest
331 3889 504 3980 apud
546 3886 924 3955 Suarezium
971 3880 1077 3972 (de
1122 3879 1496 3970 Reliqione,
1538 3885 1809 3946 tractatu
1856 3878 1918 3961 7,
1969 3878 2017 3945 l.
2070 3876 2135 3963 2,
2184 3900 2241 3945 c.
2292 3880 2362 3966 4,

135 4028 193 4074 n.
229 4004 471 4097 5).Sed
500 4014 564 4071 et
611 4006 920 4070 consonat
964 4008 1095 4065 tota
1144 3996 1401 4063 traditio
1460 4000 1525 4061 et
1562 3993 1831 4061 Petrum
1876 3992 2179 4080 loquendi
2223 4018 2363 4065 mo..

131 4120 253 4189 dus.
287 4120 360 4188 S.
407 4118 760 4208 Gregorius
789 4112 1084 4205 (homilia
1128 4110 1216 4177 20
1269 4110 1338 4177 in
1377 4108 1810 4192 Ezechielem,
1867 4126 2089 4173 versus
2142 4110 2369 4203 finem)

127 4240 320 4321 docet,
369 4256 500 4301 esse
533 4234 906 4321 religiosum
947 4232 1184 4296 statum
1238 4223 1690 4293 holocaustum
1740 4219 2092 4311 quoddam,
2120 4224 2191 4293 in
2242 4250 2375 4316 quo

129 4353 456 4439 religiosus
483 4348 645 4417 nihil
671 4346 801 4417 sibi
829 4351 1128 4425 reservat,
1169 4340 1280 4409 sed
1306 4358 1593 4419 sensum,
1638 4334 1969 4423 linquam,
2000 4338 2235 4426 vitam,
2268 4356 2376 4409 at-
