2834 4959
339 329 458 390 568
903 337 1245 386 memus
1289 337 1370 387 ns
1413 337 1565 386 am
1604 337 2020 386 anonumum

327 459 740 550 postulante,
777 471 1140 550 antequam
1163 456 1260 526 ad
1289 457 1703 528 muitiatum
1726 457 2135 531 adnsittatur
2148 465 2185 528 Ρ
2216 495 2309 514 --
2330 461 2623 556 Respon-

327 576 448 646 deo
481 576 542 642 1⁰
597 576 986 646 necessarias
1037 595 1174 644 esse
1223 573 1495 665 praevias
1534 572 2049 663 informationes,
2072 582 2149 644 ut
2182 577 2483 649 odansue
2526 585 2625 651 sit

331 690 544 758 licita.
574 689 834 762 Constat
857 689 1088 782 priam
1117 710 1194 758 ex
1215 690 1366 779 jure
1393 688 1674 760 naun-ali
1704 711 1725 758 z
1760 687 2001 758 etenim
2024 689 2417 782 impmdens
2451 693 2625 766 toret

326 814 388 876 et
419 807 602 876 valde
627 811 894 876 noxium
921 808 978 876 si
1003 806 1500 876 admitterentur
1540 803 1865 890 homines,
1886 804 1969 874 de
1992 805 2237 894 quibus
2258 807 2625 880 nesciretur

326 941 409 990 an
439 922 569 990 sint
595 921 811 1013 probi,
839 943 927 991 an
971 919 1300 1006 catholici,
1333 939 1424 989 an
1468 921 1743 1003 uxorati,
1778 939 1869 988 ω
1892 941 1933 988 e
1970 921 2357 992 carceribus
2392 924 2631 1015 fugiti-

331 1039 424 1117 vi,
451 1045 574 1106 etc.
585 1065 604 1125 3
629 1045 704 1108 ut
729 1059 844 1128 per
869 1057 938 1106 se
965 1043 1160 1128 petet.
1183 1035 1256 1106 Si
1283 1043 1499 1106 tamen
1530 1035 1861 1126 postulans
1880 1041 2047 1104 emet
2074 1037 2381 1126 apprime
2398 1047 2627 1124 notus,

322 1151 404 1222 de
447 1156 594 1240 jure
627 1151 906 1225 naturali
953 1152 1445 1222 informationes
1482 1171 1617 1220 non
1660 1151 2151 1241 mqnimrenutr
2182 1174 2201 1220 ε
2234 1153 2419 1222 fiunt
2442 1159 2629 1227 enim

323 1265 402 1334 ad
449 1266 620 1335 hanc
656 1268 954 1338 notitiam
977 1267 1469 1358 sequimM.
1495 1263 2059 1340 Constatsecmrdo
2084 1287 2163 1336 ex
2181 1265 2333 1356 lqe
2358 1265 2529 1338 Sixti
2558 1268 2627 1338 V

321 1401 427 1450 eas
479 1383 969 1452 informationes
1007 1383 1489 1474 praescribente.
1536 1377 1851 1462 Quamvis
1876 1381 2057 1450 enim
2096 1381 2463 1452 observatio
2486 1385 2623 1451 for-

323 1516 448 1564 mae
490 1518 528 1564 a
557 1495 730 1565 Sixto
777 1495 840 1562 V
875 1499 1262 1588 proscriptas
1305 1495 1567 1566 desierit
1602 1515 1741 1568 esse
1790 1495 2153 1566 neumatis
2174 1493 2254 1566 ad
2284 1496 2615 1566 validita-

323 1621 456 1678 tem
497 1607 912 1678 admissionis
955 1617 1022 1678 et
1051 1615 1288 1680 secutae
1335 1611 1777 1701 professionis,
1806 1629 1941 1682 non
1977 1615 2193 1680 tamen
2230 1609 2425 1678 desiit
2462 1633 2605 1680 esse

317 1726 674 1816 necessaria
723 1725 935 1816 quoad
991 1725 1336 1796 liceitatem
1355 1734 1421 1796 et
1446 1727 1659 1816 quoad
1694 1747 1919 1818 poenas
1936 1725 2009 1796 in
2050 1725 2401 1816 superiores
2424 1745 2601 1799 con-

317 1840 768 1912 travenientes.
2546 1899 2557 1912 .

413 1954 792 2048 Respondes
813 1958 885 2028 2·
911 1959 1300 2028 necessarias
1337 1979 1473 2028 non
1512 1979 1649 2030 esse
1699 1958 1971 2050 proevias
2018 1958 2511 2029 informationes
2534 1965 2607 2026 ut

317 2069 554 2140 valida
597 2074 680 2142 sit
723 2072 1026 2144 admissio
1073 2079 1136 2142 et
1179 2079 1396 2144 secuta
1446 2071 1781 2164 professio.
1812 2071 1983 2142 Nam
2025 2077 2177 2142 ante
2198 2078 2261 2142 et
2298 2071 2611 2162 postSix-

317 2193 460 2254 tum
487 2185 548 2254 V
587 2187 770 2256 nulla
795 2189 1148 2258 universali
1187 2189 1334 2278 lege
1375 2195 1691 2260 statutum
1724 2194 1845 2273 est,
1874 2189 2129 2260 irritam
2182 2188 2323 2259 fore
2352 2187 2601 2261 admis-

316 2299 562 2370 sionem
581 2310 644 2367 et
675 2301 1140 2392 professionem
1167 2303 1252 2371 oh
1285 2305 1559 2378 omissas
1576 2303 2093 2377 informationes.
2137 2303 2311 2393 Ergo
2332 2302 2605 2372 nullites

315 2417 456 2484 haec
491 2437 568 2484 ex
593 2417 746 2484 solis
769 2415 930 2486 Sixti
958 2417 1024 2488 V
1045 2417 1615 2490 constitutionibus
1652 2419 1823 2511 (qnae
1848 2441 2073 2490 revera
2096 2439 2199 2490 eas
2216 2419 2601 2509 decernunt)

315 2531 520 2618 repeti
547 2529 829 2597 deberet.
881 2529 1006 2600 Sed
1053 2532 1631 2604 constitutionibus
1682 2533 1815 2606 illis
1862 2535 2077 2625 quoad
2110 2535 2243 2604 hoc
2274 2534 2599 2625 derogavit

313 2642 614 2714 Clemens
639 2643 794 2716 v111
821 2645 1024 2736 (bulla
1053 2649 1136 2716 In
1163 2669 1477 2740 suprema
1496 2649 1539 2718 2
1580 2650 1810 2740 aprilis
1836 2649 2057 2742 1602).
2094 2647 2327 2721 Voluit
2364 2670 2597 2740 nempe

315 2757 594 2828 Sixtinas
621 2760 763 2829 illas
791 2762 1278 2832 constitutiones
1303 2763 1531 2840 haberi
1544 2763 1827 2855 ,perime
1850 2788 1932 2836 ac
1956 2766 2017 2834 si
2040 2765 2239 2850 editoe
2264 2787 2409 2836 non
2426 2766 2595 2855 suns-

313 2887 484 2956 sem,
501 2875 728 2965 quoad
749 2899 898 2946 eam
931 2891 1232 2969 partem,
1256 2900 1380 2969 per
1403 2901 1607 2970 quam
1634 2901 1887 2965 eorum,
1920 2880 2353 2971 quitor-mam
2378 2882 2451 2952 in
2480 2882 2597 2952 eis-

315 2989 464 3058 dem
509 2993 1088 3064 constitutionibus
1125 2995 1595 3086 praescriptam
1630 3017 1771 3066 non
1815 2995 2245 3084 servaverint,
2272 2999 2593 3089 professio

309 3105 510 3174 nulla
549 3105 958 3178 declaratur.
985 3108 1158 3200 Ergo
1183 3110 1402 3194 hodie,
1430 3083 1835 3202 attento'jure
1867 3114 2206 3182 communi
2232 3113 2321 3204 (et
2347 3114 2591 3184 absus·

309 3217 523 3288 hendo
543 3243 579 3288 a
605 3224 974 3312 particulari
996 3223 1346 3314 cujuslibet
1367 3225 1653 3314 religiosi
1678 3227 1951 3316 ordinis)
1980 3229 2295 3318 praetendi
2316 3248 2441 3296 non
2470 3250 2583 3317 po-

309 3337 429 3398 test
459 3335 869 3421 professionis
914 3339 1203 3424 nullitas‚
1235 3361 1312 3408 ex
1343 3361 1421 3409 eo
1456 3340 1591 3409 solo
1612 3342 1785 3430 quod
1818 3345 2073 3411 omissae
2107 3343 2343 3412 fuerint
2380 3341 2583 3412 infor-

309 3445 650 3533 mationes,
679 3470 799 3520 nec
827 3473 865 3522 a
897 3453 1142 3524 fortiori
1187 3476 1264 3524 ex
1291 3476 1366 3524 eo
1411 3455 1549 3524 solo
1595 3455 1771 3546 quod
1812 3457 2102 3526 indebita
2142 3457 2355 3526 forma
2390 3465 2587 3548 captae

303 3565 458 3632 sint.
487 3561 656 3634 Cum
699 3554 916 3638 tamen
963 3568 1176 3640 adhuc
1213 3571 1585 3641 necessariae
1620 3571 2045 3642 remanserint
2066 3571 2579 3658 informationes,

301 3713 336 3761 a
386 3678 562 3748 Sixto
603 3679 659 3750 V
701 3681 1114 3774 praescriptas,
1135 3684 1216 3752 ad
1247 3683 1510 3754 licitam
1538 3685 2023 3772 admissionem,
2048 3707 2273 3756 earum
2305 3685 2583 3756 formam

299 3793 428 3870 sub,
441 3796 858 3884 sequentibus
879 3798 1162 3886 quaesitis
1183 3802 1589 3890 exponimus.

387 3917 674 4000 Qufflsrio
701 3919 806 3990 11·.
831 3959 924 3974 —
955 3925 1200 4006 Quales
1225 3947 1527 4018 personoe
1572 3924 1666 3994 ad
1712 3926 2065 4019 capiendas
2102 3927 2318 3998 dictas
2360 3931 2575 4021 infor-

293 4035 619 4104 mationes
639 4035 1036 4108 adhibenda·
1057 4039 1198 4108 sint
1212 4042 1414 4113 9—1·
1439 4038 1532 4108 De
1544 4039 1695 4131 jure
1712 4043 2049 4112 communi
2052 4044 2425 4134 juridicam
2440 4065 2565 4112 esse

289 4152 526 4220 debere
565 4153 1090 4224 informationem
1135 4155 1339 4240 illam,
1395 4161 1734 4246 receptum
1784 4157 1959 4248 apud
1996 4158 2289 4228 doctores
2326 4159 2567 4249 reperio

290 4265 941 4358 (adiTamburinum,
968 4271 1047 4340 de
1073 4275 1233 4341 Iure
1259 4271 1605 4357 abbatum,
1639 4277 1797 4342 tom.
1832 4271 1901 4356 3,
1926 4273 2161 4363 disput.
2198 4273 2271 4361 6,
2298 4275 2580 4365 quoesito

285 4381 354 4464 4,
379 4401 446 4446 n.
487 4382 578 4472 7).
633 4383 702 4451 ld
731 4386 1134 4456 concludunt
1161 4409 1238 4458 ex
1263 4387 1479 4456 verbis
1500 4386 1659 4458 Sixti
1682 4387 1765 4475 V,
1804 4391 1923 4480 qui
1952 4389 2149 4479 exigit
2184 4403 2565 4460 acczcratam
