2834 4959
396 341 516 394 2⁴58
966 347 1303 394 TRACTATL‘S
1348 348 1427 394 DE
1471 347 1618 392 sum:
1665 348 2078 396 REGULARIUM.

402 469 647 553 «Quia,
706 469 947 556 inquit,
984 469 1366 536 monasteria
1403 465 1790 536 monialium
1839 489 1968 535 non
2001 467 2356 536 fundantur
2398 472 2466 536 in
2495 493 2648 559 pau-

402 609 436 648 «
466 583 855 671 pertate,sed
872 605 1025 651 cum
1045 581 1476 668 assignatione
1499 587 1561 647 et
1587 579 1943 648 redditibus
1967 584 2179 666 certis,
2209 583 2323 672 qui
2345 583 2652 654 sufficiant

402 725 433 762 α
468 720 586 788 pro
625 699 889 770 illarum
942 695 1469 777 manutentione3
1531 701 1858 784 cessatque
1899 719 2092 764 omne
2141 698 2324 765 aliud
2369 699 2648 786 praejudi-

404 843 439 880 ι(
474 816 678 897 cium,
706 837 743 882 a
762 812 1326 883 constitutionibus
1354 811 1738 902 Apostolicis
1767 817 1828 879 et
1855 812 2129 880 decretis
2157 813 2642 898 consideratum,

406 955 438 992 «
472 937 599 997 tam
629 929 838 1018 quoad
866 933 1214 1018 quaestum,
1260 948 1460 1017 quam
1487 927 1699 1016 quoad
1727 932 2281 994 sacramentorum
2311 926 2650 1017 perceptio-

410 1071 441 1110 «
482 1066 655 1132 nem,
706 1065 780 1112 ac
826 1043 1387 1132 eleemosynarum
1443 1063 1561 1132 pro
1599 1041 1839 1127 missis,
1901 1062 2156 1110 necnon
2193 1041 2544 1132 sepultura.
2581 1041 2648 1108 Et

408 1185 441 1226 (ι
466 1161 637 1228 hanc
654 1161 1033 1226 sententiam
1056 1158 1458 1226 verissimam
1481 1178 1613 1224 esse
1637 1157 2030 1224 demonstrat
2049 1158 2264 1248 praxis
2278 1177 2474 1224 sacrae
2499 1156 2650 1224 Con·

408 1301 441 1339 «
472 1275 883 1363 gregationis,
919 1295 1065 1362 quae
1106 1272 1414 1361 requisita
1448 1272 1988 1340 constitutionum
2017 1272 2556 1362 Apostolicarum,
2585 1275 2652 1341 de

410 1415 443 1454 «
472 1387 709 1478 quibus
740 1409 917 1454 nunc
946 1386 1305 1476 loquimur,
1338 1407 1468 1454 non
1497 1385 1692 1474 exigit
1717 1407 1834 1476 pro
1857 1386 2297 1474 monialibus;
2325 1387 2429 1454 sed
2460 1387 2657 1456 habita

412 1529 446 1568 α
482 1502 931 1570 informatione
974 1507 1035 1568 et
1062 1521 1379 1568 consensu
1434 1499 1732 1591 Episcopi
1765 1499 2114 1584 Ordinarii,
2161 1523 2236 1569 ac
2269 1504 2536 1570 constito
2577 1503 2656 1569 fa-

414 1639 449 1684 «
481 1615 729 1684 bricam
770 1617 1141 1686 monasterii
1194 1635 1332 1684 esse
1384 1619 1592 1682 tutam
1639 1637 1714 1685 ac
1757 1615 2220 1703 sufficientem,
2275 1618 2492 1683 saitem
2545 1637 2659 1706 pro

414 1758 449 1796 a
476 1731 815 1802 duodecim
860 1731 1277 1818 monialibuS,
1312 1731 1608 1800 concedit
1627 1733 1904 1819 gratiam
1957 1731 2367 1816 fundationiS,
2410 1731 2660 1798 nemine

412 1871 449 1912 «
474 1847 601 1916 alio
624 1853 845 1919 vocato
870 1873 887 1928 ·,
917 1855 987 1913 ut
1013 1848 1221 1916 decies
1240 1853 1303 1914 et
1330 1849 1599 1936 vigesies
1624 1869 1739 1937 per
1759 1847 2046 1936 spatium
2065 1847 2151 1916 14
2167 1867 2485 1916 annorum
2507 1846 2655 1932 vidi,

413 1983 446 2025 α
473 1981 601 2050 prae
632 1961 933 2030 manibus
960 1962 1214 2030 decreta
1239 1962 1468 2044 habui,
1501 1967 1562 2028 et
1585 1961 1863 2028 extendi.
1899 1983 1932 2026 η

1324 2265 1601 2336 CAPUT
1643 2267 1757 2336 lV.

452 2473 740 2542 QUQDNAM
784 2475 879 2520 SIT
917 2474 1019 2519 ms
1064 2474 1362 2538 PAROGHO,
1411 2477 1558 2524 Novl
1623 2469 1982 2528 CONVENTUS
2031 2477 2098 2528 IN
2155 2479 2476 2526 rAnocmAE
2515 2481 2626 2527 SUAE

900 2571 1265 2619 mummulo
1310 2575 1703 2622 ERECTIONEM
1747 2574 2189 2627 Pumnmnnl.

502 2765 835 2836 Lectorem
864 2789 1365 2856 praemonemuS,
1400 2791 1484 2840 ne
1527 2774 1968 2862 quorumlibet
2015 2773 2497 2846 canonistarum
2527 2791 2660 2842 con-

420 2883 823 2952 clusionibus
850 2883 973 2952 hac
1014 2885 1085 2952 in
1139 2907 1210 2952 re
1254 2884 1432 2954 fidat.
1497 2887 1776 2967 Quidam
1829 2891 2034 2972 enim,
2065 2892 2234 2982 juris
2273 2897 2476 2958 textus
2513 2886 2660 2955 haud

416 2999 566 3066 satis
616 3003 852 3068 attente
904 2997 1395 3090 perpendentes,
1449 3006 1511 3068 et
1549 2991 1756 3072 'valde
1815 3006 2098 3076 diversas
2155 3009 2321 3074 inter
2373 3026 2442 3073 se
2503 3021 2662 3094 quae-

420 3115 653 3184 stiones
705 3120 1199 3208 conjungentes,
1259 3121 1337 3188 de
1394 3121 1691 3211 praesenti
1737 3131 2122 3212 argumento
2173 3123 2438 3193 confuse
2479 3122 2664 3188 disse-

415 3238 711 3316 ruerunt,
778 3239 841 3300 et
889 3235 1183 3324 parochis
1228 3257 1333 3304 eas
1381 3243 1588 3326 partes
1631 3235 2024 3322 tribuerunt,
2095 3261 2242 3329 quae
2321 3259 2536 3306 revera
2596 3233 2664 3302 ad

418 3347 587 3434 ipsos
646 3367 777 3412 non
816 3349 1183 3437 f'pertinent.
1225 3349 1305 3418 Ut
1358 3371 1512 3440 ergo
1581 3351 1824 3421 facilius
1875 3354 2150 3444 perspici
2189 3354 2383 3445 possit
2431 3355 2659 3432 veritas,

417 3463 613 3526 totam
656 3459 835 3528 iliam
863 3467 1199 3534 materiam
1234 3465 1301 3532 in
1330 3474 1665 3556 sequentes
1707 3470 2140 3560 paragraphos
2177 3469 2660 3539 distribuendam

418 3574 777 3644 duximus:
830 3579 889 3646 1⁰
952 3601 1033 3647 an
1084 3585 1371 3648 teneatur
1407 3583 1789 3673 Episcopus,
1840 3590 2187 3675 antequam
2223 3586 2384 3676 erigi
2443 3601 2660 3654 novum

416 3697 801 3758 conventum
862 3696 1209 3782 permittat,
1260 3682 1619 3785 parochu'm
1656 3719 1880 3768 vocare
1927 3707 1989 3768 et
2043 3701 2264 3769 audire
2295 3724 2314 3768 ι
2350 3700 2417 3768 2⁰
2453 3721 2536 3768 an
2563 3715 2662 3764 ne·

420 3808 733 3876 cessarius
752 3807 831 3876 sit
886 3809 1144 3899 parochi
1170 3813 1448 3901 praevius
1497 3829 1872 3900 consensus,
1901 3821 1972 3883 ut
1997 3817 2304 3885 canonice
2331 3816 2415 3887 ad
2447 3814 2659 3884 dictam

416 3923 806 3993 erectionem
844 3925 1101 4016 procedi
1152 3929 1393 4018 possit:
1443 3927 1507 3998 3⁰
1539 3951 1838 4022 quaenam
1891 3931 2021 4000 sint
2073 3933 2311 4000 damna
2359 3953 2474 4000 seu
2525 3945 2660 4021 prae-

411 4037 681 4126 judicia,
710 4039 797 4109 ob
830 4063 978 4133 quae
1014 4050 1218 4134 potest
1256 4045 1580 4134 parochus
1621 4046 1773 4116 novi
1817 4051 2177 4116 conventus
2211 4045 2519 4116 erectioni
2549 4059 2660 4111 sese

417 4173 781 4244 opponere;
818 4158 885 4226 4⁰
940 4180 1023 4227 an
1073 4162 1182 4251 jus
1213 4159 1510 4252 parochis
1539 4163 1664 4232 hac
1709 4165 1778 4233 in
1807 4185 1877 4234 re
1920 4169 2318 4256 competens,
2345 4165 2534 4232 etiam
2571 4157 2660 4226 de-

418 4270 843 4343 servientibus
858 4271 940 4343 ad
970 4283 1203 4346 nutum
1227 4277 1690 4350 amovibilibus
1715 4287 2077 4374 competere
2119 4279 2516 4353 censendum
2561 4274 2652 4343 sit·
