2834 4959
1011 295 1164 344 PARS
1207 295 1427 346 PRIMA.
2274 297 2349 354 81

1289 427 1302 469 1

1139 625 1184 718 g
1223 628 1334 698 ιν.

189 855 304 905 vera
322 854 577 904 ostenditur
603 855 866 904 sententia
886 852 1264 904 solemnltatem
1276 855 1382 902 voti
1410 863 1663 916 reponens
1692 855 1746 904 tn
1770 854 2097 920 dlsposltlone
2118 861 2367 928 Ecclesia,

157 957 245 1007 qua
260 945 474 993 statuitur
493 947 546 991 ut
567 955 664 1004 per
683 942 922 1005 quaedam
942 944 1060 992 vota
1079 942 1344 1002 eastitatis,
1365 943 1417 990 et
1440 953 1543 991 non
1570 953 1660 1004 per
1678 941 1797 1003 alia,
1822 944 2098 999 dirimatur
2117 954 2372 1004 mammo-

147 1025 278 1073 nium
293 1022 674 1074 antecedensnon
703 1024 1133 1084 consummatum,
1155 1023 1208 1073 ot
1225 1031 1414 1072 vovens
1436 1022 1489 1070 ln
1512 1025 1815 1086 perpetuum
1832 1027 1901 1075 stt
1924 1026 2161 1081 inhabilis
2177 1031 2242 1084 ad
2262 1045 2371 1084 ma·

145 1101 412 1154 trimonlnm
427 1101 574 1156 vande
593 1100 1012 1154 contrahendum
1025 1137 1038 1150 .

237 1351 516 1420 Proui-ur
545 1353 635 1420 1⁶.
668 1351 794 1420 Ex
811 1349 1112 1440 salsitate
1135 1347 1427 1418 duarum
1452 1349 1741 1419 aliarum
1759 1356 2263 1427 sententiarum.
2285 1399 2377 1414 -—

151 1491 182 1529 ι
198 1465 450 1535 Aliorum
465 1466 896 1559 opinionibus
911 1465 1264 1556 repudiatis
1279 1464 1521 1555 (inquit
1538 1463 1899 1571 Suaresius,
1915 1469 1995 1538 de
2006 1475 2371 1564 Reliqione,

165 1607 192 1643 α
213 1587 448 1652 tractatu
477 1585 542 1667 7,
567 1583 616 1650 l.
671 1583 745 1669 2,
775 1603 834 1650 c.
881 1581 986 1664 10,
1025 1601 1095 1648 n.
1129 1579 1222 1668 1),
1259 1588 1554 1670 superest
1585 1588 1661 1651 ut
1702 1585 1987 1670 tertiam,
2020 1608 2165 1677 quae
2192 1615 2375 1662 com-

163 1723 190 1758 κ
209 1701 434 1770 munior
481 1706 596 1780 est,
647 1705 720 1766 et
753 1717 896 1788 quae
947 1696 1136 1766 nobis
1177 1696 1447 1765 omnino
1502 1719 1654 1767 vera
1707 1702 1957 1769 videtur
1988 1757 2005 1784 ‚
2066 1727 2381 1796 propona-

160 1835 188 1874 ε
209 1833 352 1880 mus.
389 1837 422 1878 »
475 1813 834 1904 Postquam
897 1817 1115 1880 autem
1169 1813 1467 1895 asseruit,
1530 1813 1903 1902 qualitatem
1954 1817 2381 1888 solemnitatis

159 1924 306 1992 nibil
340 1926 540 1997 addere
583 1931 774 2015 voto,
821 1925 948 1994 nisi
1009 1925 1182 2014 quod
1225 1925 1361 1993 vim
1412 1924 1648 1994 babeat
1683 1926 1981 1994 irritandi
2021 1931 2383 2018 praecedens

157 2039 596 2112 matrimonium
643 2063 782 2110 non
841 2025 1402 2118 consummatum,
1456 2045 1520 2108 et
1576 2045 1883 2132 perpetuo
1923 2041 2383 2117 inhabilitandi

155 2155 218 2223 ad
259 2159 731 2228 matrimonium
793 2154 1190 2246 subseqffins
1223 2207 1243 2244 ,
1293 2154 1362 2223 id
1420 2155 1643 2246 probat
1694 2156 1763 2224 in
1825 2157 2005 2226 hunc
2056 2159 2325 2230 modum
2360 2183 2376 2228 ε

159 2269 472 2361 «Sequitur
531 2295 616 2341 ex
670 2270 1164 2362 impugnatione
1217 2269 1495 2340 aliarum
1552 2270 1985 2361 opinionum3
2038 2276 2195 2364 quia
2244 2278 2384 2346 sine

165 2409 188 2448 ι
209 2385 468 2458 efficacia
511 2388 596 2457 ad
644 2386 1030 2455 irritandum
1104 2393 1414 2478 perpetuo
1484 2407 1755 2476 sequens
1832 2391 2327 2459 matrimonium
2360 2445 2381 2481 ,

162 2527 190 2563 u
211 2508 413 2570 votum
457 2503 758 2572 castitatis
792 2522 921 2570 non
949 2507 1046 2570 est
1074 2501 1362 2572 solemne
1410 2525 1431 2570 ι
1480 2501 1591 2572 sed
1615 2509 1839 2571 votum
1874 2505 2149 2596 simplex
2192 2509 2385 2576 casti-

159 2640 194 2678 «
219 2616 354 2684 tatis
393 2617 618 2686 habere
647 2621 850 2707 potest
877 2615 1100 2685 omnia
1149 2615 1273 2685 alia
1313 2637 1465 2706 quae
1514 2616 1709 2684 habet
1760 2615 2051 2688 solemne
2075 2671 2095 2708 ,
2153 2629 2389 2711 praeter

168 2754 198 2792 o
221 2730 382 2798 hanc
419 2733 746 2801 efficaciam
817 2732 1088 2824 (scilicet
1153 2752 1613 2820 quamcunque
1676 2736 2003 2801 externam
2066 2735 2383 2804 solemni-

165 2868 202 2906 α
224 2850 404 2912 tatem
443 2867 544 2916 seu
566 2849 762 2916 ritum
787 2846 1125 2915 emittendi
1154 2854 1404 2932 votum,
1445 2854 1509 2914 et
1534 2847 1909 2936 adjunctam
1942 2849 2383 2940 traditionem,

166 2981 196 3022 α
223 2967 277 3024 et
311 2961 602 3053 quidquid
629 2960 808 3030 aliud
831 2959 1168 3050 cogitetur)
1198 2983 1216 3028 ε
1267 2981 1423 3048 ergo
1470 2961 1783 3051 primaria
1828 2959 2189 3028 differentia
2217 2963 2385 3032 inter

167 3097 198 3137 α
221 3082 418 3144 votum
449 3077 716 3168 simplex
751 3083 818 3144 et
865 3075 1178 3164 solemne,
1227 3078 1297 3144 in
1349 3076 1519 3144 dicta
1552 3076 1931 3144 efficacitate
1984 3076 2187 3167 posita
2240 3085 2377 3146 est:

165 3213 196 3254 α
217 3210 354 3281 ergo
383 3194 484 3265 illa
511 3200 608 3264 est
640 3193 772 3262 voti
811 3191 1182 3262 solemnitas
1225 3191 1696 3276 substantialis;
1728 3191 1879 3280 quia
1923 3195 2067 3260 sine
2108 3193 2222 3262 illa
2252 3215 2385 3264 non

167 3329 196 3366 ι
217 3305 328 3373 erit
371 3309 668 3395 solemne,
717 3313 780 3375 et
827 3329 978 3376 cum
1025 3307 1138 3376 illa
1188 3327 1322 3375 non
1371 3312 1576 3396 potest
1624 3327 1759 3374 non
1802 3327 1937 3376 esse
1987 3307 2289 3382 solemne.
2344 3337 2381 3378 ιο

159 3415 282 3487 lam
320 3443 482 3510 vero,
525 3422 704 3514 quod
738 3422 1060 3512 ejusmodi
1113 3421 1403 3490 efficacia
1452 3420 1947 3498 matrimonium
1992 3425 2389 3518 subsequens

161 3533 414 3608 irritandi
439 3547 589 3610 voto
621 3538 1028 3630 superveniat
1067 3559 1142 3606 ex
1183 3536 1318 3605 sola
1365 3535 1665 3608 Ecclesiae
1697 3537 2138 3628 dispositione,
2180 3547 2389 3609 osten-

161 3650 236 3719 dit
269 3654 552 3726 laudatus
605 3659 830 3724 auctor
879 3654 1002 3722 hoc
1045 3651 1378 3720 ratiocinio
1411 3675 1451 3718 :-
1478 3675 1513 3718 ι(
1565 3650 1637 3718 ln
1692 3673 2081 3745 quocunque
2108 3660 2254 3721 voto
2284 3675 2388 3722 ca-

165 3767 412 3841 «stitalis
456 3773 750 3840 irritante
795 3769 1288 3838 matrimonium
1319 3768 1742 3857 subsequens,
1803 3775 2036 3859 praeter
2080 3767 2389 3837 constitu-

167 3882 430 3953 «tionem
476 3885 806 3966 Ecclesiae‚
855 3882 978 3951 tria
1021 3889 1276 3952 tantum
1331 3883 1602 3972 spectari
1649 3893 1956 3972 possunt3
1995 3881 2262 3962 scilicet,
2293 3883 2394 3952 vel

169 4019 198 4058 ι
217 3998 480 4086 traditi03
528 3999 632 4068 vel
677 3997 1020 4089 promissio
1064 4003 1371 4088 perpetuo
1424 3995 1723 4063 servandi
1767 3995 2118 4064 castitatem
2164 3996 2247 4064 ab
2282 3997 2396 4067 illo
2434 3975 2443 3988 ⁸

177 4135 206 4174 ι
225 4119 581 4202 momento;
625 4114 727 4182 vel
757 4114 1173 4201 consecratio,
1226 4111 1349 4180 sub
1377 4130 1508 4202 qua
1534 4130 1801 4180 omnem
1828 4113 2155 4179 externam
2204 4113 2401 4182 bene-

179 4249 206 4286 ⁴¹
227 4228 577 4320 dictionem,
621 4238 736 4301 aut
777 4231 1262 4314 caeremoniam,
1320 4236 1433 4298 aut
1467 4228 1725 4296 testium
1776 4223 2263 4295 multitudinem
2327 4229 2405 4320 (si

178 4365 202 4402 κ
231 4346 574 4436 exigatur),
635 4353 748 4416 aut
809 4366 1269 4437 quamcunque
1321 4344 1519 4412 aliam
1586 4339 1871 4410 similem
1938 4341 2407 4412 solemnitatem

375 4472 422 4522 1.
2096 4463 2127 4510 o
