2834 4959
963 336 969 341 '
1034 334 1183 387 PARS
1231 336 1449 385 PRIMA.
2295 328 2375 385 53

8 466 10 507 ῑ
119 462 508 556 acquirendae
575 462 672 532 ita
741 461 1116 555 intelligere,
1175 469 1251 531 ut
1325 469 1747 533 memoratam
1822 468 2017 535 etiam
2094 466 2379 535 traditio-

117 605 250 653 nem
312 582 634 670 indudat,
685 582 746 651 is
807 586 977 651 recte
1029 581 1263 653 inferet
1314 604 1414 651 res
1477 605 1611 653 esse
1684 606 2074 677 synonymas
2140 590 2377 653 statum

116 699 432 793 religionis
483 698 912 793 completum,
963 706 1022 771 et
1085 678 1483 793 completum
1520 701 1927 790 perfectionis
1975 703 2383 804 acquirendae

115 824 374 889 statum.

191 934 572 1005 Pnomsrno
601 931 770 1030 Vll·.
805 971 896 987 -
923 932 1032 1003 Ad
1052 936 1406 1004 essentiam
1433 944 1650 1003 status
1676 934 1976 1027 reliqz‘osi
2014 958 2149 1005 non
2178 934 2391 1029 requi·

73 1122 82 1133 ,
114 1053 298 1121 ritur
322 1064 404 1121 ut
424 1063 572 1120 vota
604 1052 742 1121 sint
761 1048 1092 1121 solemnia
1113 1052 1525 1145 (remissive).
1558 1090 1649 1105 —
1692 1052 1907 1145 Hujus
1938 1034 2391 1148 propositionis

117 1172 406 1261 rigorosa
445 1168 730 1261 probatio
775 1169 1185 1263 praerequirit
1211 1168 1570 1255 notionem,
1623 1192 1817 1261 quam
1864 1169 2159 1239 nondum
2196 1149 2397 1239 tradi-’-

119 1288 358 1373 dimus,
421 1286 502 1355 de
568 1292 867 1355 votorum
956 1284 1376 1375 solemnitate.
1455 1285 1859 1386 Quapropter
1940 1286 2389 1379 probationem

118 1404 294 1473 illam
345 1402 743 1472 remittimus
803 1402 883 1472 ad
935 1410 1309 1493 sequentem
1381 1404 1759 1491 sectionem,
1802 1404 1870 1471 in
1922 1426 2053 1495 qua
2107 1405 2185 1473 de
2230 1406 2393 1501 {iotis

117 1523 424 1613 religiosis
470 1520 868 1617 disserendo,
923 1524 1276 1611 exponetur
1335 1523 1406 1592 in
1451 1543 1579 1612 quo
1626 1526 1747 1589 stet
1795 1542 2023 1591 eorum
2078 1521 2391 1590 solemni-

121 1642 244 1717 tas3
289 1636 384 1704 ihi
431 1656 672 1727 nempe
715 1634 916 1701 simul
956 1639 1290 1719 statuetur,
1323 1634 1404 1702 ad
1446 1633 1733 1721 religiosi
1780 1638 1977 1702 status
2018 1638 2391 1721 essentiam,

123 1772 518 1843 nequaquam
549 1747 820 1838 requiri,
856 1754 932 1815 ut
955 1748 1269 1816 solemnia
1327 1750 1460 1817 sint
1500 1748 1793 1837 religiosa
1821 1757 1989 1837 votas
2044 1748 2167 1819 Hic
2218 1752 2395 1821 dun·-

117 1874 277 1936 taxat
311 1886 790 1957 praemonemus
819 1864 1302 1936 conclusionem
1333 1864 1531 1943 hanc,
1582 1864 1699 1931 etsi
1748 1862 1905 1931 olim
1939 1865 2111 1932 inter
2173 1864 2393 1933 docto—

8 2040 10 2043 >
119 2007 220 2052 res
247 1982 660 2075 disputatam,
689 1980 884 2049 hodie
913 1986 1130 2049 tamen
1164 1978 1435 2047 omnino
1459 1984 1696 2046 certam
1740 2000 1873 2045 esse
1906 2003 1922 2046 :
1974 1999 2186 2067 neque
2212 1978 2395 2049 enim

119 2101 202 2169 t'as
227 2102 324 2169 ost
348 2122 486 2169 eam
519 2101 590 2167 in
654 2096 931 2167 dubium
961 2118 1282 2185 revocare,
1320 2102 1461 2189 post
1511 2096 2034 2165 constitutionem
2098 2094 2394 2186 Gregorii

123 2213 288 2302 xm,
325 2236 474 2305 quae
497 2214 736 2304 incipit
778 2210 1231 2299 Ascendente;
1271 2213 1387 2281 ubi
1415 2213 1717 2283 statuitur
1746 2234 1879 2295 eOS,
1909 2213 2023 2303 qui
2062 2213 2133 2281 in
2172 2210 2392 2282 Socie-

123 2336 230 2400 tate
251 2331 404 2401 Jesu
427 2332 556 2399 tria
583 2337 726 2399 vota
751 2329 1077 2423 simplicia
1101 2329 1481 2415 emiserunt,
1518 2351 1665 2399 vere
1700 2336 1763 2399 et
1786 2330 2043 2423 proprie
2064 2328 2397 2421 religiosos

121 2470 262 2518 esse.
925 2454 932 2461 '

205 2562 582 2633 Pnorosmo
613 2561 816 2637 v111·.
837 2602 930 2615 —
959 2564 1227 2633 Certum
1247 2574 1344 2645 est
1358 2561 1729 2633 Ecclesiam
1745 2584 1934 2653 posse
1957 2562 2308 2655 prohibere
2331 2575 2396 2631 et

121 2681 386 2749 irritum
403 2683 626 2771 facere
651 2680 1003 2772 quemlibet
1029 2690 1284 2749 statum
1311 2681 1693 2771 reliqiosum
1712 2680 1799 2748 ab
1826 2682 1973 2773 ipsa
1997 2703 2129 2749 non
2152 2704 2395 2772 appro-

130 2794 386 2865 batum.
415 2832 502 2849 --
523 2796 698 2867 Nam
727 2796 1066 2887 religiosus
1095 2802 1291 2865 status
1319 2797 1585 2873 existere
1618 2798 1848 2886 nequit
1876 2798 1945 2865 in
1975 2818 2206 2885 genere
2233 2820 2251 2879 ;
2290 2799 2401 2867 sed

128 2911 428 2981 duntaxat
472 2935 634 2983 cum
664 2912 881 3005 aliqua
929 2912 1138 2983 forma
1169 2936 1279 2983 seu
1310 2914 1535 3000 regula
1590 2914 2015 2981 determinata
2041 2935 2059 2996 ;
2110 2919 2173 2983 et
2218 2915 2399 3003 ejus-

8 3034 11 3039 ’
125 3027 304 3097 modi
337 3027 542 3097 forma
597 3030 938 3120 multiplex
965 3050 1098 3099 esse
1146 3028 1375 3121 potest.
1413 3028 1687 3121 Expedit
1715 3037 1932 3098 autem
1988 3027 2397 3119 quampluri·

123 3164 311 3214 mum
363 3168 445 3215 ne
479 3146 701 3215 fideles
749 3146 875 3215 sibi
923 3148 1084 3238 ipsis
1130 3148 1587 3237 relinquantur
1626 3148 1698 3215 in
1738 3144 2031 3234 eligenda
2078 3145 2397 3233 ejusmodi

119 3267 324 3338 status
387 3263 670 3353 religiosi
743 3263 995 3349 forma3
1065 3286 1150 3333 ne
1248 3264 1407 3333 forte
1453 3265 1879 3354 sdecipiantur
1968 3262 2393 3335 existimando

123 3378 462 3451 honestum
510 3386 576 3450 et
624 3381 806 3469 utile,
863 3382 1036 3472 quod
1081 3382 1242 3450 t'oret
1269 3404 1543 3473 pravum
1595 3388 1655 3468 et
1706 3380 2036 3450 nocivum.
2102 3379 2265 3451 Item
2314 3380 2394 3449 ad

123 3493 370 3569 bouum
426 3518 779 3567 commune
835 3472 1102 3589 expedit·
1143 3520 1232 3575 ne
1271 3499 1611 3567 variarum·
1653 3498 2028 3587 regularum
2076 3518 2395 3567 numerus

125 3616 404 3691 nimium
431 3620 768 3704 augeatur,
821 3622 936 3685 aut
979 3637 1094 3706 pro
1149 3617 1467 3707 cujusque
1520 3616 1789 3685 arbitrio
1844 3636 2011 3684 nova
2061 3614 2393 3703 religioso-

123 3752 278 3801 rum
324 3734 619 3807 instituta
657 3732 1074 3803 inducantur.
1110 3732 1278 3801 Cum
1315 3756 1471 3825 ergo
1514 3733 1817 3803 Ecclesiae
1848 3756 1979 3805 non
2010 3733 2171 3802 desit
2221 3736 2395 3821 pote?

125 3854 250 3915 stas
295 3850 373 3919 ad
397 3871 472 3920 ea
520 3849 744 3920 omnia
792 3870 942 3939 quae
989 3849 1094 3917 vel
1123 3851 1476 3919 necessaria
1503 3851 1605 3919 vel
1624 3852 1817 3921 -utilia
1852 3856 2005 3921 sunt
2034 3846 2392 3917 ad‘bonum

129 3959 418 4031 fidelium
453 3961 776 4052 regimen,
825 3964 1114 4054 sequitur
1142 3987 1322 4056 posse
1351 3965 1433 4035 ab
1482 3988 1559 4033 ea
1598 3966 1749 4035 ferri
1794 3966 2031 4054 legem,
2082 3982 2207 4050 qua
2245 3984 2391 4053 pro·

133 4072 426 4147 hibentur
459 4078 790 4169 quodlibet
841 4080 1215 4169 religiosum
1252 4062 1623 4153 institutum
1680 4082 1763 4151 ah
1807 4084 1945 4172 ipsa
1992 4100 2122 4147 non
2162 4100 2390 4172 appro-

133 4188 378 4263 batum.
411 4193 489 4263 Et
503 4216 721 4265 revera
751 4196 962 4285 legem
989 4198 1305 4285 ejusmodi
1339 4200 1490 4267 tulit
1510 4198 1926 4267 Innocentius
1950 4193 2042 4263 111
2064 4195 2133 4263 in
2170 4199 2393 4265 conci-

131 4304 218 4375 lio
243 4306 672 4395 Lateranensi,
701 4311 770 4379 in
796 4312 974 4381 hunc
1003 4314 1312 4383 modum:
1344 4318 1443 4383 Ne
1488 4314 1701 4380 nimia
1730 4312 2134 4402 reliqionum
2178 4312 2393 4381 diver-

135 4423 310 4491 sitas
347 4448 610 4515 qravem
631 4427 705 4497 in
723 4429 1090 4499 Ecolesz’am
1115 4429 1238 4499 Dei
1281 4428 1735 4519 confusionem
1770 4428 2065 4519 inducat,
2106 4429 2395 4519 firmiter
