2834 4959
1051 360 1206 409 PARS
1251 360 1515 419 Qualem.
2283 355 2409 413 655

213 498 487 567 Attento
523 492 642 563 illo
669 490 874 561 sancti
900 488 1002 559 Pii
1026 488 1089 559 V
1115 488 1394 578 decreto,
1422 490 1515 559 sic
1540 490 1799 559 videtur
1834 491 2137 561 solvenda
2172 514 2413 585 propo-

120 613 250 684 sita
279 608 558 702 quoestio
587 632 606 677 ε
646 608 712 677 1⁶
731 604 1074 676 Ordinatio
1101 606 1551 675 conceduntur
1574 604 1953 697 quindecim
1972 607 2134 694 dies,
2176 608 2409 679 factam

120 726 256 819 ipsi
295 720 808 795 notificationem
839 722 1131 811 proxime
1169 727 1557 811 sequentes:
1596 722 1769 791 intra
1794 744 1957 814 quos
1994 724 2118 793 nisi
2144 746 2411 795 examen

117 841 355 925 faciat,
406 842 544 929 jam
581 836 808 927 nequit
845 834 1014 903 illud
1059 834 1309 917 facere;
1349 842 1414 903 et
1444 843 1711 927 possunt
1755 840 2071 907 moniales
2100 841 2410 909 novitiam

117 954 450 1025 libere.ad
483 952 944 1044 professionem
989 949 1344 1019 admittere.
1393 949 1465 1017 ld
1500 950 1667 1019 clare
1709 952 2081 1047 exprimunt
2122 954 2191 1023 S.
2228 953 2325 1024 Pii
2350 954 2414 1027 V

115 1070 334 1138 verba
385 1066 628 1159 (confer
669 1064 1127 1143 Monacellum,
1163 1072 1340 1155 parte
1383 1064 1453 1153 2,
1480 1067 1580 1135 tit.
1646 1067 1754 1153 13,
1802 1068 1997 1137 form.
2052 1069 2120 1155 5,
2168 1091 2238 1138 n.
2286 1070 2408 1154 123

119 1204 387 1253 necnon
417 1180 766 1262 Ferrarris‚
795 1187 862 1253 ,v⁰
886 1178 1238 1260 Martiales,
1275 1186 1398 1248 art.
1436 1182 1500 1261 1,
1532 1204 1601 1251 n.
1636 1180 1773 1273 69).
1808 1182 1878 1251 20
1906 1184 2181 1254 Videtur
2224 1186 2409 1255 iilam

121 1298 198 1369 S.
233 1298 344 1367 Pii
386 1296 444 1365 V
471 1294 959 1385 dispositionem
1001 1294 1491 1383 intelligendam
1538 1317 1673 1365 esse
1712 1304 1855 1367 tum
1896 1299 1981 1369 de
2012 1300 2409 1371 monialibus

125 1414 478 1503 exemptis,
508 1419 654 1481 tum
683 1410 878 1479 etiam
899 1408 980 1478 de
1007 1429 1140 1477 non
1171 1411 1509 1502 exemptis,
1532 1412 1859 1501 siquidem
1888 1412 2099 1482 dictus
2122 1412 2409 1483 Pontifex

125 1551 272 1599 non
303 1508 667 1617 distinguit,
699 1526 805 1597 sed
846 1524 1236 1613 generaliter
1261 1525 1571 1615 loquitur.
1607 1525 1673 1597 3⁰
1702 1525 2137 1617 Superiorissa
2166 1528 2409 1599 nihilo·

125 1643 358 1710 minus
391 1641 715 1711 tenebitur
740 1637 1166 1707 ordinarium
1195 1638 1534 1707 certiorem
1578 1639 1789 1709 facere
1828 1662 1963 1709 uno
2006 1664 2229 1711 mense
2262 1650 2411 1713 ante

129 1758 598 1847 professionem
631 1777 652 1823 ς
684 1753 866 1823 illam
891 1754 1072 1823 enim
1094 1750 1463 1821 Tridentini
1498 1752 1751 1823 decreti
1766 1754 2251 1846 dispositionem
2278 1778 2412 1828 non

131 1876 399 1941 mutant
425 1870 630 1939 sancti
653 1868 752 1937 Pii
771 1868 838 1940 V
865 1868 1081 1937 verba.
1191 1866 1214 1893 ⁸

227 1985 516 2066 Qosssno
537 1984 652 2054 Ψ.
691 2022 783 2037 -
813 1986 956 2067 Quo
995 1985 1140 2053 loco
1176 1983 1335 2075 fieri
1377 1982 1611 2053 debeat
1642 1982 1822 2051 dicta
1872 1988 2297 2076 exploratio?
2324 2024 2415 2041 -

135 2098 346 2171 Debet
395 2101 535 2169 fieri
585 2100 668 2171 ad
713 2108 956 2183 crates3
997 2121 1130 2170 non
1144 2109 1385 2179 ,autem
1432 2123 1469 2169 e
1514 2101 1907 2170 monasterio
1952 2102 2280 2173 educenda
2321 2112 2417 2173 est

138 2215 424 2298 novitia3
457 2237 668 2307 neque
719 2215 844 2285 hac
871 2216 952 2285 de
995 2236 1189 2285 causa
1241 2217 1707 2285 monasterium
1753 2215 2009 2305 ingredi
2051 2224 2252 2308 potest
2294 2218 2415 2289 Or-

135 2327 432 2399 dinarius
459 2336 570 2398 aut
613 2331 816 2421 ipsius
864 2332 1162 2401 vicarius.
1195 2331 1273 2399 Id
1315 2332 1489 2401 clare
1528 2331 1909 2423 exprimunt
1945 2332 2083 2403 haec
2122 2332 2188 2403 S.
2224 2333 2325 2404 Pii
2351 2333 2414 2404 V

137 2444 376 2513 verba:
413 2444 618 2535 Cujus
645 2445 1002 2531 occasione,
1025 2468 1143 2515 nec
1163 2448 1559 2540 Episcopus,
1586 2470 1703 2517 nec
1726 2448 1871 2539 ejus
1896 2448 2206 2537 vicatim,
2228 2449 2413 2517 intra

133 2572 328 2650 septa
363 2560 914 2631 monasteriorum
955 2561 1449 2651 inqrediantur,
1474 2562 1591 2631 sed
1612 2576 1789 2633 stent
1816 2576 1973 2635 ante
1998 2578 2249 2635 cratem
2277 2569 2415 2657 ser-

133 2696 354 2745 ream.

225 2790 514 2872 Qumio
541 2790 678 2863 ΥΡ.
709 2828 802 2845 -
842 2795 1168 2876 Quaenam
1195 2790 1751 2881 intmoqationes
1775 2791 1931 2880 ficri
1960 2792 2245 2862 debcant
2261 2798 2299 2861 Ρ
2326 2833 2417 2850 -

131 2906 446 2980 Prohibet
495 2915 750 2979 sanctus
793 2908 950 2979 Pius
989 2906 1052 2979 V
1109 2908 1266 2979 alias
1313 2907 1457 2976 fieri
1504 2906 2033 2996 interrogationes
2074 2930 2275 2999 quam
2307 2933 2415 2979 cas

132 3044 310 3113 quas
335 3024 690 3093 concilium
721 3022 1182 3093 Tridentinum
1195 3022 1416 3115 jubet.
1454 3021 1655 3092 Porro
1678 3042 1825 3114 quoe
1848 3043 1887 3092 a
1911 3021 2291 3092 Tridentina
2312 3044 2417 3113 sy-

133 3140 314 3209 nodo
363 3139 672 3209 faciendae
727 3138 1235 3229 praescribuntur
1287 3138 1843 3227 interrogationes,
1894 3146 2045 3208 sunt
2086 3138 2227 3207 istae
2256 3162 2274 3205 ε
2307 3139 2415 3206 An

129 3266 398 3335 coacta,
429 3278 520 3323 an
541 3253 812 3323 seducta
835 3256 948 3339 sit,
979 3276 1072 3323 an
1093 3255 1262 3323 sciat
1285 3254 1451 3345 quid
1466 3266 1652 3346 aqut.
1686 3254 1863 3344 Ergo
1882 3256 2111 3344 nequit
2128 3252 2413 3323 Ordina-

129 3371 271 3439 rius
317 3376 428 3438 aut
461 3372 602 3459 ejus
647 3371 928 3439 vicarius
979 3371 1161 3453 alias„
1207 3376 1437 3461 praeter
1488 3376 1617 3439 tres
1664 3371 1840 3457 istas,
1881 3370 2413 3458 interrogationes

133 3484 382 3567 facere;
431 3506 664 3575 neque,
691 3493 769 3557 ut
809 3508 1100 3579 expresse
1135 3486 1428 3575 decernit
1458 3484 1527 3555 S.
1572 3483 1729 3554 Pius
1764 3484 1855 3573 V,
1884 3484 1967 3555 ad
2001 3484 2157 3554 alias
2186 3485 2415 3576 puellae

133 3608 248 3669 aut
289 3600 550 3669 novitiae
579 3600 964 3691 respondere
997 3606 1322 3669 tenentur.

223 3720 308 3789 ld
337 3726 552 3789 tamen
581 3740 716 3789 non
745 3719 836 3789 ita
885 3718 1382 3811 intelligendum
1424 3723 1541 3803 est,
1588 3723 1663 3785 ut
1712 3722 1989 3808 nequeat
2012 3736 2417 3806 unaqueque

138 3855 210 3903 ex
241 3832 458 3903 tribus
499 3834 632 3903 illis
675 3833 1288 3925 interrogationibus
1327 3834 1523 3903 variis
1572 3833 1871 3903 formulis
1908 3834 2209 3924 exprimi.
2243 3830 2417 3901 Prae-

137 3946 367 4019 scribit
419 3950 598 4019 enim
647 3948 1028 4019 Tridentina
1080 3948 1364 4039 synodus
1413 3950 1495 4017 de
1554 3969 1687 4039 quo
1732 3945 2263 4037 interrogandum
2308 3946 2414 4032 sit,

140 4088 276 4137 non
327 4072 547 4135 autem
594 4066 840 4156 quibus
887 4065 1208 4135 utendum
1255 4065 1493 4135 verbis.
1534 4063 1912 4133 Curandum
1959 4064 2291 4151 duntaxat,
2333 4084 2415 4130 ne

141 4182 224 4251 de
255 4182 468 4253 tribus
511 4179 640 4249 illis
683 4179 1004 4272 capitibus
1033 4180 1384 4271 multiplici
1424 4179 1642 4270 (prout
1683 4184 2128 4269 opportunum
2168 4178 2416 4247 videbi-

145 4297 276 4386 tur)
333 4298 768 4367 formularum
839 4297 1136 4365 varietate
1191 4296 1603 4387 explorando,
1676 4295 1757 4363 ad
1828 4294 1952 4363 alia
2009 4302 2410 4396 excurratur‚

145 4432 292 4502 quae
315 4433 470 4485 cum
519 4413 764 4509 triplici
809 4412 921 4485 illa
957 4413 1457 4502 interrogatione
1482 4409 1693 4502 quoad
1718 4432 1983 4482 sensum
2012 4432 2143 4481 non
2170 4430 2413 4481 conve-
