2834 4959
364 300 490 361 308
892 299 1231 350 moruus
1276 300 1355 347 ms:
1398 300 1551 348 sm
1583 301 1998 351 nummu.

366 452 413 511 α,
430 421 821 495 monialium
910 418 1099 487 debet
1164 436 1299 485 esse
1352 416 1580 485 saltem
1633 416 1999 487 duodecim.
2065 414 2136 484 S.
2207 414 2652 505 Congregatio

368 566 403 607 ι
428 538 894 630 Episcoporum
942 538 1007 603 et
1050 530 1453 620 regularium
1497 530 1593 621 (in
1641 529 2098 601 Camerinensi
2145 528 2228 599 18
2277 529 2652 599 decembris

368 681 404 725 a
439 652 613 723 1600
652 660 716 723 et
746 650 835 719 22
872 649 1023 739 julii
1079 646 1321 737 1601);
1367 651 1432 713 et
1473 645 1664 716 citato
1701 646 1954 717 decreto
1993 644 2066 715 S.
2105 643 2648 734 Congregationis

364 798 403 839 a
428 768 707 843 Concilii
751 766 831 837 de
878 763 1329 837 Celebratione
1364 762 1748 845 missarum,
1791 766 1856 831 et
1899 760 2263 830 Innocentii
2309 756 2432 827 xu
2473 758 2648 827 dicta

271 956 281 959 ,
366 914 403 955 α
428 883 884 956 constitutione
930 878 1288 972 incipiente
1348 880 1603 969 Nuper.
1646 901 1682 943 ι»
1747 874 2096 947 Decretum
2147 872 2214 943 S.
2280 872 2652 965 congrega·

358 1003 551 1073 tionis
586 997 885 1081 Concilii,
940 996 1023 1065 de
1066 1013 1197 1087 quo
1240 992 1538 1083 loquitur
1585 990 1896 1079 Ferraria,
1952 990 2258 1081 quodque
2317 989 2650 1059 insertum

358 1120 635 1211 reperies
662 1116 732 1184 in
776 1112 945 1183 dicta
973 1108 1428 1181 constitutione
1483 1110 1716 1199 Nuper
1743 1106 2105 1177 Innocentii
2153 1102 2296 1190 ΧΠ,
2353 1127 2650 1197 expresse

358 1258 490 1309 non
533 1232 819 1323 loquitur
859 1228 987 1299 nisi
1030 1228 1110 1297 de
1141 1228 1436 1297 virorum
1475 1223 1924 1293 conventibus.
1971 1220 2384 1292 Decisionem
2428 1228 2648 1291 autem

358 1353 427 1425 S.
460 1345 995 1440 congregationis
1020 1342 1494 1434 Episcoporum
1521 1346 1584 1410 et
1619 1339 2046 1431 regularium,
2077 1358 2207 1429 qua
2239 1338 2441 1410 etiam
2485 1339 2650 1407 niti-

358 1478 469 1539 tur
506 1466 819 1550 Ferraris,
855 1480 991 1552 prae
1032 1456 1336 1527 manibus
1377 1477 1513 1525 non
1546 1456 1775 1524 habeo.
1821 1454 2247 1545 Quaecunque
2283 1460 2508 1522 autem
2535 1455 2646 1539 sit,

358 1582 623 1675 respicit
681 1579 987 1647 duntaxat
1058 1570 1517 1666 particularem
1587 1591 1832 1641 casum.
1903 1569 2078 1639 Hinc
2145 1570 2242 1655 4⁰,
2287 1588 2362 1637 ex
2431 1568 2648 1640 allatis

358 1691 843 1769 auctoritatibus
876 1690 1056 1783 (alias
1102 1687 1311 1771 enim,
1356 1686 1412 1755 si
1447 1706 1594 1777 quae
1625 1676 2140 1777 supervenerint,
2171 1684 2422 1776 ignoro)
2465 1685 2638 1754 mihi

356 1811 787 1883 nonomnino
810 1812 1080 1894 constat,
1106 1802 1187 1873 de
1208 1804 1370 1895 jure
1396 1801 1737 1872 communi
1763 1802 2201 1873 necessarium
2229 1822 2368 1871 esse
2407 1802 2476 1870 in
2503 1804 2640 1871 eri-

294 1934 312 1951 ⁶
362 1929 591 2023 gendis
646 1926 829 1997 novis
906 1922 1295 1995 monialium
1364 1918 1790 1989 conventibus
1861 1915 2342 1987 duodenarium
2413 1938 2646 1989 nume-

358 2068 735 2241 mtgusssrio
760 2154 899 2225 ΙΨ.
928 2190 1019 2205 -
1046 2150 1230 2235 Quid
1250 2148 1642 2218 Tridentino
1659 2147 1954 2239 synodus
1971 2148 2460 2217 observandum
2471 2172 2645 2241 μω-

364 2270 694 2365 scripserit
722 2270 795 2337 in
821 2264 1139 2357 eriqendis
1166 2264 1359 2333 novis
1385 2260 1790 2331 monialium
1807 2262 2274 2349 conventibus;
2299 2277 2367 2333 et
2389 2288 2482 2333 an
2503 2265 2644 2333 ali-

368 2385 533 2481 quid
544 2385 622 2452 ul
625 2396 730 2453 tra
747 2394 1073 2472 tanquam
1088 2379 1325 2469 dejure
1338 2377 1676 2445 communi
1696 2378 2132 2448 necessarium
2147 2376 2642 2447 admittendum

364 2505 450 2573 sic
470 2507 507 2570 7
536 2536 629 2551 —
651 2495 1017 2566 Tridentini
1054 2494 1273 2563 Patres
1298 2497 1660 2571 statuerunt
1687 2495 1760 2562 in
1795 2494 1977 2564 hunc
2010 2494 2282 2563 modum
2323 2496 2506 2586 (sesa
2559 2494 2640 2563 25

368 2620 448 2689 de
474 2620 665 2709 Req„
688 2636 829 2705 cap.
865 2611 975 2704 3):
1008 2636 1045 2677 α
1067 2610 1141 2679 ln
1174 2609 1500 2702 praedictis
1525 2616 1744 2679 autem
1772 2611 2175 2681 monasteriis
2211 2618 2276 2680 et
2311 2610 2636 2691 domibus,

376 2760 412 2804 α
444 2744 575 2805 tam
604 2736 898 2803 virorum
926 2748 1128 2820 quam
1166 2727 1544 2815 mulierum,
1577 2726 1749 2797 bona
1784 2728 2151 2798 immobilia
2175 2728 2646 2819 possidentibus

377 2878 413 2919 α
440 2849 545 2918 vel
582 2868 715 2917 non
758 2842 1259 2935 possidentibus,
1292 2841 1347 2909 is
1373 2847 1628 2910 tantum
1666 2862 1984 2911 numerus
2011 2840 2437 2911 constituatur
2465 2862 2540 2910 ac
2583 2844 2644 2909 in

378 2992 413 3033 a
440 2969 767 3055 posterum
823 2968 1261 3042 conservetur,
1308 2958 1425 3046 qui
1482 2958 1586 3024 vel
1631 2978 1708 3025 ex
1755 2956 2117 3025 redditibus
2170 2957 2449 3047 propriis
2507 2978 2645 3024 mo·

382 3106 417 3147 α
441 3080 729 3162 nasterii,
811 3076 915 3146 vel
988 3094 1065 3141 ex
1137 3072 1460 3140 consuetis
1531 3072 1955 3161 eleemosynis
2035 3071 2380 3141 commode
2447 3074 2647 3161 possit

382 3220 417 3261 a
442 3191 821 3275 sustentari3
876 3208 997 3257 nec
1031 3189 1112 3257 de
1152 3192 1380 3255 caetero
1425 3185 1668 3256 similia
1709 3187 1848 3255 loca
1891 3188 2253 3277 erigantur,
2303 3186 2436 3254 siue
2483 3183 2640 3275 Epi-

384 3333 419 3373 «
446 3308 647 3399 scopi,
694 3308 766 3373 in
806 3308 995 3394 cujus
1040 3302 1303 3373 dioecesi
1326 3290 1635 3390 'erigenda
1675 3307 1852 3389 sunt,
1897 3300 2158 3370 licentia
2199 3304 2383 3393 prius
2419 3300 2644 3370 obten-

382 3448 419 3489 «
446 3426 531 3489 ta.
576 3444 611 3485 n
670 3417 767 3487 lbi
812 3418 943 3487 duo
996 3416 1461 3508 requiruntur:
1526 3416 1588 3483 1⁰
1653 3422 1726 3484 ut
1775 3436 1908 3485 non
1957 3418 2246 3506 erigatur
2295 3421 2641 3486 conventus

376 3535 760 3607 monialium
787 3530 914 3601 nisi
944 3552 1095 3601 cum
1132 3552 1205 3599 eo
1230 3552 1504 3599 numero
1532 3531 1646 3620 qni
1673 3530 2009 3601 commode
2027 3532 2371 3600 sustentari
2397 3530 2632 3599 valeat:

328 3656 347 3675 ⁰
374 3654 441 3723 2⁰
480 3658 557 3720 ut
593 3650 959 3721 obtineatur
997 3644 1265 3714 licentia
1302 3645 1644 3737 Episcopi.
1691 3643 1829 3716 Nec
1862 3645 2141 3716 dubium
2185 3654 2280 3717 est
2319 3646 2476 3738 quin
2515 3643 2636 3712 illae

373 3765 523 3836 duae
573 3763 969 3835 conditiones
1020 3762 1382 3869 eq'amnum
1421 3763 1502 3831 de
1540 3763 1692 3851 jure
1735 3763 2072 3833 communi
2119 3763 2450 3833 servandae
2495 3760 2636 3841 sint,

372 3901 527 3951 cum
572 3880 701 3972 legi
750 3879 913 3949 huic
960 3874 1353 3947 Tridentinae
1407 3898 1820 3968 nequaquam
1862 3876 2244 3971 derogatum
2293 3878 2486 3948 suerit
2535 3894 2638 3966 per

376 3996 589 4065 ullum
613 3994 911 4087 generale
936 3993 1289 4065 decretum.

462 4110 581 4180 His
632 4111 889 4181 duobus
927 4110 1247 4201 requisitis
1296 4108 1668 4189 addendum
1716 4116 1810 4179 est
1853 4112 2145 4197 tertium,
2197 4132 2274 4181 ex
2319 4112 2462 4201 ipso
2499 4112 2638 4199 jure

374 4224 647 4294 naturali
685 4244 1039 4316 exurgens:
1090 4244 1325 4315 nempe
1363 4229 1599 4293 utnon
1625 4225 1912 4313 erigatur
1942 4230 2296 4295 conventus
2341 4225 2468 4294 nisi
2493 4244 2636 4293 cum

374 4358 451 4405 eo
496 4336 879 4408 monialium
926 4359 1229 4421 numem,
1284 4339 1398 4427 qui
1443 4336 1717 4407 sufficiat
1759 4337 1838 4406 ad
1884 4340 2029 4411 vitae
2071 4339 2387 4431 regularis
2427 4337 2638 4407 obser-
