2834 4959
364 304 489 361 392
920 312 1261 363 TRACTATUS
1298 312 1379 359 DE
1423 312 1572 359 JURE
1617 310 2038 359 assumtum.

360 431 603 500 tionem
654 430 1005 522 obligatur,
1054 432 1565 523 independenter
1611 430 1694 499 ab
1739 429 1923 501 omni
1961 429 2292 501 saecularis
2319 438 2646 525 potestatis

358 544 525 635 lege,
575 553 637 615 et
690 568 1084 638 quocunque
1125 546 1360 615 mundi
1396 546 1562 615 loco.
1594 544 1806 615 ‘Nulla
1843 545 2088 615 scilicet
2114 549 2411 637 potestati
2439 572 2648 622 saecu·

346 660 479 730 lari
526 664 832 754 competit
864 662 1258 753 jurisdictio,
1311 683 1442 752 qua
1493 661 1698 730 valeat
1731 668 1956 731 votum
1997 660 2308 732 castitatis
2355 666 2626 749 irritare,

352 782 467 846 aut
492 777 573 846 ab
598 800 675 847 eo
700 778 1090 869 dispensare.
1146 777 1251 847 Ad
1296 798 1399 847 res
1445 778 1688 869 quippe
1723 776 2084 868 spirituales
2109 780 2390 869 pertinet
2411 790 2664 853 votum·

354 892 655 961 castitatis
678 892 1011 984 ipsiusque
1046 892 1377 983 obligandi
1404 895 1502 961 vis
1533 920 1552 981 3
1581 894 1884 983 princeps
1923 896 2141 961 autem
2193 894 2522 964 saecularis
2567 898 2638 965 in

353 1028 459 1077 res
504 1005 867 1099 spirituales
924 1013 1301 1098 potestatem
1367 1008 1618 1077 nullam
1669 1007 1881 1077 habet.
1932 1004 2123 1088 Quod
2169 1008 2288 1097 qui
2347 1019 2632 1100 negaret,

356 1140 488 1191 non
538 1128 791 1191 tantum
821 1145 857 1191 a
898 1123 1191 1193 doctrina
1222 1121 1541 1193 catholica
1585 1142 1848 1213 prorsus
1877 1120 2234 1205 aberraret,
2277 1122 2390 1193 sed
2433 1130 2496 1192 et
2541 1125 2637 1195 ia·

354 1237 567 1321 sauire
598 1239 957 1307 censendus
990 1237 1179 1307 foret.

444 1352 513 1419 2⁰
550 1352 774 1442 Neque
814 1354 981 1422 valet
1022 1353 1342 1423 saecularis
1367 1357 1639 1443 potestas
1666 1352 1984 1443 impedire
2007 1354 2364 1481 quominus
2385 1354 2634 1425 emittat

354 1468 503 1556 quis
557 1472 780 1535 votum
830 1467 1175 1537 obediendi
1245 1466 1510 1557 praelato
1583 1466 1860 1557 alicujus
1913 1436 2161 1536 ordinis
2211 1467 2494 1556 religiosi
2553 1468 2636 1539 ab

360 1580 645 1651 Ecclesia
686 1581 1047 1674 approbati,
1091 1586 1155 1650 et
1192 1582 1548 1672 quominus
1579 1582 1694 1651 tali
1747 1588 1886 1652 voto
1915 1581 2264 1671 obligetur3
2307 1580 2392 1649 ob
2427 1584 2627 1653 modo

354 1697 665 1788 expositas
708 1700 923 1789 quoad
953 1704 1178 1768 votum
1224 1696 1528 1766 castitatis
1557 1698 1862 1767 rationes.
1907 1694 1992 1765 Et
2036 1697 2268 1788 pariter
2305 1695 2622 1787 impedire

355 1814 583 1900 nequit
630 1812 854 1883 eadem
920 1811 1249 1882 saecularis
1302 1818 1605 1903 potestas,
1651 1814 1818 1901 quin
1871 1811 2083 1882 dictus
2141 1810 2434 1902 praelatus
2487 1821 2634 1883 vota

359 1925 523 2010 hoec,
566 1934 629 1996 et
660 1928 1064 1999 traditionem
1093 1948 1293 2018 quam
1330 1926 1664 2017 suiipsius
1694 1926 1828 1995 Deo
1855 1926 2011 1996 facit
2031 1947 2302 2007 vovens,
2325 1934 2632 2018 tanquam

352 2040 693 2135 deputatus
746 2044 829 2113 ab
896 2043 1181 2115 Ecclesia
1245 2048 1307 2111 et
1376 2043 1646 2111 nomine
1699 2040 1821 2112 Dei
1873 2047 2180 2134 acceptet.
2261 2040 2414 2112 Haec
2455 2044 2632 2113 enim

353 2162 575 2229 omnia
616 2158 977 2249 spiritualia
1016 2164 1195 2240 sunt,
1246 2163 1310 2227 et
1362 2166 1592 2249 praeter
1637 2158 1964 2229 saecularis
2008 2160 2336 2250 potestatis
2373 2158 2632 2249 jurisdi-

354 2272 661 2357 ctionem,
718 2278 793 2342 ut
841 2280 1035 2364 patet.
1098 2273 1283 2345 Unde
1338 2272 1718 2359 difficultas,
1781 2275 1838 2344 si
1885 2294 2015 2364 qua
2052 2273 2241 2354 soret,
2287 2276 2632 2343 versaretur

356 2388 667 2457 duntaxat
688 2390 863 2458 circa
890 2393 1111 2458 votum
1143 2390 1563 2480 paupertatis.
1597 2387 1720 2459 Sed

444 2503 510 2571 3⁰
554 2503 775 2593 Neque
814 2506 1025 2594 magis
1067 2504 1233 2573 valet
1284 2504 1612 2574 saecularis
1640 2511 1918 2596 potestas
1956 2504 2282 2597 impedire
2308 2504 2471 2596 quin
2505 2526 2632 2575 sese

354 2616 513 2708 liget
560 2620 707 2708 quis
760 2627 905 2689 voto
957 2623 1371 2713 paupertatis,
1421 2622 1502 2691 ad
1535 2617 2054 2693 constituelfflam
2107 2628 2314 2691 status
2360 2620 2630 2711 religiosi

356 2734 693 2803 essentiam
740 2736 1111 2806 sufficienti.
1144 2734 1311 2805 Nam
1352 2736 1434 2804 ad
1479 2743 1680 2805 status
1708 2735 1996 2825 religiosi
2024 2739 2380 2824 rationem,
2417 2754 2632 2803 neces-

358 2851 601 2919 sarium
632 2872 765 2921 non
805 2858 899 2921 est
941 2860 1165 2922 votum
1211 2852 1607 2943 paupertatis
1633 2850 1948 2933 solemne,
1981 2874 2096 2921 seu
2134 2873 2265 2941 quo
2293 2851 2634 2920 inducatur

358 2965 633 3035 dominii
676 2967 957 3037 habendi
1004 2968 1417 3059 incapacitas;
1473 2967 1583 3036 sed
1619 2966 1858 3035 sufficit
1902 2972 2130 3035 votum
2159 2965 2434 3057 simplex
2467 2984 2632 3056 pau-

358 3082 644 3169 pertatiS,
676 3104 805 3172 quo
852 3082 1179 3151 adimatur
1204 3104 1359 3151 usus
1390 3083 1858 3173 independens,
1893 3102 2010 3150 seu
2037 3082 2148 3173 jus
2191 3082 2414 3151 utendi
2443 3080 2636 3149 rebus

360 3216 474 3283 pro
520 3197 789 3265 arbitrio
828 3202 892 3266 et
932 3204 1238 3288 tanquam
1264 3198 1424 3267 suis.
1469 3196 1540 3265 ld
1575 3218 1796 3289 supra,
1831 3202 2009 3288 parte
2043 3197 2108 3280 1,
2143 3196 2481 3286 probatum
2509 3201 2628 3281 est,

358 3313 421 3374 et
481 3310 603 3375 fuit
658 3333 943 3400 expresse
994 3334 1031 3381 a
1086 3313 1231 3381 sede
1290 3314 1659 3405 Apostolica
1711 3312 2058 3382 definitum
2115 3312 2326 3403 quoad
2381 3310 2634 3380 schola-

358 3420 547 3492 sticos
592 3426 903 3496 societatis
944 3427 1126 3509 Jesu3
1180 3429 1320 3519 qui,
1375 3429 1526 3497 licet
1574 3428 1897 3499 bonorum
1947 3449 2218 3499 suorum
2265 3427 2629 3497 dominium

356 3538 694 3626 retineant,
746 3548 809 3609 et
852 3549 1191 3612 teneantur
1232 3543 1541 3614 duntaxat
1585 3544 1667 3612 de
1703 3544 1884 3613 nulla
1933 3564 2002 3612 re
2056 3542 2568 3635 independenter
2595 3563 2630 3609 a

352 3656 703 3744 superioris
744 3658 1071 3727 voluntate
1099 3656 1462 3751 disponere,
1495 3660 1904 3729 declarantur
1947 3682 2084 3731 esse
2125 3666 2188 3729 et
2231 3658 2364 3729 dici
2403 3658 2632 3729 debere

354 3790 498 3836 vere
550 3779 611 3840 et
664 3774 921 3865 proprie
987 3775 1295 3865 religiosi.
1376 3774 1598 3857 Porro,
1673 3776 1928 3846 etiamsi
2005 3777 2242 3847 valeret
2307 3774 2632 3844 saecularis

354 3890 626 3974 potestas
664 3894 887 3957 votum
935 3891 1219 3959 solemne
1258 3892 1656 3982 paupertatis
1683 3892 2000 3983 impedire
2041 3891 2244 3982 (quod
2287 3890 2462 3960 infra
2505 3888 2630 3958 fal-

352 4020 501 4068 sum
554 4004 824 4073 omnino
880 4006 1289 4097 ostenditur),
1338 4014 1402 4075 at
1433 4013 1602 4076 certe
1657 4012 1876 4077 votum
1905 4006 2300 4099 paupertatis
2329 4002 2621 4095 simplex,

348 4115 657 4203 praedicto
706 4118 898 4188 modo
942 4118 1369 4207 intellectum,
1420 4142 1824 4211 nequaquam
1871 4118 2190 4213 impedire
2225 4127 2340 4189 aut
2379 4117 2630 4188 irritare

354 4234 536 4302 valet.
585 4232 751 4303 Nam
793 4234 968 4325 quod
1010 4240 1157 4328 quis
1200 4236 1330 4308 Deo
1381 4238 1708 4329 promittat
1750 4239 1938 4309 bonis
1986 4240 2120 4309 suis
2165 4258 2301 4308 non
2347 4236 2468 4322 uti,
2498 4232 2632 4304 nisi

356 4347 791 4438 dependenter
842 4374 881 4421 a
928 4354 1277 4445 superioris
1324 4352 1678 4441 voluntate,
1703 4362 1800 4427 est
1823 4361 2048 4426 votum
2098 4354 2178 4426 de
2219 4375 2290 4425 re
2335 4350 2623 4429 meliori;
