2834 4959
363 355 485 410 262
932 360 1269 407 ‘rnac‘rarus
1310 363 1389 406 nn
1429 361 1579 408 JURE
1627 357 2042 406 assummum.

356 490 791 560 additionibus
811 490 891 558 ad
909 489 1375 558 controversias
1394 487 1576 557 inter
1601 485 1974 579 Episcopos
1998 493 2062 550 et
2081 480 2426 572 repulares
2451 483 2630 554 Lau-

354 607 474 674 reti
504 604 581 672 de
610 603 951 688 FranchiS,
990 624 1136 693 pag.
1192 603 1345 687 157,
1376 603 1530 670 edit.
1566 598 2046 689 Romae1656).
2077 596 2160 666 Et
2191 603 2374 665 notet
2403 597 2624 684 lector,

353 719 440 786 ita
493 718 683 787 hodie
752 739 1015 809 prorsus
1070 717 1455 799 tenendum,
1509 715 1808 806 quamvis
1863 713 2026 781 olim
2085 733 2188 782 res
2223 713 2622 802 aliquatenus

255 899 268 907 .
353 833 672 924 disputata
734 832 928 901 fuerit
985 833 1155 923 apud
1212 831 1526 912 doctoreS‚
1596 831 1810 922 quoad
1867 827 2205 899 Vicarium
2261 829 2620 919 generalem

258 965 265 972 ’
352 947 675 1039 Episcopi.
724 946 821 1016 De
862 970 996 1037 quo
1032 949 1237 1016 videri
1281 949 1472 1016 etiam
1505 953 1708 1037 potest
1730 945 2092 1036 Fagnanus
2139 943 2234 1035 (in
2283 966 2428 1035 cap.
2479 949 2624 1016 Non

356 1063 676 1153 ampHm,
706 1063 881 1132 tituli
904 1061 983 1130 de
1007 1061 1594 1153 Institutionibus).

444 1177 824 1246 Pnorosmo
839 1176 972 1245 lll⁸.
1002 1217 1093 1230 —
1123 1181 1383 1249 Novum
1402 1189 1805 1245 conventum
1826 1171 2130 1278 eriqevpdi
2153 1173 2496 1244 licentiam
2520 1175 2628 1244 de-

351 1315 591 1385 neqare
622 1295 847 1383 nequit
870 1295 1261 1384 Episcopus,
1293 1295 1429 1360 nisi
1443 1317 1530 1370 ex
1544 1294 1745 1383 justa
1773 1313 2024 1374 causa‚·
2062 1301 2126 1358 et
2151 1304 2387 1358 contra
2417 1292 2628 1382 injus-

355 1421 497 1476 tam
518 1409 727 1499 ipsius
751 1407 1247 1499 deneqationem
1271 1407 1474 1476 datur
1500 1407 1912 1499 appellatio.
1930 1445 2022 1460 --
2044 1405 2246 1475 Extra
2266 1413 2630 1477 controver-

353 1525 516 1592 siam
542 1530 633 1591 est
660 1524 988 1592 conclusio
1010 1524 1148 1593 haec
1166 1525 1337 1613 apud
1358 1523 1667 1592 doctores.
1711 1523 2036 1592 Probatur
2065 1505 2310 1607 auteni,

448 1639 509 1704 1⁰
563 1637 654 1706 Ex
700 1660 776 1708 eo
818 1639 994 1728 quod
1040 1631 1420 1708 Tridentina
1469 1635 1776 1728 Synodus
1838 1659 1972 1709 non
2015 1638 2331 1707 censenda
2385 1639 2468 1706 sit
2501 1661 2634 1708 vo-

354 1753 575 1842 luisse,
640 1761 709 1822 ut
755 1753 1113 1846 Episcopus
1166 1777 1286 1844 pro
1342 1755 1531 1822 libitu
1579 1758 1794 1845 posset
1845 1751 2180 1822 licentiam
2231 1753 2395 1820 hanc
2429 1752 2634 1821 dene—

356 1889 531 1956 gare.
586 1869 655 1938 Si
701 1871 879 1939 enim
922 1870 1163 1938 valeret
1205 1870 1566 1961 Episcopus
1622 1891 1697 1938 ex
1740 1868 1936 1938 libitu
1987 1876 2050 1936 et
2085 1868 2224 1936 sine
2259 1867 2634 1936 rationabili

356 2003 547 2052 causa
581 2006 897 2054 novorum
961 1993 1400 2054 conventuum
1454 1985 1860 2053 fundationes
1907 1983 2258 2074 impedire,
2317 1983 2380 2050 id
2419 1989 2635 2074 aperte

355 2101 426 2168 in
459 2100 778 2168 damnum
820 2101 1149 2190 religionis
1196 2101 1469 2169 cederet.
1520 2100 1696 2168 Dum
1745 2119 1902 2189 ergo
1943 2105 2233 2168 statuunt
2263 2096 2630 2167 Tridentini

356 2211 597 2299 Patres,
654 2237 737 2282 ne
808 2215 949 2282 fieri
1004 2215 1257 2284 valeant
1308 2217 1638 2305 ejusmodi
1686 2216 2100 2284 fundationes
2147 2214 2394 2304 absque
2445 2213 2636 2282 Ordi-

360 2330 529 2398 narii
555 2329 842 2416 licentia,
883 2331 949 2397 id
990 2331 1484 2420 intelligendum
1535 2338 1629 2400 est
1673 2353 1750 2400 eo
1797 2353 2017 2417 sensu,
2051 2329 2220 2420 quod
2261 2329 2340 2396 ad
2369 2329 2634 2420 Episco-

360 2464 523 2534 pum
586 2446 894 2534 pertineat
936 2443 1258 2532 judicare,
1318 2465 1483 2513 num
1531 2445 1852 2536 expediat,
1909 2465 1992 2514 an
2076 2464 2232 2512 vero
2311 2466 2348 2511 e
2413 2453 2636 2512 contra

361 2559 553 2628 noxia
588 2560 672 2626 sit
720 2579 885 2628 nova
936 2559 1227 2630 fundatio
1272 2583 1289 2628 ε
1346 2561 1577 2630 debeat
1617 2568 1835 2631 autem
1892 2560 2227 2631 licentiam
2284 2560 2634 2629 concedere

219 2713 223 2716 -
360 2677 610 2762 quoties
647 2675 895 2744 nullam
923 2675 1114 2743 habet
1142 2676 1594 2745 rationabilem
1643 2677 2009 2770 denffiandi
2057 2699 2344 2774 causam.
2395 2675 2632 2744 Proin·

360 2789 463 2869 de,
516 2790 573 2860 si
608 2791 849 2880 absque
896 2791 1265 2861 rationabili
1322 2811 1516 2862 causa
1551 2793 1844 2882 deneget,
1891 2799 2111 2884 patere
2165 2790 2498 2861 censenda
2554 2794 2635 2859 est

362 2904 723 2995 appellatio·

452 3019 519 3086 2⁰
538 3019 630 3086 Ex
662 3021 1111 3090 constitutione
1138 3022 1306 3089 Cum
1334 3022 1503 3090 alias
1529 3021 1829 3111 Gregorii
1848 3020 1998 3106 XV,
2021 3023 2097 3088 17
2131 3021 2392 3110 augusti
2427 3021 2631 3102 1622,

364 3133 405 3224 ξ
432 3133 501 3218 4,
532 3132 651 3201 ubi
670 3135 764 3202 sic
787 3135 1091 3202 statuitur
1119 3157 1136 3201 z
1176 3159 1212 3199 «
1238 3133 1307 3203 Si
1326 3157 1480 3203 vero
1505 3157 1542 3203 a
1571 3137 1828 3223 decreto
1851 3157 1966 3204 seu
1994 3135 2272 3204 decretis
2297 3157 2404 3225 per
2431 3133 2632 3202 Ordi-

372 3271 407 3312 «
442 3249 653 3315 uarios
699 3249 1031 3336 praedictos
1070 3247 1145 3316 in
1182 3249 1389 3318 causis
1432 3249 1809 3338 hujusmodi
1865 3249 2152 3318 ferendis
2193 3247 2480 3339 legitime
2515 3269 2630 3339 ap-

372 3387 407 3426 α
434 3361 656 3450 pellari
702 3363 1065 3454 contigerit,
1110 3386 1185 3434 ex
1226 3386 1403 3433 nunc
1433 3371 1628 3456 prout
1653 3387 1729 3433 ex
1771 3387 1846 3433 ea
1898 3364 2032 3450 die,
2109 3385 2236 3460 qua
2291 3363 2631 3454 appellatio

368 3476 902 3569 «interponetur,
953 3501 1028 3548 ea
1077 3479 1152 3548 ad
1200 3481 1488 3550 eamdem
1538 3502 1785 3550 sacram
1837 3477 2452 3568 Congregationem‚
2511 3495 2629 3552 una

368 3617 405 3660 α
442 3616 597 3662 cum
650 3599 783 3664 toto
830 3595 1086 3684 negotio
1149 3573 1495 3687 principali
1562 3596 1862 3665 devoluta
1915 3601 2290 3676 censeatur;
2337 3591 2629 3683 appella-

366 3731 401 3773 «
428 3707 727 3800 tioneque
760 3709 1139 3797 hujusmodi
1186 3712 1528 3799 pendente,
1579 3709 1756 3779 nihil
1805 3709 2257 3798 innovandum
2277 3729 2458 3791 esse3
2492 3705 2630 3776 irri-

362 3847 401 3888 α
432 3829 701 3914 tumque
744 3833 809 3893 et
848 3826 1041 3896 inane
1076 3825 1399 3915 quidquid
1457 3847 1638 3895 secus
1679 3847 1874 3914 super
1899 3825 2010 3896 bis
2047 3845 2088 3892 a
2111 3826 2630 3913 quoquam'qua-

367 3961 400 4002 α
429 3941 525 4008 vis
568 3939 939 4010 auctoritate
1008 3940 1281 4009 scienter
1341 3941 1448 4010 vel
1501 3940 1872 4030 ignoranter
1929 3939 2270 4028 contigerit
2334 3933 2624 4005 attentari

368 4081 403 4122 c<
432 4056 824 4141 decernens;
888 4056 1387 4146 quibuscunque
1441 4060 1511 4126 in
1567 4058 1968 4126 contrarium
2019 4053 2438 4137 facientibus»
2499 4069 2626 4120 non

366 4197 401 4238 α
428 4171 845 4242 obstantibus.
882 4197 919 4240 n
976 4171 1240 4254 Quoties¹
1286 4183 1444 4262 erg'o
1518 4174 1868 4263 regulares,
1937 4171 2180 4261 absque
2253 4162 2616 4238 rationabili

354 4297 542 4359 causa
590 4287 673 4358 ab
712 4289 1032 4381 Episcopo
1070 4289 1395 4360 licentiam
1441 4289 1566 4358 sibi
1607 4291 1918 4380 denegari
1960 4288 2355 4366 existimant,
2407 4279 2622 4373 appel-

352 4399 654 4472 lationem
708 4405 1074 4494 interjicere
1121 4410 1411 4495 possunt.
1471 4403 1632 4486 Quae
1675 4403 2022 4496 appellatio
2075 4401 2270 4476 habet
2319 4399 2618 4472 eflectum
