<?xml version="1.0" encoding="UTF-8"?>
<!DOCTYPE html PUBLIC "-//W3C//DTD XHTML 1.0 Transitional//EN"
    "http://www.w3.org/TR/xhtml1/DTD/xhtml1-transitional.dtd">
<html xmlns="http://www.w3.org/1999/xhtml" xml:lang="en" lang="en">
 <head>
  <title>
</title>
<meta http-equiv="Content-Type" content="text/html;charset=utf-8" />
  <meta name='ocr-system' content='tesseract 3.04.00' />
  <meta name='ocr-capabilities' content='ocr_page ocr_carea ocr_par ocr_line ocrx_word'/>
</head>
<body>
  <div class='ocr_page' id='page_1' title='image "./tractatusdejure01unkngoog_0120.png"; bbox 0 0 2834 4959; ppageno 0'>
   <div class='ocr_carea' id='block_1_1' title="bbox 464 319 2147 402">
    <p class='ocr_par' dir='ltr' id='par_1_1' title="bbox 464 319 2147 402">
     <span class='ocr_line' id='line_1_1' title="bbox 464 319 2147 402; baseline 0.001 -3"><span class='ocrx_word' id='word_1_1' title='bbox 464 343 586 400; x_wconf 73' lang='lat'><strong>102</strong></span> <span class='ocrx_word' id='word_1_2' title='bbox 725 319 732 326; x_wconf 63' lang='grc'><strong>’</strong></span> <span class='ocrx_word' id='word_1_3' title='bbox 1039 352 1379 401; x_wconf 71' lang='lat' dir='ltr'><strong>moruus</strong></span> <span class='ocrx_word' id='word_1_4' title='bbox 1426 354 1506 400; x_wconf 75' lang='lat' dir='ltr'><strong>nn</strong></span> <span class='ocrx_word' id='word_1_5' title='bbox 1550 353 1697 402; x_wconf 72' lang='lat' dir='ltr'><strong>suns</strong></span> <span class='ocrx_word' id='word_1_6' title='bbox 1730 351 2147 402; x_wconf 66' lang='lat' dir='ltr'><strong>noemma«.</strong></span> 
     </span>
    </p>
   </div>
   <div class='ocr_carea' id='block_1_2' title="bbox 453 471 2774 2065">
    <p class='ocr_par' dir='ltr' id='par_1_2' title="bbox 453 471 2772 1488">
     <span class='ocr_line' id='line_1_2' title="bbox 459 471 2681 564; baseline 0 -24"><span class='ocrx_word' id='word_1_7' title='bbox 459 472 818 542; x_wconf 87' lang='lat' dir='ltr'><strong>dominium</strong></span> <span class='ocrx_word' id='word_1_8' title='bbox 875 474 1150 558; x_wconf 88' lang='lat' dir='ltr'><strong>amittat,</strong></span> <span class='ocrx_word' id='word_1_9' title='bbox 1197 480 1260 542; x_wconf 91' lang='lat' dir='ltr'><strong>et</strong></span> <span class='ocrx_word' id='word_1_10' title='bbox 1316 471 1619 542; x_wconf 87' lang='lat' dir='ltr'><strong>inhabilis</strong></span> <span class='ocrx_word' id='word_1_11' title='bbox 1668 474 1741 542; x_wconf 88' lang='lat' dir='ltr'><strong>in</strong></span> <span class='ocrx_word' id='word_1_12' title='bbox 1788 479 2169 564; x_wconf 84' lang='lat' dir='ltr'><strong>perpetuum</strong></span> <span class='ocrx_word' id='word_1_13' title='bbox 2210 474 2319 542; x_wconf 86' lang='lat' dir='ltr'><strong>fiat</strong></span> <span class='ocrx_word' id='word_1_14' title='bbox 2368 473 2447 542; x_wconf 90' lang='lat' dir='ltr'><strong>ad</strong></span> <span class='ocrx_word' id='word_1_15' title='bbox 2488 474 2681 563; x_wconf 89' lang='lat' dir='ltr'><strong>acqui-</strong></span> 
     </span>
     <span class='ocr_line' id='line_1_3' title="bbox 459 585 2772 678; baseline 0 -24"><span class='ocrx_word' id='word_1_16' title='bbox 459 586 726 655; x_wconf 88' lang='lat' dir='ltr'><strong>rendam</strong></span> <span class='ocrx_word' id='word_1_17' title='bbox 773 587 972 656; x_wconf 87' lang='lat' dir='ltr'><strong>ullius</strong></span> <span class='ocrx_word' id='word_1_18' title='bbox 1020 589 1114 658; x_wconf 84' lang='lat' dir='ltr'><strong>rei</strong></span> <span class='ocrx_word' id='word_1_19' title='bbox 1160 588 1635 678; x_wconf 79' lang='lat' dir='ltr'><strong>proprietatem.</strong></span> <span class='ocrx_word' id='word_1_20' title='bbox 1678 585 1944 676; x_wconf 88' lang='lat' dir='ltr'><strong>Omnes,</strong></span> <span class='ocrx_word' id='word_1_21' title='bbox 1988 590 2284 678; x_wconf 76' lang='lat' dir='ltr'><strong>inquam,</strong></span> <span class='ocrx_word' id='word_1_22' title='bbox 2314 588 2686 656; x_wconf 88' lang='lat' dir='ltr'><strong>consentiunt</strong></span> <span class='ocrx_word' id='word_1_23' title='bbox 2770 660 2772 674; x_wconf 38' lang='grc' dir='ltr'>Ι</span> 
     </span>
     <span class='ocr_line' id='line_1_4' title="bbox 457 700 2689 793; baseline 0 -23"><span class='ocrx_word' id='word_1_24' title='bbox 457 700 529 770; x_wconf 90' lang='lat' dir='ltr'><strong>in</strong></span> <span class='ocrx_word' id='word_1_25' title='bbox 570 701 968 772; x_wconf 87' lang='lat' dir='ltr'><strong>admittendo</strong></span> <span class='ocrx_word' id='word_1_26' title='bbox 1009 704 1200 772; x_wconf 89' lang='lat' dir='ltr'><strong>illum</strong></span> <span class='ocrx_word' id='word_1_27' title='bbox 1243 703 1549 773; x_wconf 82' lang='lat' dir='ltr'><strong>effectum</strong></span> <span class='ocrx_word' id='word_1_28' title='bbox 1594 707 1902 792; x_wconf 88' lang='lat' dir='ltr'><strong>tanquam</strong></span> <span class='ocrx_word' id='word_1_29' title='bbox 1948 705 2077 771; x_wconf 80' lang='lat' dir='ltr'><strong>voti</strong></span> <span class='ocrx_word' id='word_1_30' title='bbox 2120 701 2427 772; x_wconf 87' lang='lat' dir='ltr'><strong>solemnis</strong></span> <span class='ocrx_word' id='word_1_31' title='bbox 2454 723 2689 793; x_wconf 87' lang='lat' dir='ltr'><strong>pauper-</strong></span> 
     </span>
     <span class='ocr_line' id='line_1_5' title="bbox 453 815 2772 910; baseline 0.002 -28"><span class='ocrx_word' id='word_1_32' title='bbox 453 817 600 884; x_wconf 88' lang='lat' dir='ltr'><strong>tatis</strong></span> <span class='ocrx_word' id='word_1_33' title='bbox 641 819 980 908; x_wconf 90' lang='lat' dir='ltr'><strong>proprium</strong></span> <span class='ocrx_word' id='word_1_34' title='bbox 1027 825 1089 888; x_wconf 89' lang='lat' dir='ltr'><strong>et</strong></span> <span class='ocrx_word' id='word_1_35' title='bbox 1139 819 1262 910; x_wconf 80' lang='lat' dir='ltr'><strong>ipsi</strong></span> <span class='ocrx_word' id='word_1_36' title='bbox 1317 819 1765 886; x_wconf 69' lang='lat' dir='ltr'><strong>inhaerentem.</strong></span> <span class='ocrx_word' id='word_1_37' title='bbox 1818 815 2005 886; x_wconf 83' lang='lat' dir='ltr'><strong>Unde</strong></span> <span class='ocrx_word' id='word_1_38' title='bbox 2057 825 2227 887; x_wconf 88' lang='lat' dir='ltr'><strong>certa</strong></span> <span class='ocrx_word' id='word_1_39' title='bbox 2280 815 2449 907; x_wconf 86' lang='lat' dir='ltr'><strong>apud</strong></span> <span class='ocrx_word' id='word_1_40' title='bbox 2494 836 2687 884; x_wconf 87' lang='lat' dir='ltr'><strong>omnes</strong></span> <span class='ocrx_word' id='word_1_41' title='bbox 2770 819 2772 886; x_wconf 75' lang='lat'><em>3</em></span> 
     </span>
     <span class='ocr_line' id='line_1_6' title="bbox 455 929 2772 1028; baseline 0 -32"><span class='ocrx_word' id='word_1_42' title='bbox 455 929 681 1020; x_wconf 78' lang='lat' dir='ltr'><strong>regula</strong></span> <span class='ocrx_word' id='word_1_43' title='bbox 726 939 841 1022; x_wconf 87' lang='lat' dir='ltr'><strong>est,</strong></span> <span class='ocrx_word' id='word_1_44' title='bbox 889 933 1176 1004; x_wconf 77' lang='lat' dir='ltr'><strong>solemne</strong></span> <span class='ocrx_word' id='word_1_45' title='bbox 1225 956 1360 1003; x_wconf 86' lang='lat' dir='ltr'><strong>esse</strong></span> <span class='ocrx_word' id='word_1_46' title='bbox 1405 939 1631 1003; x_wconf 83' lang='lat' dir='ltr'><strong>votum</strong></span> <span class='ocrx_word' id='word_1_47' title='bbox 1682 932 2100 1023; x_wconf 72' lang='lat' dir='ltr'><strong>paupertatis,</strong></span> <span class='ocrx_word' id='word_1_48' title='bbox 2148 933 2219 1002; x_wconf 88' lang='lat' dir='ltr'><strong>si·</strong></span> <span class='ocrx_word' id='word_1_49' title='bbox 2244 931 2411 1015; x_wconf 81' lang='lat' dir='ltr'><strong>banc</strong></span> <span class='ocrx_word' id='word_1_50' title='bbox 2448 931 2687 1000; x_wconf 87' lang='lat' dir='ltr'><strong>dominii</strong></span> <span class='ocrx_word' id='word_1_51' title='bbox 2770 1013 2772 1028; x_wconf 40' lang='grc' dir='ltr'>Ι</span> 
     </span>
     <span class='ocr_line' id='line_1_7' title="bbox 457 1031 2772 1139; baseline 0 -27"><span class='ocrx_word' id='word_1_52' title='bbox 457 1045 942 1137; x_wconf 74' lang='lat' dir='ltr'><strong>incapacitatem</strong></span> <span class='ocrx_word' id='word_1_53' title='bbox 971 1050 1274 1139; x_wconf 88' lang='lat' dir='ltr'><strong>inducat;</strong></span> <span class='ocrx_word' id='word_1_54' title='bbox 1313 1051 1599 1120; x_wconf 84' lang='lat' dir='ltr'><strong>solemne</strong></span> <span class='ocrx_word' id='word_1_55' title='bbox 1630 1071 1761 1120; x_wconf 87' lang='lat' dir='ltr'><strong>non</strong></span> <span class='ocrx_word' id='word_1_56' title='bbox 1793 1069 1953 1134; x_wconf 86' lang='lat' dir='ltr'><strong>esse,</strong></span> <span class='ocrx_word' id='word_1_57' title='bbox 1980 1049 2208 1117; x_wconf 84' lang='lat' dir='ltr'><strong>sicam</strong></span> <span class='ocrx_word' id='word_1_58' title='bbox 2236 1068 2367 1116; x_wconf 90' lang='lat' dir='ltr'><strong>non</strong></span> <span class='ocrx_word' id='word_1_59' title='bbox 2408 1046 2685 1115; x_wconf 88' lang='lat' dir='ltr'><strong>inducat:</strong></span> <span class='ocrx_word' id='word_1_60' title='bbox 2770 1031 2772 1068; x_wconf 71' lang='lat'>³</span> 
     </span>
     <span class='ocr_line' id='line_1_8' title="bbox 455 1161 2687 1256; baseline 0 -28"><span class='ocrx_word' id='word_1_61' title='bbox 455 1161 620 1230; x_wconf 87' lang='lat' dir='ltr'><strong>sicut</strong></span> <span class='ocrx_word' id='word_1_62' title='bbox 653 1170 717 1232; x_wconf 90' lang='lat' dir='ltr'><strong>et</strong></span> <span class='ocrx_word' id='word_1_63' title='bbox 743 1172 912 1235; x_wconf 90' lang='lat' dir='ltr'><strong>certa</strong></span> <span class='ocrx_word' id='word_1_64' title='bbox 939 1173 1028 1236; x_wconf 86' lang='lat' dir='ltr'><strong>est</strong></span> <span class='ocrx_word' id='word_1_65' title='bbox 1073 1166 1322 1256; x_wconf 86' lang='lat' dir='ltr'><strong>regula,</strong></span> <span class='ocrx_word' id='word_1_66' title='bbox 1353 1167 1641 1236; x_wconf 84' lang='lat' dir='ltr'><strong>solemne</strong></span> <span class='ocrx_word' id='word_1_67' title='bbox 1684 1187 1817 1234; x_wconf 83' lang='lat' dir='ltr'><strong>esse</strong></span> <span class='ocrx_word' id='word_1_68' title='bbox 1863 1171 2085 1236; x_wconf 75' lang='lat' dir='ltr'><strong>votum</strong></span> <span class='ocrx_word' id='word_1_69' title='bbox 2115 1163 2442 1247; x_wconf 87' lang='lat' dir='ltr'><strong>castitatis,</strong></span> <span class='ocrx_word' id='word_1_70' title='bbox 2468 1164 2540 1248; x_wconf 86' lang='lat' dir='ltr'><strong>si,</strong></span> <span class='ocrx_word' id='word_1_71' title='bbox 2570 1169 2687 1230; x_wconf 89' lang='lat' dir='ltr'><strong>tum</strong></span> 
     </span>
     <span class='ocr_line' id='line_1_9' title="bbox 455 1261 2684 1374; baseline -0.001 -27"><span class='ocrx_word' id='word_1_72' title='bbox 455 1279 854 1373; x_wconf 82' lang='lat' dir='ltr'><strong>subsequens</strong></span> <span class='ocrx_word' id='word_1_73' title='bbox 883 1285 1373 1355; x_wconf 86' lang='lat' dir='ltr'><strong>matrimonium</strong></span> <span class='ocrx_word' id='word_1_74' title='bbox 1407 1282 1762 1374; x_wconf 72' lang='lat' dir='ltr'><strong>quodlibet,</strong></span> <span class='ocrx_word' id='word_1_75' title='bbox 1802 1286 1945 1351; x_wconf 88' lang='lat' dir='ltr'><strong>tum</strong></span> <span class='ocrx_word' id='word_1_76' title='bbox 1986 1261 2355 1372; x_wconf 74' lang='lat' dir='ltr'><strong>praecedens</strong></span> <span class='ocrx_word' id='word_1_77' title='bbox 2394 1299 2517 1348; x_wconf 89' lang='lat' dir='ltr'><strong>non</strong></span> <span class='ocrx_word' id='word_1_78' title='bbox 2556 1299 2684 1346; x_wconf 90' lang='lat' dir='ltr'><strong>con·</strong></span> 
     </span>
     <span class='ocr_line' id='line_1_10' title="bbox 455 1396 2191 1488; baseline 0.002 -27"><span class='ocrx_word' id='word_1_79' title='bbox 455 1402 879 1480; x_wconf 88' lang='lat' dir='ltr'><strong>summatum,</strong></span> <span class='ocrx_word' id='word_1_80' title='bbox 907 1398 1135 1467; x_wconf 88' lang='lat' dir='ltr'><strong>irritet.</strong></span> <span class='ocrx_word' id='word_1_81' title='bbox 1173 1396 1427 1477; x_wconf 84' lang='lat' dir='ltr'><strong>Quibus</strong></span> <span class='ocrx_word' id='word_1_82' title='bbox 1460 1397 1851 1488; x_wconf 66' lang='lat' dir='ltr'><strong>praenotatis,</strong></span> <span class='ocrx_word' id='word_1_83' title='bbox 1886 1396 1993 1481; x_wconf 88' lang='lat' dir='ltr'><strong>sit,</strong></span> <span class='ocrx_word' id='word_1_84' title='bbox 2186 1401 2191 1406; x_wconf 83' lang='grc'><em>’</em></span> 
     </span>
    </p>

    <p class='ocr_par' dir='ltr' id='par_1_3' title="bbox 459 1505 2774 2065">
     <span class='ocr_line' id='line_1_11' title="bbox 548 1505 2689 1602; baseline -0 -28"><span class='ocrx_word' id='word_1_85' title='bbox 548 1505 922 1578; x_wconf 73' lang='lat' dir='ltr'><strong>Psorosmo</strong></span> <span class='ocrx_word' id='word_1_86' title='bbox 943 1510 1019 1580; x_wconf 76' lang='lat'><strong>1⁸.</strong></span> <span class='ocrx_word' id='word_1_87' title='bbox 1045 1549 1138 1564; x_wconf 91' lang='lat'><em>-</em></span> <span class='ocrx_word' id='word_1_88' title='bbox 1175 1511 1324 1580; x_wconf 80' lang='lat' dir='ltr'><strong>Voti</strong></span> <span class='ocrx_word' id='word_1_89' title='bbox 1329 1510 1756 1602; x_wconf 78' lang='lat' dir='ltr'><strong>paupertatis</strong></span> <span class='ocrx_word' id='word_1_90' title='bbox 1772 1509 2153 1580; x_wconf 75' lang='lat' dir='ltr'><strong>solemnitas</strong></span> <span class='ocrx_word' id='word_1_91' title='bbox 2186 1533 2323 1578; x_wconf 79' lang='lat' dir='ltr'><strong>non</strong></span> <span class='ocrx_word' id='word_1_92' title='bbox 2352 1506 2613 1577; x_wconf 53' lang='lat' dir='ltr'><strong>consata</strong></span> <span class='ocrx_word' id='word_1_93' title='bbox 2632 1506 2689 1574; x_wconf 79' lang='lat' dir='ltr'><strong>in</strong></span> 
     </span>
     <span class='ocr_line' id='line_1_12' title="bbox 459 1622 2693 1712; baseline 0 -24"><span class='ocrx_word' id='word_1_94' title='bbox 459 1622 686 1712; x_wconf 82' lang='lat' dir='ltr'><strong>aliqua</strong></span> <span class='ocrx_word' id='word_1_95' title='bbox 730 1623 1175 1695; x_wconf 76' lang='lat' dir='ltr'><strong>benedictione</strong></span> <span class='ocrx_word' id='word_1_96' title='bbox 1214 1648 1327 1694; x_wconf 80' lang='lat' dir='ltr'><strong>seu</strong></span> <span class='ocrx_word' id='word_1_97' title='bbox 1371 1625 1885 1707; x_wconf 79' lang='lat' dir='ltr'><strong>consecratione,</strong></span> <span class='ocrx_word' id='word_1_98' title='bbox 1938 1625 2153 1693; x_wconf 80' lang='lat' dir='ltr'><strong>aliove</strong></span> <span class='ocrx_word' id='word_1_99' title='bbox 2196 1645 2379 1693; x_wconf 83' lang='lat' dir='ltr'><strong>sacro</strong></span> <span class='ocrx_word' id='word_1_100' title='bbox 2424 1622 2571 1689; x_wconf 81' lang='lat' dir='ltr'><strong>ritu.</strong></span> <span class='ocrx_word' id='word_1_101' title='bbox 2618 1655 2693 1671; x_wconf 90' lang='lat'>-</span> 
     </span>
     <span class='ocr_line' id='line_1_13' title="bbox 461 1730 2774 1832; baseline -0.002 -28"><span class='ocrx_word' id='word_1_102' title='bbox 461 1735 608 1806; x_wconf 92' lang='lat' dir='ltr'><strong>Huc</strong></span> <span class='ocrx_word' id='word_1_103' title='bbox 641 1739 908 1809; x_wconf 84' lang='lat' dir='ltr'><strong>redeunt</strong></span> <span class='ocrx_word' id='word_1_104' title='bbox 947 1743 1249 1826; x_wconf 87' lang='lat' dir='ltr'><strong>rationes,</strong></span> <span class='ocrx_word' id='word_1_105' title='bbox 1289 1741 1529 1832; x_wconf 89' lang='lat' dir='ltr'><strong>quibus</strong></span> <span class='ocrx_word' id='word_1_106' title='bbox 1564 1761 1759 1832; x_wconf 87' lang='lat' dir='ltr'><strong>supra</strong></span> <span class='ocrx_word' id='word_1_107' title='bbox 1796 1739 1971 1808; x_wconf 87' lang='lat' dir='ltr'><strong>idem</strong></span> <span class='ocrx_word' id='word_1_108' title='bbox 2014 1737 2365 1830; x_wconf 87' lang='lat' dir='ltr'><strong>probatum</strong></span> <span class='ocrx_word' id='word_1_109' title='bbox 2404 1741 2491 1806; x_wconf 88' lang='lat' dir='ltr'><strong>est</strong></span> <span class='ocrx_word' id='word_1_110' title='bbox 2512 1730 2689 1824; x_wconf 87' lang='lat' dir='ltr'><strong>quoad</strong></span> <span class='ocrx_word' id='word_1_111' title='bbox 2772 1821 2774 1826; x_wconf 85' lang='lat'><strong>.</strong></span> 
     </span>
     <span class='ocr_line' id='line_1_14' title="bbox 462 1843 2774 1946; baseline -0.001 -27"><span class='ocrx_word' id='word_1_112' title='bbox 462 1852 592 1920; x_wconf 82' lang='lat' dir='ltr'><strong>voti</strong></span> <span class='ocrx_word' id='word_1_113' title='bbox 639 1856 940 1926; x_wconf 85' lang='lat' dir='ltr'><strong>castitatis</strong></span> <span class='ocrx_word' id='word_1_114' title='bbox 985 1857 1481 1927; x_wconf 78' lang='lat' dir='ltr'><strong>solemnitatem.</strong></span> <span class='ocrx_word' id='word_1_115' title='bbox 1532 1855 1697 1925; x_wconf 88' lang='lat' dir='ltr'><strong>Nam</strong></span> <span class='ocrx_word' id='word_1_116' title='bbox 1749 1856 1812 1925; x_wconf 80' lang='lat'><strong>1⁰</strong></span> <span class='ocrx_word' id='word_1_117' title='bbox 1860 1857 1931 1923; x_wconf 92' lang='lat' dir='ltr'><strong>in</strong></span> <span class='ocrx_word' id='word_1_118' title='bbox 1970 1854 2363 1946; x_wconf 79' lang='lat' dir='ltr'><strong>professione</strong></span> <span class='ocrx_word' id='word_1_119' title='bbox 2408 1849 2592 1920; x_wconf 80' lang='lat' dir='ltr'><strong>tacita</strong></span> <span class='ocrx_word' id='word_1_120' title='bbox 2630 1843 2689 1910; x_wconf 87' lang='lat' dir='ltr'><strong>fit</strong></span> <span class='ocrx_word' id='word_1_121' title='bbox 2772 1895 2774 1900; x_wconf 88' lang='lat'>-</span> 
     </span>
     <span class='ocr_line' id='line_1_15' title="bbox 463 1963 2689 2065; baseline -0.004 -33"><span class='ocrx_word' id='word_1_122' title='bbox 463 1974 682 2036; x_wconf 78' lang='lat' dir='ltr'><strong>votum</strong></span> <span class='ocrx_word' id='word_1_123' title='bbox 719 1971 1007 2042; x_wconf 85' lang='lat' dir='ltr'><strong>solemne</strong></span> <span class='ocrx_word' id='word_1_124' title='bbox 1043 1974 1472 2065; x_wconf 83' lang='lat' dir='ltr'><strong>paupertatis3</strong></span> <span class='ocrx_word' id='word_1_125' title='bbox 1516 1977 1579 2040; x_wconf 88' lang='lat' dir='ltr'><strong>et</strong></span> <span class='ocrx_word' id='word_1_126' title='bbox 1628 1979 1845 2041; x_wconf 87' lang='lat' dir='ltr'><strong>tamen</strong></span> <span class='ocrx_word' id='word_1_127' title='bbox 1887 1972 1955 2039; x_wconf 91' lang='lat' dir='ltr'><strong>in</strong></span> <span class='ocrx_word' id='word_1_128' title='bbox 1992 1968 2319 2061; x_wconf 88' lang='lat' dir='ltr'><strong>ejusmodi</strong></span> <span class='ocrx_word' id='word_1_129' title='bbox 2346 1963 2689 2058; x_wconf 79' lang='lat' dir='ltr'><strong>professione</strong></span> 
     </span>
    </p>
   </div>
   <div class='ocr_carea' id='block_1_3' title="bbox 327 2072 2699 2164">
    <p class='ocr_par' dir='ltr' id='par_1_4' title="bbox 327 2072 2699 2164">
     <span class='ocr_line' id='line_1_16' title="bbox 327 2072 2699 2164; baseline -0.005 -13"><span class='ocrx_word' id='word_1_130' title='bbox 327 2151 342 2164; x_wconf 72' lang='lat'>‚</span> <span class='ocrx_word' id='word_1_131' title='bbox 464 2083 647 2152; x_wconf 88' lang='lat' dir='ltr'><strong>nulla</strong></span> <span class='ocrx_word' id='word_1_132' title='bbox 691 2086 1034 2155; x_wconf 83' lang='lat' dir='ltr'><strong>intervenit</strong></span> <span class='ocrx_word' id='word_1_133' title='bbox 1081 2087 1441 2157; x_wconf 86' lang='lat' dir='ltr'><strong>benedictio</strong></span> <span class='ocrx_word' id='word_1_134' title='bbox 1468 2092 1581 2154; x_wconf 87' lang='lat' dir='ltr'><strong>aut</strong></span> <span class='ocrx_word' id='word_1_135' title='bbox 1622 2088 2036 2154; x_wconf 89' lang='lat' dir='ltr'><strong>consecratio.</strong></span> <span class='ocrx_word' id='word_1_136' title='bbox 2072 2083 2139 2151; x_wconf 80' lang='lat'><strong>2⁰</strong></span> <span class='ocrx_word' id='word_1_137' title='bbox 2182 2083 2267 2152; x_wconf 84' lang='lat' dir='ltr'><strong>ln</strong></span> <span class='ocrx_word' id='word_1_138' title='bbox 2314 2080 2527 2150; x_wconf 84' lang='lat' dir='ltr'><strong>multis</strong></span> <span class='ocrx_word' id='word_1_139' title='bbox 2558 2072 2699 2144; x_wconf 87' lang='lat' dir='ltr'><strong>ordi·</strong></span> 
     </span>
    </p>
   </div>
   <div class='ocr_carea' id='block_1_4' title="bbox 455 2191 2721 4485">
    <p class='ocr_par' dir='ltr' id='par_1_5' title="bbox 459 2191 2707 3559">
     <span class='ocr_line' id='line_1_17' title="bbox 459 2191 2697 2295; baseline -0.006 -27"><span class='ocrx_word' id='word_1_140' title='bbox 459 2200 654 2268; x_wconf 87' lang='lat' dir='ltr'><strong>nibus</strong></span> <span class='ocrx_word' id='word_1_141' title='bbox 699 2203 1015 2291; x_wconf 84' lang='lat' dir='ltr'><strong>religiosis</strong></span> <span class='ocrx_word' id='word_1_142' title='bbox 1067 2204 1288 2272; x_wconf 87' lang='lat' dir='ltr'><strong>nullus</strong></span> <span class='ocrx_word' id='word_1_143' title='bbox 1331 2203 1677 2272; x_wconf 85' lang='lat' dir='ltr'><strong>adhibetur</strong></span> <span class='ocrx_word' id='word_1_144' title='bbox 1724 2203 1795 2270; x_wconf 91' lang='lat' dir='ltr'><strong>in</strong></span> <span class='ocrx_word' id='word_1_145' title='bbox 1856 2200 2231 2295; x_wconf 80' lang='lat' dir='ltr'><strong>profitendo</strong></span> <span class='ocrx_word' id='word_1_146' title='bbox 2280 2191 2697 2269; x_wconf 85' lang='lat' dir='ltr'><strong>benedictionis</strong></span> 
     </span>
     <span class='ocr_line' id='line_1_18' title="bbox 465 2303 2697 2406; baseline -0.002 -26"><span class='ocrx_word' id='word_1_147' title='bbox 465 2321 576 2382; x_wconf 89' lang='lat' dir='ltr'><strong>aut</strong></span> <span class='ocrx_word' id='word_1_148' title='bbox 601 2318 1096 2386; x_wconf 79' lang='lat' dir='ltr'><strong>consecrationis</strong></span> <span class='ocrx_word' id='word_1_149' title='bbox 1123 2319 1312 2406; x_wconf 78' lang='lat' dir='ltr'><strong>ritus„</strong></span> <span class='ocrx_word' id='word_1_150' title='bbox 1339 2326 1399 2387; x_wconf 90' lang='lat' dir='ltr'><strong>et</strong></span> <span class='ocrx_word' id='word_1_151' title='bbox 1427 2325 1641 2386; x_wconf 90' lang='lat' dir='ltr'><strong>tamen</strong></span> <span class='ocrx_word' id='word_1_152' title='bbox 1673 2317 1953 2386; x_wconf 90' lang='lat' dir='ltr'><strong>dubium</strong></span> <span class='ocrx_word' id='word_1_153' title='bbox 1994 2337 2129 2386; x_wconf 90' lang='lat' dir='ltr'><strong>non</strong></span> <span class='ocrx_word' id='word_1_154' title='bbox 2158 2322 2266 2386; x_wconf 78' lang='lat' dir='ltr'><strong>est</strong></span> <span class='ocrx_word' id='word_1_155' title='bbox 2302 2317 2373 2384; x_wconf 89' lang='lat' dir='ltr'><strong>in</strong></span> <span class='ocrx_word' id='word_1_156' title='bbox 2417 2313 2494 2381; x_wconf 86' lang='lat' dir='ltr'><strong>iis</strong></span> <span class='ocrx_word' id='word_1_157' title='bbox 2524 2303 2697 2380; x_wconf 80' lang='lat' dir='ltr'><strong>emitti</strong></span> 
     </span>
     <span class='ocr_line' id='line_1_19' title="bbox 465 2429 2697 2524; baseline -0.001 -26"><span class='ocrx_word' id='word_1_158' title='bbox 465 2430 753 2500; x_wconf 84' lang='lat' dir='ltr'><strong>solemne</strong></span> <span class='ocrx_word' id='word_1_159' title='bbox 775 2436 1164 2523; x_wconf 85' lang='lat' dir='ltr'><strong>paupertatis</strong></span> <span class='ocrx_word' id='word_1_160' title='bbox 1191 2440 1438 2502; x_wconf 85' lang='lat' dir='ltr'><strong>votum.</strong></span> <span class='ocrx_word' id='word_1_161' title='bbox 1472 2433 1663 2524; x_wconf 90' lang='lat' dir='ltr'><strong>(Vide</strong></span> <span class='ocrx_word' id='word_1_162' title='bbox 1689 2431 2093 2520; x_wconf 87' lang='lat' dir='ltr'><strong>Suaresium,</strong></span> <span class='ocrx_word' id='word_1_163' title='bbox 2122 2430 2201 2500; x_wconf 87' lang='lat' dir='ltr'><strong>de</strong></span> <span class='ocrx_word' id='word_1_164' title='bbox 2231 2429 2577 2523; x_wconf 75' lang='lat' dir='ltr'><strong>Reliqione,</strong></span> <span class='ocrx_word' id='word_1_165' title='bbox 2600 2431 2697 2489; x_wconf 74' lang='lat' dir='ltr'><strong>tra·</strong></span> 
     </span>
     <span class='ocr_line' id='line_1_20' title="bbox 465 2545 2699 2640; baseline -0.006 -24"><span class='ocrx_word' id='word_1_166' title='bbox 465 2551 638 2616; x_wconf 86' lang='lat' dir='ltr'><strong>ctatu</strong></span> <span class='ocrx_word' id='word_1_167' title='bbox 671 2549 738 2626; x_wconf 84' lang='lat'><strong>7,</strong></span> <span class='ocrx_word' id='word_1_168' title='bbox 771 2547 816 2616; x_wconf 90' lang='lat' dir='ltr'><strong>l.</strong></span> <span class='ocrx_word' id='word_1_169' title='bbox 864 2547 933 2632; x_wconf 80' lang='lat'><strong>2,</strong></span> <span class='ocrx_word' id='word_1_170' title='bbox 964 2569 1024 2617; x_wconf 91' lang='lat' dir='ltr'><strong>c.</strong></span> <span class='ocrx_word' id='word_1_171' title='bbox 1067 2549 1138 2636; x_wconf 88' lang='grc'><strong>6,</strong></span> <span class='ocrx_word' id='word_1_172' title='bbox 1187 2571 1252 2618; x_wconf 91' lang='lat' dir='ltr'><strong>n.</strong></span> <span class='ocrx_word' id='word_1_173' title='bbox 1291 2549 1385 2640; x_wconf 82' lang='lat'><strong>4.)</strong></span> <span class='ocrx_word' id='word_1_174' title='bbox 1415 2547 1482 2618; x_wconf 81' lang='grc' dir='ltr'><strong>3ο</strong></span> <span class='ocrx_word' id='word_1_175' title='bbox 1532 2547 1923 2640; x_wconf 85' lang='lat' dir='ltr'><strong>Quicunque</strong></span> <span class='ocrx_word' id='word_1_176' title='bbox 1954 2548 2037 2618; x_wconf 89' lang='lat' dir='ltr'><strong>sit</strong></span> <span class='ocrx_word' id='word_1_177' title='bbox 2079 2548 2247 2617; x_wconf 87' lang='lat' dir='ltr'><strong>ritus</strong></span> <span class='ocrx_word' id='word_1_178' title='bbox 2288 2550 2360 2618; x_wconf 90' lang='lat' dir='ltr'><strong>in</strong></span> <span class='ocrx_word' id='word_1_179' title='bbox 2392 2545 2593 2634; x_wconf 84' lang='lat' dir='ltr'><strong>aliqua</strong></span> <span class='ocrx_word' id='word_1_180' title='bbox 2617 2555 2699 2605; x_wconf 87' lang='lat' dir='ltr'><strong>re·</strong></span> 
     </span>
     <span class='ocr_line' id='line_1_21' title="bbox 465 2659 2693 2754; baseline -0.004 -27"><span class='ocrx_word' id='word_1_181' title='bbox 465 2659 842 2750; x_wconf 80' lang='lat' dir='ltr'><strong>ligiosorum</strong></span> <span class='ocrx_word' id='word_1_182' title='bbox 886 2663 1125 2733; x_wconf 78' lang='lat' dir='ltr'><strong>familia</strong></span> <span class='ocrx_word' id='word_1_183' title='bbox 1170 2665 1462 2733; x_wconf 86' lang='lat' dir='ltr'><strong>adhiberi</strong></span> <span class='ocrx_word' id='word_1_184' title='bbox 1510 2665 1762 2746; x_wconf 84' lang='lat' dir='ltr'><strong>solitus,</strong></span> <span class='ocrx_word' id='word_1_185' title='bbox 1803 2669 2005 2754; x_wconf 85' lang='lat' dir='ltr'><strong>potest</strong></span> <span class='ocrx_word' id='word_1_186' title='bbox 2052 2661 2341 2732; x_wconf 88' lang='lat' dir='ltr'><strong>Ecclesia</strong></span> <span class='ocrx_word' id='word_1_187' title='bbox 2369 2660 2693 2730; x_wconf 83' lang='lat' dir='ltr'><strong>decernere,</strong></span> 
     </span>
     <span class='ocr_line' id='line_1_22' title="bbox 470 2771 2701 2869; baseline -0 -28"><span class='ocrx_word' id='word_1_188' title='bbox 470 2781 542 2841; x_wconf 89' lang='lat' dir='ltr'><strong>ut</strong></span> <span class='ocrx_word' id='word_1_189' title='bbox 590 2776 660 2844; x_wconf 91' lang='lat' dir='ltr'><strong>in</strong></span> <span class='ocrx_word' id='word_1_190' title='bbox 717 2783 1044 2866; x_wconf 88' lang='lat' dir='ltr'><strong>posterum</strong></span> <span class='ocrx_word' id='word_1_191' title='bbox 1087 2785 1234 2848; x_wconf 80' lang='lat' dir='ltr'><strong>vota</strong></span> <span class='ocrx_word' id='word_1_192' title='bbox 1283 2779 1459 2848; x_wconf 87' lang='lat' dir='ltr'><strong>illius</strong></span> <span class='ocrx_word' id='word_1_193' title='bbox 1498 2777 1745 2848; x_wconf 79' lang='lat' dir='ltr'><strong>ordinis</strong></span> <span class='ocrx_word' id='word_1_194' title='bbox 1790 2778 2098 2869; x_wconf 80' lang='lat' dir='ltr'><strong>religiosi,</strong></span> <span class='ocrx_word' id='word_1_195' title='bbox 2146 2801 2309 2848; x_wconf 88' lang='lat' dir='ltr'><strong>cum</strong></span> <span class='ocrx_word' id='word_1_196' title='bbox 2354 2778 2464 2848; x_wconf 84' lang='lat' dir='ltr'><strong>illo</strong></span> <span class='ocrx_word' id='word_1_197' title='bbox 2506 2771 2701 2843; x_wconf 85' lang='lat' dir='ltr'><strong>eodem</strong></span> 
     </span>
     <span class='ocr_line' id='line_1_23' title="bbox 469 2891 2698 2988; baseline 0.003 -30"><span class='ocrx_word' id='word_1_198' title='bbox 469 2892 602 2962; x_wconf 82' lang='lat' dir='ltr'><strong>ritu</strong></span> <span class='ocrx_word' id='word_1_199' title='bbox 630 2893 888 2981; x_wconf 88' lang='lat' dir='ltr'><strong>emissa,</strong></span> <span class='ocrx_word' id='word_1_200' title='bbox 935 2896 1066 2962; x_wconf 89' lang='lat' dir='ltr'><strong>sint</strong></span> <span class='ocrx_word' id='word_1_201' title='bbox 1110 2893 1416 2964; x_wconf 86' lang='lat' dir='ltr'><strong>duntaxat</strong></span> <span class='ocrx_word' id='word_1_202' title='bbox 1461 2894 1808 2988; x_wconf 87' lang='lat' dir='ltr'><strong>simplicia.</strong></span> <span class='ocrx_word' id='word_1_203' title='bbox 1848 2891 1929 2962; x_wconf 89' lang='lat' dir='ltr'><strong>Et</strong></span> <span class='ocrx_word' id='word_1_204' title='bbox 1966 2893 2190 2963; x_wconf 89' lang='lat' dir='ltr'><strong>nullus</strong></span> <span class='ocrx_word' id='word_1_205' title='bbox 2230 2902 2327 2964; x_wconf 89' lang='lat' dir='ltr'><strong>est</strong></span> <span class='ocrx_word' id='word_1_206' title='bbox 2362 2893 2478 2984; x_wconf 89' lang='lat' dir='ltr'><strong>qui</strong></span> <span class='ocrx_word' id='word_1_207' title='bbox 2520 2891 2698 2976; x_wconf 60' lang='lat' dir='ltr'><strong>neget,</strong></span> 
     </span>
     <span class='ocr_line' id='line_1_24' title="bbox 471 3007 2703 3102; baseline -0.003 -26"><span class='ocrx_word' id='word_1_208' title='bbox 471 3016 633 3093; x_wconf 76' lang='lat' dir='ltr'><strong>vota,</strong></span> <span class='ocrx_word' id='word_1_209' title='bbox 684 3015 825 3100; x_wconf 89' lang='lat' dir='ltr'><strong>post</strong></span> <span class='ocrx_word' id='word_1_210' title='bbox 874 3009 1255 3102; x_wconf 87' lang='lat' dir='ltr'><strong>hujusmodi</strong></span> <span class='ocrx_word' id='word_1_211' title='bbox 1295 3011 1650 3092; x_wconf 88' lang='lat' dir='ltr'><strong>decretum,</strong></span> <span class='ocrx_word' id='word_1_212' title='bbox 1696 3013 1869 3078; x_wconf 89' lang='lat' dir='ltr'><strong>certo</strong></span> <span class='ocrx_word' id='word_1_213' title='bbox 1917 3008 2247 3100; x_wconf 87' lang='lat' dir='ltr'><strong>simplicia</strong></span> <span class='ocrx_word' id='word_1_214' title='bbox 2292 3009 2427 3078; x_wconf 76' lang='lat' dir='ltr'><strong>fore</strong></span> <span class='ocrx_word' id='word_1_215' title='bbox 2476 3031 2497 3074; x_wconf 68' lang='grc' dir='ltr'>ι</span> <span class='ocrx_word' id='word_1_216' title='bbox 2538 3007 2596 3072; x_wconf 89' lang='lat' dir='ltr'><strong>et</strong></span> <span class='ocrx_word' id='word_1_217' title='bbox 2630 3007 2703 3065; x_wconf 82' lang='lat' dir='ltr'><strong>ta·</strong></span> 
     </span>
     <span class='ocr_line' id='line_1_25' title="bbox 471 3111 2707 3217; baseline -0.005 -28"><span class='ocrx_word' id='word_1_218' title='bbox 471 3141 652 3210; x_wconf 90' lang='lat' dir='ltr'><strong>men,</strong></span> <span class='ocrx_word' id='word_1_219' title='bbox 687 3145 760 3192; x_wconf 82' lang='lat' dir='ltr'><strong>ex</strong></span> <span class='ocrx_word' id='word_1_220' title='bbox 786 3125 1150 3217; x_wconf 77' lang='lat' dir='ltr'><strong>hypothesi,</strong></span> <span class='ocrx_word' id='word_1_221' title='bbox 1183 3124 1394 3195; x_wconf 88' lang='lat' dir='ltr'><strong>adhuc</strong></span> <span class='ocrx_word' id='word_1_222' title='bbox 1424 3126 1493 3193; x_wconf 93' lang='lat' dir='ltr'><strong>in</strong></span> <span class='ocrx_word' id='word_1_223' title='bbox 1520 3145 1750 3194; x_wconf 89' lang='lat' dir='ltr'><strong>eorum</strong></span> <span class='ocrx_word' id='word_1_224' title='bbox 1790 3123 2133 3194; x_wconf 83' lang='lat' dir='ltr'><strong>emissione</strong></span> <span class='ocrx_word' id='word_1_225' title='bbox 2174 3123 2583 3193; x_wconf 87' lang='lat' dir='ltr'><strong>adhiberetur</strong></span> <span class='ocrx_word' id='word_1_226' title='bbox 2615 3111 2707 3182; x_wconf 86' lang='lat' dir='ltr'><strong>ille</strong></span> 
     </span>
     <span class='ocr_line' id='line_1_26' title="bbox 472 3236 2705 3328; baseline 0.001 -27"><span class='ocrx_word' id='word_1_227' title='bbox 472 3236 657 3321; x_wconf 89' lang='lat' dir='ltr'><strong>ritus,</strong></span> <span class='ocrx_word' id='word_1_228' title='bbox 713 3261 1000 3328; x_wconf 89' lang='lat' dir='ltr'><strong>quocum</strong></span> <span class='ocrx_word' id='word_1_229' title='bbox 1050 3247 1233 3309; x_wconf 89' lang='lat' dir='ltr'><strong>antea</strong></span> <span class='ocrx_word' id='word_1_230' title='bbox 1287 3241 1603 3310; x_wconf 88' lang='lat' dir='ltr'><strong>solemnia</strong></span> <span class='ocrx_word' id='word_1_231' title='bbox 1646 3247 1847 3308; x_wconf 87' lang='lat' dir='ltr'><strong>erant.</strong></span> <span class='ocrx_word' id='word_1_232' title='bbox 1916 3237 2086 3328; x_wconf 79' lang='lat' dir='ltr'><strong>Ergo</strong></span> <span class='ocrx_word' id='word_1_233' title='bbox 2142 3237 2535 3320; x_wconf 86' lang='lat' dir='ltr'><strong>solemnitas,</strong></span> <span class='ocrx_word' id='word_1_234' title='bbox 2588 3245 2705 3320; x_wconf 76' lang='lat' dir='ltr'><strong>quae</strong></span> 
     </span>
     <span class='ocr_line' id='line_1_27' title="bbox 470 3353 2705 3447; baseline 0.002 -32"><span class='ocrx_word' id='word_1_235' title='bbox 470 3357 652 3419; x_wconf 87' lang='lat' dir='ltr'><strong>antea</strong></span> <span class='ocrx_word' id='word_1_236' title='bbox 687 3354 924 3441; x_wconf 90' lang='lat' dir='ltr'><strong>aderat,</strong></span> <span class='ocrx_word' id='word_1_237' title='bbox 971 3377 1100 3425; x_wconf 91' lang='lat' dir='ltr'><strong>non</strong></span> <span class='ocrx_word' id='word_1_238' title='bbox 1148 3355 1559 3447; x_wconf 82' lang='lat' dir='ltr'><strong>proveniebat</strong></span> <span class='ocrx_word' id='word_1_239' title='bbox 1596 3377 1673 3424; x_wconf 84' lang='lat' dir='ltr'><strong>ex</strong></span> <span class='ocrx_word' id='word_1_240' title='bbox 1721 3353 1832 3423; x_wconf 89' lang='lat' dir='ltr'><strong>illo</strong></span> <span class='ocrx_word' id='word_1_241' title='bbox 1879 3354 2008 3423; x_wconf 90' lang='lat' dir='ltr'><strong>ritu</strong></span> <span class='ocrx_word' id='word_1_242' title='bbox 2044 3377 2061 3421; x_wconf 72' lang='grc' dir='ltr'><strong><em>ε</em></strong></span> <span class='ocrx_word' id='word_1_243' title='bbox 2104 3353 2397 3445; x_wconf 88' lang='lat' dir='ltr'><strong>alioquin</strong></span> <span class='ocrx_word' id='word_1_244' title='bbox 2444 3361 2705 3444; x_wconf 74' lang='lat' dir='ltr'><strong>perseve-</strong></span> 
     </span>
     <span class='ocr_line' id='line_1_28' title="bbox 473 3470 1702 3559; baseline 0.005 -26"><span class='ocrx_word' id='word_1_245' title='bbox 473 3472 654 3534; x_wconf 86' lang='lat' dir='ltr'><strong>rante</strong></span> <span class='ocrx_word' id='word_1_246' title='bbox 683 3470 838 3553; x_wconf 88' lang='lat' dir='ltr'><strong>ritu,</strong></span> <span class='ocrx_word' id='word_1_247' title='bbox 868 3478 1292 3559; x_wconf 82' lang='lat' dir='ltr'><strong>perseveraret</strong></span> <span class='ocrx_word' id='word_1_248' title='bbox 1312 3470 1702 3540; x_wconf 84' lang='lat' dir='ltr'><strong>solemnitas.</strong></span> 
     </span>
    </p>

    <p class='ocr_par' dir='ltr' id='par_1_6' title="bbox 455 3570 2721 4485">
     <span class='ocr_line' id='line_1_29' title="bbox 560 3570 2709 3676; baseline -0.001 -25"><span class='ocrx_word' id='word_1_249' title='bbox 560 3581 929 3653; x_wconf 79' lang='lat' dir='ltr'><strong>Paorosmo</strong></span> <span class='ocrx_word' id='word_1_250' title='bbox 959 3584 1066 3653; x_wconf 76' lang='lat'><strong>11⁸.</strong></span> <span class='ocrx_word' id='word_1_251' title='bbox 1101 3623 1188 3638; x_wconf 91' lang='lat'><strong>-—</strong></span> <span class='ocrx_word' id='word_1_252' title='bbox 1223 3586 1637 3656; x_wconf 81' lang='lat' dir='ltr'><strong>Solemnitas</strong></span> <span class='ocrx_word' id='word_1_253' title='bbox 1672 3585 1813 3653; x_wconf 84' lang='lat' dir='ltr'><strong>voti</strong></span> <span class='ocrx_word' id='word_1_254' title='bbox 1822 3584 2255 3676; x_wconf 72' lang='lat' dir='ltr'><strong>paupertatis</strong></span> <span class='ocrx_word' id='word_1_255' title='bbox 2287 3605 2423 3652; x_wconf 79' lang='lat' dir='ltr'><strong>non</strong></span> <span class='ocrx_word' id='word_1_256' title='bbox 2445 3570 2709 3649; x_wconf 61' lang='lat' dir='ltr'><strong>consi-etit</strong></span> 
     </span>
     <span class='ocr_line' id='line_1_30' title="bbox 469 3685 2714 3790; baseline -0.005 -24"><span class='ocrx_word' id='word_1_257' title='bbox 469 3699 542 3768; x_wconf 82' lang='lat' dir='ltr'><strong>in</strong></span> <span class='ocrx_word' id='word_1_258' title='bbox 565 3698 929 3770; x_wconf 80' lang='lat' dir='ltr'><strong>traditione</strong></span> <span class='ocrx_word' id='word_1_259' title='bbox 963 3702 1075 3769; x_wconf 79' lang='lat' dir='ltr'><strong>sui</strong></span> <span class='ocrx_word' id='word_1_260' title='bbox 1101 3725 1182 3770; x_wconf 84' lang='lat' dir='ltr'><strong>ac</strong></span> <span class='ocrx_word' id='word_1_261' title='bbox 1205 3724 1481 3771; x_wconf 83' lang='lat' dir='ltr'><strong>suorum</strong></span> <span class='ocrx_word' id='word_1_262' title='bbox 1526 3701 1847 3771; x_wconf 83' lang='lat' dir='ltr'><strong>bonorum</strong></span> <span class='ocrx_word' id='word_1_263' title='bbox 1872 3712 1938 3769; x_wconf 81' lang='lat' dir='ltr'><strong>et</strong></span> <span class='ocrx_word' id='word_1_264' title='bbox 1952 3701 2247 3790; x_wconf 80' lang='lat' dir='ltr'><strong>jurium,</strong></span> <span class='ocrx_word' id='word_1_265' title='bbox 2292 3701 2431 3768; x_wconf 81' lang='lat' dir='ltr'><strong>Deo</strong></span> <span class='ocrx_word' id='word_1_266' title='bbox 2470 3707 2535 3765; x_wconf 80' lang='lat' dir='ltr'><strong>et</strong></span> <span class='ocrx_word' id='word_1_267' title='bbox 2577 3685 2714 3759; x_wconf 84' lang='lat' dir='ltr'><strong>reli·</strong></span> 
     </span>
     <span class='ocr_line' id='line_1_31' title="bbox 469 3810 2709 3907; baseline -0.003 -25"><span class='ocrx_word' id='word_1_268' title='bbox 469 3815 650 3904; x_wconf 78' lang='lat' dir='ltr'><strong>qioso</strong></span> <span class='ocrx_word' id='word_1_269' title='bbox 683 3814 916 3885; x_wconf 77' lang='lat' dir='ltr'><strong>ordini</strong></span> <span class='ocrx_word' id='word_1_270' title='bbox 949 3817 1162 3906; x_wconf 81' lang='lat' dir='ltr'><strong>facta,</strong></span> <span class='ocrx_word' id='word_1_271' title='bbox 1211 3831 1280 3887; x_wconf 79' lang='lat' dir='ltr'><strong>et</strong></span> <span class='ocrx_word' id='word_1_272' title='bbox 1325 3818 1594 3887; x_wconf 78' lang='lat' dir='ltr'><strong>nomine</strong></span> <span class='ocrx_word' id='word_1_273' title='bbox 1634 3818 1756 3887; x_wconf 82' lang='lat' dir='ltr'><strong>Dei</strong></span> <span class='ocrx_word' id='word_1_274' title='bbox 1795 3825 2165 3907; x_wconf 80' lang='lat' dir='ltr'><strong>acceptata.</strong></span> <span class='ocrx_word' id='word_1_275' title='bbox 2214 3851 2307 3866; x_wconf 92' lang='lat'><em>-</em></span> <span class='ocrx_word' id='word_1_276' title='bbox 2352 3810 2709 3904; x_wconf 85' lang='lat' dir='ltr'><strong>Opinionem</strong></span> 
     </span>
     <span class='ocr_line' id='line_1_32' title="bbox 471 3923 2715 4024; baseline -0.004 -28"><span class='ocrx_word' id='word_1_277' title='bbox 471 3947 724 4019; x_wconf 87' lang='lat' dir='ltr'><strong>eorum,</strong></span> <span class='ocrx_word' id='word_1_278' title='bbox 755 3932 874 4022; x_wconf 88' lang='lat' dir='ltr'><strong>qui</strong></span> <span class='ocrx_word' id='word_1_279' title='bbox 899 3933 1026 4002; x_wconf 85' lang='lat' dir='ltr'><strong>voti</strong></span> <span class='ocrx_word' id='word_1_280' title='bbox 1052 3935 1441 4024; x_wconf 84' lang='lat' dir='ltr'><strong>paupertatis</strong></span> <span class='ocrx_word' id='word_1_281' title='bbox 1460 3934 1929 4004; x_wconf 86' lang='lat' dir='ltr'><strong>solemnitatem</strong></span> <span class='ocrx_word' id='word_1_282' title='bbox 1958 3933 2025 4000; x_wconf 90' lang='lat' dir='ltr'><strong>in</strong></span> <span class='ocrx_word' id='word_1_283' title='bbox 2052 3930 2377 4022; x_wconf 82' lang='lat' dir='ltr'><strong>ejusmodi</strong></span> <span class='ocrx_word' id='word_1_284' title='bbox 2404 3923 2715 3997; x_wconf 80' lang='lat' dir='ltr'><strong>traditione</strong></span> 
     </span>
     <span class='ocr_line' id='line_1_33' title="bbox 469 4029 2713 4142; baseline 0.002 -32"><span class='ocrx_word' id='word_1_285' title='bbox 469 4054 816 4134; x_wconf 89' lang='lat' dir='ltr'><strong>reponunt,</strong></span> <span class='ocrx_word' id='word_1_286' title='bbox 845 4049 1104 4141; x_wconf 88' lang='lat' dir='ltr'><strong>exponit</strong></span> <span class='ocrx_word' id='word_1_287' title='bbox 1139 4047 1477 4118; x_wconf 87' lang='lat' dir='ltr'><strong>Suaresius</strong></span> <span class='ocrx_word' id='word_1_288' title='bbox 1514 4048 1620 4141; x_wconf 83' lang='lat' dir='ltr'><strong>(de</strong></span> <span class='ocrx_word' id='word_1_289' title='bbox 1652 4047 2017 4142; x_wconf 76' lang='lat' dir='ltr'><strong>Reliqione,</strong></span> <span class='ocrx_word' id='word_1_290' title='bbox 2063 4051 2333 4115; x_wconf 86' lang='lat' dir='ltr'><strong>tractatu</strong></span> <span class='ocrx_word' id='word_1_291' title='bbox 2362 4044 2432 4130; x_wconf 87' lang='lat'><strong>7,</strong></span> <span class='ocrx_word' id='word_1_292' title='bbox 2471 4040 2631 4108; x_wconf 84' lang='lat' dir='ltr'><strong>libro</strong></span> <span class='ocrx_word' id='word_1_293' title='bbox 2656 4029 2713 4114; x_wconf 71' lang='lat'><strong>2²</strong></span> 
     </span>
     <span class='ocr_line' id='line_1_34' title="bbox 472 4147 2718 4254; baseline -0.003 -26"><span class='ocrx_word' id='word_1_294' title='bbox 472 4179 532 4228; x_wconf 91' lang='lat' dir='ltr'><strong>c.</strong></span> <span class='ocrx_word' id='word_1_295' title='bbox 571 4159 680 4243; x_wconf 80' lang='lat'><strong>12,</strong></span> <span class='ocrx_word' id='word_1_296' title='bbox 723 4183 792 4230; x_wconf 91' lang='lat' dir='ltr'><strong>n.</strong></span> <span class='ocrx_word' id='word_1_297' title='bbox 823 4164 888 4254; x_wconf 87' lang='grc'><strong>9)</strong></span> <span class='ocrx_word' id='word_1_298' title='bbox 929 4165 998 4233; x_wconf 91' lang='lat' dir='ltr'><strong>in</strong></span> <span class='ocrx_word' id='word_1_299' title='bbox 1035 4165 1214 4234; x_wconf 89' lang='lat' dir='ltr'><strong>hunc</strong></span> <span class='ocrx_word' id='word_1_300' title='bbox 1243 4147 1515 4234; x_wconf 87' lang='lat' dir='ltr'><strong>modum</strong></span> <span class='ocrx_word' id='word_1_301' title='bbox 1562 4189 1581 4234; x_wconf 71' lang='grc' dir='ltr'>ε</span> <span class='ocrx_word' id='word_1_302' title='bbox 1618 4191 1655 4232; x_wconf 76' lang='grc' dir='ltr'><em>α</em></span> <span class='ocrx_word' id='word_1_303' title='bbox 1678 4163 1794 4233; x_wconf 84' lang='lat' dir='ltr'><strong>Est</strong></span> <span class='ocrx_word' id='word_1_304' title='bbox 1820 4185 1973 4254; x_wconf 84' lang='lat' dir='ltr'><strong>ergo</strong></span> <span class='ocrx_word' id='word_1_305' title='bbox 2000 4183 2228 4232; x_wconf 88' lang='lat' dir='ltr'><strong>eorum</strong></span> <span class='ocrx_word' id='word_1_306' title='bbox 2258 4158 2510 4252; x_wconf 86' lang='lat' dir='ltr'><strong>opinio,</strong></span> <span class='ocrx_word' id='word_1_307' title='bbox 2544 4151 2718 4240; x_wconf 79' lang='lat' dir='ltr'><strong>hujus</strong></span> 
     </span>
     <span class='ocr_line' id='line_1_35' title="bbox 455 4269 2721 4368; baseline -0.004 -26"><span class='ocrx_word' id='word_1_308' title='bbox 455 4300 515 4368; x_wconf 35' lang='grc' dir='ltr'><strong>,ιι</strong></span> <span class='ocrx_word' id='word_1_309' title='bbox 545 4277 675 4348; x_wconf 79' lang='lat' dir='ltr'><strong>voti</strong></span> <span class='ocrx_word' id='word_1_310' title='bbox 701 4274 1167 4348; x_wconf 86' lang='lat' dir='ltr'><strong>solemnitatem</strong></span> <span class='ocrx_word' id='word_1_311' title='bbox 1197 4281 1545 4349; x_wconf 85' lang='lat' dir='ltr'><strong>consistere</strong></span> <span class='ocrx_word' id='word_1_312' title='bbox 1577 4281 1647 4348; x_wconf 91' lang='lat' dir='ltr'><strong>in</strong></span> <span class='ocrx_word' id='word_1_313' title='bbox 1675 4279 2039 4363; x_wconf 87' lang='lat' dir='ltr'><strong>traditione,</strong></span> <span class='ocrx_word' id='word_1_314' title='bbox 2078 4299 2250 4368; x_wconf 82' lang='lat' dir='ltr'><strong>quae,</strong></span> <span class='ocrx_word' id='word_1_315' title='bbox 2286 4273 2389 4343; x_wconf 80' lang='lat' dir='ltr'><strong>vel</strong></span> <span class='ocrx_word' id='word_1_316' title='bbox 2412 4277 2507 4342; x_wconf 85' lang='lat' dir='ltr'><strong>est</strong></span> <span class='ocrx_word' id='word_1_317' title='bbox 2540 4269 2615 4336; x_wconf 86' lang='lat' dir='ltr'><strong>de</strong></span> <span class='ocrx_word' id='word_1_318' title='bbox 2638 4281 2721 4330; x_wconf 84' lang='lat' dir='ltr'><strong>es·</strong></span> 
     </span>
     <span class='ocr_line' id='line_1_36' title="bbox 479 4375 2721 4485; baseline -0.003 -25"><span class='ocrx_word' id='word_1_319' title='bbox 479 4416 516 4460; x_wconf 71' lang='lat' dir='ltr'><strong>e&lt;</strong></span> <span class='ocrx_word' id='word_1_320' title='bbox 545 4392 746 4462; x_wconf 86' lang='lat' dir='ltr'><strong>sentia</strong></span> <span class='ocrx_word' id='word_1_321' title='bbox 795 4393 960 4481; x_wconf 88' lang='lat' dir='ltr'><strong>ejus,</strong></span> <span class='ocrx_word' id='word_1_322' title='bbox 1005 4394 1101 4462; x_wconf 79' lang='lat' dir='ltr'><strong>vel</strong></span> <span class='ocrx_word' id='word_1_323' title='bbox 1143 4395 1308 4466; x_wconf 88' lang='lat' dir='ltr'><strong>illud</strong></span> <span class='ocrx_word' id='word_1_324' title='bbox 1355 4395 1710 4465; x_wconf 78' lang='lat' dir='ltr'><strong>formaliter</strong></span> <span class='ocrx_word' id='word_1_325' title='bbox 1754 4396 2130 4466; x_wconf 84' lang='lat' dir='ltr'><strong>solemnizat</strong></span> <span class='ocrx_word' id='word_1_326' title='bbox 2176 4394 2277 4485; x_wconf 87' lang='lat' dir='ltr'><strong>(ut</strong></span> <span class='ocrx_word' id='word_1_327' title='bbox 2318 4390 2412 4459; x_wconf 88' lang='lat' dir='ltr'><strong>sic</strong></span> <span class='ocrx_word' id='word_1_328' title='bbox 2460 4375 2721 4466; x_wconf 78' lang='lat' dir='ltr'><strong>dicam);</strong></span> 
     </span>
    </p>
   </div>
  </div>
 </body>
</html>
