2834 4959
377 350 508 413 320
960 350 1302 401 moruus
1338 352 1419 399 ns
1454 350 1606 399 sm
1651 348 2066 398 nemun.

374 506 411 549 α
442 478 699 565 debere,
747 479 823 543 ut
874 472 1050 543 idem
1103 472 1234 541 Leo
1278 480 1499 563 postea
1547 468 1938 555 declaravit,
1979 466 2437 537 constitutione
2483 469 2668 539 edita

374 618 414 662 α
442 594 548 665 die
590 590 805 683 prima
848 586 1068 659 martii
1128 586 1324 657 1518.
1386 586 1496 655 An
1552 590 1771 655 autem
1821 583 2145 675 praedictae
2189 583 2532 674 qualitates
2595 588 2670 653 in

374 736 411 780 α
449 704 826 799 hujusmodi
880 700 1212 773 Tertiariis
1254 706 1670 785 concurrant,
1726 696 2052 768 Ordinarii
2106 698 2236 767 loci
2289 720 2428 769 esse
2477 699 2666 789 judi-

378 850 415 893 «
440 826 645 896 cium.

460 964 501 1005 a
532 936 864 1018 Proeterea,
916 932 974 1001 si
1026 934 1383 1024 contingat,
1467 932 1715 1023 aliquas
1789 950 1867 999 ex
1927 928 2246 1022 praedictis
2321 928 2664 999 Tertiariis

378 1082 415 1123 α
441 1055 581 1123 sine
642 1050 986 1139 sepulturae
1030 1048 1342 1119 electione
1402 1046 1731 1126 decedere,
1789 1066 1894 1114 eas
1939 1044 2034 1113 sic
2081 1043 2494 1131 decedentes,
2581 1046 2666 1113 ita

372 1196 412 1238 α
442 1171 712 1240 demum
757 1166 827 1233 in
860 1162 1148 1233 ecelesiis
1196 1160 1490 1250 Ordinis,
1537 1163 1726 1253 cujus
1775 1160 2078 1230 habiturn
2128 1168 2660 1250 assumpserunt,

375 1313 413 1355 a
444 1286 500 1356 si
530 1288 603 1353 in
629 1282 788 1375 ipsis
824 1300 1049 1349 earum
1092 1278 1466 1347 communis
1510 1276 1841 1367 sepultura
1881 1275 2258 1367 reperiatur,
2287 1276 2392 1344 sin
2423 1280 2660 1347 minus

377 1423 414 1466 α
441 1396 514 1467 in
559 1392 845 1463 ecclesiis
886 1388 1373 1481 parochialibus
1408 1388 1802 1479 sepeliendas
1847 1408 1981 1455 esse
2024 1386 2342 1457 decernit.
2467 1397 2470 1400 ’

466 1538 501 1579 α
527 1506 985 1601 Superioribus
1028 1508 1243 1573 autem
1303 1502 1746 1592 regularibus,
1817 1500 2167 1572 sufficienti
2213 1500 2516 1569 facultate
2575 1502 2659 1569 ad

376 1655 413 1698 α
436 1630 507 1699 id
550 1650 589 1695 a
642 1624 789 1695 sede
841 1619 1211 1715 Apostolica
1260 1617 1543 1689 suffultis
1601 1616 2010 1709 (Capuccinis
2081 1616 2368 1708 exceptis)
2447 1616 2654 1685 licere

386 1770 423 1812 a
450 1742 753 1815 mulieres
800 1738 883 1808 ad
929 1736 1309 1828 hujusmodi
1358 1734 1657 1803 habitum
1725 1735 2036 1826 recipere,
2085 1740 2277 1825 atque
2329 1732 2412 1801 ad
2467 1732 2642 1824 ipsos

384 1884 421 1927 a
446 1854 757 1926 vestiendi
806 1874 911 1923 eas
972 1850 1267 1923 officium
1314 1852 1661 1941 pertinere,
1725 1870 1859 1919 non
1923 1854 2142 1919 autem
2195 1848 2277 1917 ad
2335 1846 2562 1916 habitu
2581 1870 2652 1915 m

380 1998 417 2040 a
444 1969 895 2054 admittendas,
970 1971 1034 2035 et
1102 1963 1505 2056 recipiendas
1561 1983 1722 2049 oese,
1779 1962 1905 2032 nisi
1970 1962 2255 2054 probatae
2328 1959 2503 2044 vitae,
2587 1983 2658 2031 ac

386 2113 423 2155 α
450 2088 641 2155 bonis
705 2082 996 2152 moribus
1056 2080 1377 2169 praeditas,
1443 2085 1634 2168 atque
1699 2080 1772 2147 in
1833 2082 2015 2148 aetate
2087 2076 2316 2147 saltem
2381 2078 2652 2168 quadra·

393 2227 430 2270 ι
454 2201 633 2289 ginta
674 2218 997 2267 annorum
1043 2195 1441 2277 constitutas,
1493 2216 1640 2283 quae
1685 2196 1766 2263 de
1806 2194 2067 2286 proprio
2112 2194 2422 2281 habeant,
2485 2192 2658 2263 unde

392 2340 428 2382 α
454 2312 844 2383 sufficienter
875 2311 1091 2378 vivere
1120 2308 1390 2398 possint,
1431 2313 1495 2375 et
1519 2328 1652 2378 non
1692 2292 1848 2379 cum
1871 2310 2014 2379 aliis
2051 2310 2234 2391 viris,
2265 2330 2471 2400 qnam
2509 2330 2654 2380 cum

394 2456 430 2497 α
456 2425 978 2516 consanguineis,
1046 2420 1145 2491 vel
1192 2422 1498 2490 affinibus
1545 2424 1618 2492 in
1680 2426 1893 2515 primo
1957 2432 2214 2495 tantum
2273 2426 2488 2515 gradu
2537 2426 2654 2495 sibi

332 2588 345 2605 .
380 2570 417 2611 a
452 2540 820 2631 conjunctis
861 2535 1252 2623 cohabitent,
1302 2538 1498 2607 etiam
1532 2539 1616 2607 ab
1642 2536 1979 2610 Ordinario
2003 2539 2132 2611 loci
2160 2540 2418 2610 licentia
2473 2543 2654 2633 prius

392 2687 427 2727 α
458 2661 824 2751 impetrata,
868 2659 933 2723 et
970 2652 1085 2745 qui
1128 2672 1259 2722 non
1286 2653 1472 2723 aliter
1499 2675 1643 2725 eam
1675 2655 2004 2738 concedat,
2031 2656 2158 2726 nisi
2185 2656 2264 2727 de
2291 2656 2648 2748 praedictis,

388 2800 423 2842 a
462 2772 701 2868 praevio
725 2768 1025 2841 examine
1053 2769 1351 2861 diligenti
1376 2771 1502 2839 sibi
1529 2772 1904 2841 constiterit.

470 2916 509 2959 «ι
535 2891 789 2961 Verum
830 2889 899 2957 in
944 2886 1325 2976 hujusmodi
1376 2886 1603 2955 habitu
1675 2886 2112 2974 concedendo,
2165 2895 2228 2957 et
2293 2887 2646 2977 respective

376 3032 413 3073 ι(
444 3005 787 3075 deferendo
834 3000 1105 3073 omnino
1156 3022 1195 3069 a
1241 3001 1385 3071 velo
1428 3022 1622 3093 supra
1677 3008 1898 3093 caput,
1965 3002 2142 3093 quod
2203 3002 2504 3094 suprajec
2521 3011 2658 3072 tum

377 3146 413 3189 ε(
440 3126 693 3209 vocant,
750 3142 789 3187 a
834 3114 1137 3209 pectorali
1186 3115 1359 3205 qued
1409 3116 1608 3207 vulgo
1654 3115 1895 3187 dicitur
1939 3117 2272 3209 sottogola,
2321 3125 2386 3187 et
2438 3140 2477 3187 a
2533 3139 2644 3209 pa-

383 3262 417 3303 «
444 3236 669 3305 tientia
704 3229 1162 3305 abstinendum
1202 3251 1366 3319 esse3
1420 3229 1720 3319 quinimo
1765 3253 1870 3301 eas
1905 3254 2054 3323 quae
2081 3234 2442 3324 supradicta
2491 3232 2640 3311 tria,

387 3376 423 3416 α
448 3350 551 3417 vel
579 3348 835 3439 aliquod
880 3349 1171 3439 ipsorum
1200 3344 1449 3415 deferre
1507 3346 1921 3438 deprebensae
1967 3349 2234 3435 fuerint,
2278 3348 2392 3418 illa
2425 3346 2646 3416 dimit·

386 3490 422 3533 «
448 3472 607 3547 tere,
638 3465 831 3533 etiam
868 3484 982 3555 per
1017 3482 1321 3533 censuras
1355 3460 1811 3533 ecclesiasticas
1837 3465 1922 3533 ab
1954 3461 2316 3535 ordinariis
2345 3463 2636 3534 locorum

382 3610 418 3649 α
445 3578 922 3671 compellendas
944 3598 1077 3646 esse
1106 3576 1416 3647 decernit.

467 3722 505 3763 a
544 3694 947 3788 Supradictis
998 3712 1147 3762 vero
1196 3693 1490 3778 decretis,
1551 3695 1854 3767 mulieres
1910 3694 2114 3765 Tertii
2161 3694 2454 3783 OrdiniS‚
2503 3714 2644 3785 quae

385 3836 420 3878 α
444 3810 859 3901 collegialiter
879 3806 1135 3891 vivunt,
1182 3828 1315 3877 non
1370 3809 1858 3900 comprehendi,
1910 3812 2214 3902 quinimo
2255 3832 2366 3880 eas
2427 3808 2646 3900 dispo·

382 3951 418 3991 ι(
444 3928 663 3994 sitioni
698 3922 1174 3995 constitutionis
1214 3920 1317 3991 Pii
1358 3922 1546 4015 Papae
1589 3924 1678 4009 V,
1723 3926 1908 3996 editae
1953 3926 2172 3997 Romae
2213 3946 2389 3997 anno
2447 3924 2636 4007 1566.

380 4070 415 4112 ι(
444 4046 487 4115 4
513 4044 807 4115 calendas
838 4044 1018 4135 julii,
1065 4064 1211 4135 quae
1255 4042 1486 4135 incipit
1523 4042 1720 4115 Circa
1755 4047 2152 4137 pastoralis,
2185 4049 2445 4140 penitus
2483 4044 2634 4118 sub-

375 4166 669 4253 «jacere,
724 4182 1020 4253 expresse
1071 4160 1376 4244 declarat,
1429 4182 1564 4229 non
1599 4161 1997 4235 obstantibus
2039 4165 2544 4257 quibuscunque
2573 4162 2638 4229 in

374 4302 409 4343 α
434 4277 833 4348 contrarium
862 4277 1267 4347 facientibus.
1299 4277 1461 4347 Data
1491 4276 1710 4349 Romae
1745 4280 1832 4350 20
1857 4280 2222 4351 decembris
2249 4304 2328 4349 an
2339 4282 2406 4349 ni
2443 4276 2633 4347 1616.

382 4414 417 4455 α
451 4430 539 4444 -
566 4395 890 4462 Antonius
919 4391 1280 4462 Cardinalis
1306 4392 1592 4464 Saulius,
1638 4421 1673 4461 w

2799 3126 2802 3193 ἱ

2799 3228 2802 3269 ι
