2834 4959
365 341 487 399 584
928 351 1266 398 moruus
1305 349 1386 398 nr.
1430 351 1580 398 mna
1628 345 2037 398 anonumum.

349 482 692 562 praetextu
745 495 788 538 a
823 469 1215 561 parentibus
1255 471 1363 540 vel
1408 470 1803 561 propinquis
1856 482 1979 537 aut
2018 469 2452 540 curatoribus
2488 474 2641 562 ejus

360 585 756 655 monasterio
782 585 1044 677 aliquid
1065 609 1147 656 ex
1194 587 1376 656 bonis
1417 585 1709 678 ejusdem
1746 585 2094 654 tribuatur
2106 605 2139 670 ;
2166 609 2253 654 ne
2280 587 2398 655 hac
2444 612 2641 657 oeca-

359 701 540 770 sione
574 699 892 770 discedere
919 715 1226 794 nequeat,
1247 701 1425 794 quod
1448 714 1660 770 totam
1684 702 1790 770 vel
1830 701 2157 792 majorem
2180 714 2454 794 partem
2476 705 2633 773 sub-

358 818 626 888 stantiae
650 839 784 886 suoe
811 818 1286 886 monasterium
1311 816 1669 909 possideat,
1720 839 1837 885 nec
1876 816 2111 907 facile,
2164 817 2227 885 si
2248 817 2637 895 discesserit,

361 936 434 1006 id
453 959 836 1028 recuperare
853 937 1082 1028 possit.
1118 936 1294 1020 Quin
1333 937 1570 1028 potius
1595 937 1909 1028 proeeipit
1933 947 2169 1004 sancta
2194 935 2499 1026 synodus
2526 939 2640 1006 sub

359 1052 804 1122 anathematis
823 1075 1024 1145 poena
1061 1051 1382 1120 dantibus
1405 1064 1471 1120 et
1498 1051 1983 1143 recipientibus,
2008 1074 2092 1118 ne
2118 1051 2241 1120 lzoe
2269 1053 2421 1120 ullo
2442 1051 2640 1122 modo

357 1169 490 1260 fiat
495 1189 526 1255 ;
545 1181 610 1238 et
647 1181 726 1237 ut
771 1167 1162 1238 abeuntibus
1207 1181 1362 1236 ante
1381 1167 1857 1260 professionem
1914 1165 2143 1234 omnia
2190 1168 2643 1235 restituantur

359 1307 506 1375 quoe
540 1306 664 1353 sua
693 1297 908 1354 erant.
959 1283 1152 1367 Quod
1182 1295 1260 1352 ut
1281 1297 1453 1352 reete
1471 1284 1625 1372 fiat,
1661 1281 2049 1373 Episcopus,
2064 1283 2287 1350 ’etiam
2324 1306 2457 1373 per
2484 1305 2635 1352 cen-

359 1422 548 1468 suras
593 1399 1079 1478 ecclesiasticas,
1107 1397 1170 1466 si
1191 1421 1354 1490 opus
1373 1398 1607 1489 fuerit,
1655 1397 2036 1488 compellat.

448 1514 632 1584 Circa
659 1514 838 1582 illam
867 1512 1309 1581 Tridentinam
1361 1513 1576 1600 legem
1624 1511 1801 1580 haud
1827 1533 2047 1603 paucae
2076 1517 2222 1579 ortae
2266 1519 2423 1578 sunt
2452 1535 2639 1602 ‹112ae-

359 1627 594 1696 stiones
615 1635 676 1695 et
694 1627 1095 1696 difficultates
1115 1652 1132 1714 3
1154 1629 1233 1697 de
1259 1627 1499 1718 quibus
1519 1629 1589 1695 in
1622 1627 2039 1717 sequentibus
2050 1627 2623 1718 propositionibus,

449 1742 823 1811 Pnorosrno
869 1743 972 1812 11⁸.
1023 1779 1114 1796 —
1173 1747 1312 1811 Lea·
1349 1742 1736 1811 Tridentino
1789 1765 1926 1811 non
1966 1740 2271 1812 censenda
2308 1752 2399 1809 est
2436 1765 2629 1809 com-

368 1855 762 1962 grehendere
809 1858 1353 1946 renuntiationes,
1381 1869 1758 1926 contractus
1782 1869 1846 1926 et
1869 1869 2102 1949 pacta,
2135 1855 2367 1946 quibus
2394 1857 2641 1924 novitii

369 1972 540 2041 bona
567 1973 947 2043 notabiliter
973 1996 1105 2043 non
1143 1973 1575 2042 minuuntur.
1614 2013 1701 2026 -
1740 2000 1771 2038 α
1794 1971 1974 2041 Ratio
2004 1972 2369 2040 desumitur
2408 1993 2487 2038 ex
2518 1971 2643 2038 fine

377 2113 409 2155 α
437 2089 798 2158 Tridentini
833 2091 1161 2182 (concilii),
1212 2113 1408 2182 quem
1454 2092 1577 2158 hoc
1605 2112 1721 2158 suo
1749 2090 2001 2157 decreto
2034 2087 2313 2156 intendit
2344 2113 2363 2154 ε
2394 2085 2641 2154 volebat

381 2229 415 2269 α
459 2205 636 2270 enim
687 2225 802 2293 per
847 2206 970 2272 hoc
1021 2227 1220 2274 suum
1267 2205 1601 2274 decretum
1641 2211 1876 2272 sartam
1930 2208 2162 2272 tectam
2214 2222 2462 2270 servare
2520 2221 2639 2267 no-

375 2343 410 2384 «
441 2318 582 2386 vitii
611 2318 970 2386 libertatem
1014 2320 1374 2389 revertendi
1421 2321 1501 2388 ad
1528 2319 1838 2388 saeculum
1874 2342 1890 2387 :
1932 2323 2075 2389 haec
2102 2321 2325 2386 autem
2356 2317 2641 2385 multum

377 2455 413 2496 «
447 2431 771 2499 minuitur
821 2455 936 2522 per
985 2435 1522 2514 renuntiationes,
1572 2441 1757 2524 pacta
1836 2441 1899 2502 et
1958 2439 2349 2518 contractus,
2408 2431 2643 2521 quibus

375 2571 412 2610 ε(
439 2545 610 2612 hona
630 2553 691 2612 et
709 2548 860 2636 Jura
885 2548 1282 2617 novitiorum
1327 2549 1697 2617 notabiliter
1738 2551 2129 2630 minuuntur
2166 2573 2182 2616 ε
2216 2569 2353 2616 non
2390 2545 2645 2615 minui-

377 2683 412 2724 «
447 2664 556 2727 tur
629 2683 744 2751 per
807 2669 1167 2732 contractus
1219 2670 1283 2732 et
1343 2671 1549 2756 pacta,
1610 2664 1850 2754 quibus
1922 2665 2029 2734 illa
2086 2664 2465 2732 notabiliter
2523 2683 2643 2730 non

377 2801 412 2842 α
445 2777 835 2845 minuuntur
887 2801 903 2846 :
936 2799 1114 2868 ergo,
1157 2804 1192 2844 n
1233 2778 1853 2870 (Schmalzgrueber,
1878 2782 1948 2848 in
1996 2778 2261 2848 titulum
2302 2777 2391 2846 de
2446 2781 2645 2868 Requ-

361 2880 659 2973 taribus,
690 2916 758 2960 n.
809 2892 950 2984 99.)

457 3007 551 3075 Ex
611 3008 734 3078 hae
789 3010 1074 3078 doctrina
1143 3013 1573 3081 communiter
1622 3012 1901 3081 admissa
1946 3011 2367 3079 inferendum
2424 3011 2639 3079 venit:

379 3123 440 3190 1⁰
483 3123 724 3192 validas
771 3146 904 3193 esse
949 3126 1317 3195 donationes
1369 3134 1431 3194 et
1480 3128 1916 3216 eleemosynas
1961 3149 2011 3195 a.
2045 3127 2289 3195 novitio
2340 3128 2647 3218 pauperi-

371 3237 519 3323 buS‚
561 3239 717 3307 locis
757 3239 905 3331 piis,
935 3247 996 3307 et
1029 3239 1154 3330 ipsi
1180 3242 1373 3310 etiam
1420 3245 1806 3311 monasterio
1850 3243 2069 3329 factaS,
2100 3243 2155 3309 si
2194 3239 2462 3308 modiooe
2510 3241 2645 3309 illae

369 3351 502 3420 sint
554 3353 813 3421 relative
867 3355 944 3422 ad
1003 3355 1169 3424 hona
1215 3357 1463 3426 novitii.
1532 3357 1597 3424 2⁰
1654 3357 1816 3427 Item
1866 3357 2077 3426 valere
2124 3355 2428 3426 censendi
2486 3362 2647 3424 sunt

374 3472 734 3536 contractus
805 3471 1171 3563 emptionis,
1251 3471 1663 3558 venditionis,
1726 3471 2088 3552 locationiS,
2166 3472 2641 3553 conductionis,

373 3585 889 3673 permutationis,
934 3586 1269 3673 societatis,
1325 3594 1387 3656 et
1438 3588 1549 3657 alii
1600 3587 1869 3677 similes,
1918 3586 2156 3678 quibus
2226 3608 2362 3655 non
2430 3587 2645 3655 minus

371 3681 692 3789 recipitur¹
715 3723 911 3790 quam
938 3700 1151 3788 datur,
1201 3711 1264 3770 et
1309 3723 1441 3771 non
1496 3705 1711 3772 minor
1740 3725 1881 3795 spes
1934 3703 2104 3771 lucri
2168 3723 2371 3792 quam
2424 3701 2644 3771 damni

367 3813 562 3882 adest.
634 3813 702 3884 3⁰
756 3815 914 3884 Item
983 3817 1198 3885 valent
1275 3823 1680 3902 testamenta,
1771 3816 2079 3903 codicilli,
2138 3820 2202 3886 et
2264 3816 2645 3884 donationes

375 3931 602 3999 mortis
660 3954 882 4017 causa3
939 3935 1092 4022 quia
1147 3934 1347 4003 libere
1420 3933 1707 4004 revocari
1780 3939 2047 4025 possunt
2130 3932 2299 4024 (vide
2380 3933 2637 4001 citatum

365 4053 723 4130 auctorem,
752 4049 942 4138 ibid„
983 4074 1052 4119 n.
1110 4051 1236 4121 100
1263 4058 1326 4120 et
1369 4051 1544 4142 ¹01).
1605 4051 1757 4121 Haec
1806 4052 1984 4119 enim
2024 4048 2245 4119 omnia
2298 4045 2633 4116 notabilem

363 4162 432 4230 in
458 4162 646 4232 bonis
673 4168 898 4236 novitii
926 4168 1426 4238 diminutionem
1453 4188 1586 4237 non
1612 4167 1972 4254 inducunt3
2004 4165 2273 4256 proinde
2296 4163 2400 4232 illa
2426 4157 2637 4228 valide

358 4276 564 4348 facere
587 4283 818 4372 poterit
847 4285 1150 4372 novitiuS,
1183 4305 1316 4355 non
1353 4285 1615 4354 servatis
1640 4281 2010 4351 Tridentini
2042 4279 2279 4350 decreti
2314 4275 2639 4371 praesulip-

352 4391 658 4466 tionibus.
