2834 4959
1085 364 1238 411 mas
1287 360 1552 419 eumn.
1952 295 2013 361 ⁹
2319 352 2437 409 671

163 506 218 555 a
277 484 480 555 nullis
543 482 774 555 Gallioe
837 484 1228 555 monialibus
1290 480 1617 553 observari
1678 479 1969 572 proel‘atas
2024 482 2445 565 conditiones,

159 602 362 673 circa
399 600 883 671 educandamm
920 602 1286 693 puellarum
1317 598 1779 687 receptionem.
1814 653 1827 669 .

267 716 560 799 Quasi-io
587 718 730 786 111⁸.
763 752 856 770 --
885 716 1068 800 Quid
1087 712 1569 785 observandum
1604 712 1697 779 sit
1720 711 1943 803 quoad
1958 713 2341 804 puellarum
2376 716 2451 785 in

153 846 513 903 conventu
538 832 953 903 educationis
979 854 1180 901 causa
1209 828 1613 921 deflentium,
1656 828 2167 899 matrimonium
2204 843 2269 899 et
2298 830 2445 901 des-

137 950 691 1039 ponsationem?
715 984 804 1001 -
838 947 1072 1029 1⁰Quae
1099 948 1324 1014 volunt
1351 943 1843 1013 matrimonium
1867 944 2265 1032 contrahere,
2298 946 2440 1017 des-

154 1066 445 1154 ponsari
474 1062 707 1132 debent
723 1069 898 1131 extra
916 1063 1311 1143 clausuram,
1335 1061 1547 1127 necin
1563 1082 1705 1129 eam
1732 1066 1871 1151 post
1895 1060 2451 1150 desponsationem

155 1179 389 1248 redire
437 1184 728 1268 possunt,
757 1176 1000 1266 absque
1049 1176 1215 1245 sedis
1260 1174 1639 1266 Apostolicae
1686 1175 1945 1243 obtenta
1992 1176 2270 1246 licentia.
2318 1176 2445 1247 Su-

163 1294 529 1385 periorissa
567 1314 715 1384 quae
760 1291 1071 1385 permittit
1115 1290 1513 1382 sponsalium
1558 1290 2069 1359 instrumentum
2100 1313 2254 1361 cum
2291 1290 2453 1359 edu·

165 1407 388 1476 canda
427 1406 566 1475 fieri
616 1406 697 1475 ad
737 1412 964 1490 crates,
995 1405 1338 1495 deponitur
1382 1402 1466 1472 ab
1524 1402 1763 1489 officio,
1798 1426 2081 1495 voceque
2129 1406 2337 1475 activa
2388 1411 2452 1473 et

167 1524 436 1615 passiva
479 1521 788 1613 privatur.
823 1520 892 1589 2ο
921 1518 1256 1610 Ejusmodi
1302 1519 1535 1610 puellis
1577 1521 1821 1589 nubere
1874 1520 2237 1591 volentibus
2288 1520 2453 1591 liber

163 1636 390 1707 exitus
419 1637 703 1729 permitti
727 1636 916 1707 debet
937 1635 1114 1729 (vide
1161 1634 1335 1725 apud
1375 1632 1683 1719 Feri-aris,
1713 1632 1798 1705 V.
1829 1634 2182 1725 Moniales,
2213 1642 2333 1706 art.
2372 1641 2438 1725 1,

173 1776 253 1821 n.
287 1753 378 1822 30
397 1760 461 1820 et
490 1751 680 1842 seq.).
2384 1740 2395 1761 ’

273 1865 560 1946 Qufflsuo
587 1866 730 1937 1V·.
763 1904 853 1919 -
884 1865 1065 1950 Quid
1088 1864 1573 1935 observandum
1596 1867 1688 1935 sit
1714 1867 1891 1935 circa
1916 1864 2133 1934 dictas
2156 1866 2448 1957 puellas,

183 1980 416 2069 quoad
454 1983 980 2051 communionem
1025 1982 1439 2072 paschalem,
1490 1983 1836 2069 viaticum,
1879 1994 2245 2050 extremam
2292 2004 2454 2051 unc-

189 2096 440 2163 tionem
475 2106 540 2162 et
563 2096 974 2187 sepulturam
996 2101 1031 2164 P
1055 2134 1145 2149 -
1165 2096 1311 2167 Huc
1339 2097 1505 2167 redit
1528 2097 1905 2187 gravissima
1931 2096 2223 2185 quaestio,
2252 2119 2453 2187 quam

185 2230 390 2299 supra
415 2210 589 2299 (sect.
616 2210 686 2294 3,
707 2232 846 2303 cap.
867 2211 936 2294 2,
963 2236 1028 2305 q.
1059 2214 1174 2305 xi),
1201 2212 1652 2305 expendimus,
1680 2232 1843 2280 num
1864 2210 2107 2281 scilicet
2120 2212 2443 2301 ejusmodi

184 2324 446 2411 puellae,
478 2326 638 2392 sicut
679 2334 742 2395 et
775 2330 1052 2417 juvenes
1098 2328 1162 2396 in
1206 2328 1659 2419 religiosorum
1702 2326 1989 2418 collegiis
2034 2326 2457 2417 convictoreS,

179 2458 220 2506 a
261 2437 404 2527 lege
455 2440 796 2529 parochias,
823 2444 1038 2530 quoad
1080 2443 1250 2511 dicta
1275 2446 1664 2513 eximantur.
1696 2439 1862 2511 Vide
1890 2444 2159 2511 citatum
2190 2443 2412 2513 locum
2440 2496 2455 2513 .

185 2552 310 2621 Hic
351 2557 672 2631 nonnulla
709 2560 964 2624 tantum
1015 2558 1188 2623 circa
1225 2561 1471 2645 puellas
1526 2561 2066 2629 monasteriorum
2106 2560 2449 2630 adnotabi-

187 2688 358 2736 mus.
398 2669 460 2736 1⁰
486 2668 580 2739 Ex
631 2668 772 2758 lege
821 2667 1136 2738 clausurae
1185 2677 1360 2737 certo
1409 2670 1699 2755 sequitur
1734 2692 1868 2738 non
1921 2674 2149 2758 teneri,
2180 2675 2313 2744 imo
2344 2696 2463 2747 nec
2538 2710 2545 2715 ·

185 2786 355 2855 licite
388 2810 568 2877 posse
613 2788 810 2857 dictas
851 2786 1098 2875 puellas
1141 2784 1675 2853 communionem
1723 2789 2085 2876 paschalem
2116 2792 2334 2861 -sacere
2382 2792 2451 2859 in

183 2904 540 2991 parochiali
565 2904 860 2987 ecclesia3
907 2904 1233 2992 siquidem
1259 2901 1417 2993 ipsis
1460 2901 1825 2969 clausuram
1855 2904 2075 2991 egredi
2104 2926 2235 2972 non
2264 2904 2437 2973 licet.

185 3016 254 3083 2ο
285 3016 454 3087 Cum
494 3018 579 3086 ob
612 3018 907 3088 eamdem
950 3020 1264 3089 clausura>
1295 3020 1502 3106 legem
1536 3018 1813 3107 parocho
1831 3020 1940 3107 jus
1968 3040 2100 3085 non
2129 3024 2448 3108 competat

187 3134 654 3201 monasterium
701 3132 980 3223 ingredi,
1013 3156 1088 3201 ex
1125 3133 1248 3201 hoc
1281 3134 1419 3222 ipso
1462 3130 1860 3199 censendum
1888 3138 1982 3201 est
2008 3132 2128 3221 ipsi
2162 3131 2453 3201 ablatum

180 3256 293 3342 jus
318 3251 626 3319 viaticum
649 3257 712 3318 et
736 3258 1088 3319 extremam
1119 3254 1485 3319 unctionem
1514 3249 1702 3317 dictis
1733 3250 1964 3339 puellis
1992 3250 2405 3320 ministrandi
2437 3276 2453 3319 ε

187 3366 364 3436 unde
401 3366 611 3457 quoad
655 3367 778 3435 hoc
845 3366 1271 3434 confessarius
1322 3363 1731 3444 monialium,
1785 3363 1864 3431 ad
1930 3375 2324 3435 sacramenta
2374 3368 2443 3436 in

187 3483 576 3552 monasterio
614 3481 1039 3549 ministranda
1075 3480 1413 3571 deputatus
1446 3488 1763 3565 censetur,
1793 3484 1855 3545 et
1901 3478 2222 3549 dictat-um
2266 3483 2458 3572 puel-

187 3599 401 3667 larum
449 3596 1008 3687 quasi-parochus.
1037 3598 1104 3664 3⁰
1139 3595 1346 3663 Etiam
1375 3596 1448 3663 in
1478 3594 1900 3663 conventibus
1928 3616 2061 3663 non
2106 3600 2456 3687 exemptiS,

187 3720 246 3782 et
279 3712 393 3780 ubi
433 3712 746 3781 moniales
768 3720 914 3787 vota
961 3711 1274 3781 solemnia
1320 3733 1451 3780 non
1498 3711 1761 3790 habent,
1816 3732 1935 3779 nec
1994 3709 2213 3802 Papali
2260 3712 2437 3781 clau-

187 3848 352 3898 surae
394 3828 754 3918 subjacent,
797 3827 1046 3896 obtinet
1087 3827 1473 3917 generaliter
1510 3828 1746 3925 praxis,
1792 3826 1873 3893 ab
1925 3824 2284 3897 ordinariis
2325 3826 2445 3897 fir-

191 3947 388 4025 mata,
441 3950 514 4009 ut
559 3941 872 4009 viaticum
898 3949 961 4008 et
995 3950 1274 4011 extrema
1317 3941 1540 4010 unctio
1566 3942 1753 4009 dictis
1788 3942 2023 4031 puellis
2058 3941 2462 4011 ministretur

192 4076 228 4123 a
264 4055 596 4146 capellano
637 4077 752 4124 seu
797 4058 1184 4125 confessario
1229 4062 1602 4127 conventus.
1660 4056 1793 4125 Nec
1834 4056 2110 4127 dubium
2151 4064 2245 4127 est
2284 4060 2446 4147 quin

191 4175 382 4261 possit
415 4169 770 4263 Episcopus
815 4171 1061 4261 puellas
1107 4172 1253 4240 istas
1295 4194 1332 4241 a
1359 4174 1499 4262 lege
1525 4173 1905 4257 parochiali,
1927 4172 2139 4265 quoad
2168 4173 2293 4242 hoc
2322 4173 2460 4242 exi-

195 4308 401 4369 mere;
458 4308 590 4356 non
638 4305 822 4354 secus
875 4306 949 4353 ac
993 4288 1062 4353 in
1117 4286 1539 4377 hospitalibus
1587 4292 1972 4358 constituere
2012 4294 2215 4381 potest
2250 4288 2451 4379 capel·

190 4403 410 4521 lanum
451 4404 566 4493 qui
601 4402 684 4473 sit
724 4402 1286 4494 quasi-parochus,
1315 4410 1379 4471 et
1417 4404 1525 4471 cui
1570 4410 1917 4496 competat,
1944 4404 2197 4475 excluso
2256 4426 2441 4493 paro-
