2834 4959
61 4534 184 4921 h

471 312 552 368 'u
1049 323 1392 380 mcuws
1436 324 1519 371 nt.
1560 323 1711 370 ³118ss
1754 320 2175 373 assummum

467 442 734 535 proinde
761 444 883 513 erit
927 444 1006 513 ad
1061 446 1563 515 matrimonium
1597 444 1808 515 valide
1856 442 2367 514 contrahendum
2396 442 2685 510 inhabilis.

465 558 760 649 Cumque
801 560 940 629 haec
979 560 1352 629 inhabilitas
1405 561 1673 651 signum
1720 564 1973 629 certum
2010 560 2093 627 sit
2140 556 2538 627 solemnitatis
2586 556 2693 623 voti

469 676 792 764 castitatis,
865 674 1392 745 concludendum
1436 676 1825 759 existimant,
1872 674 2031 744 dicti
2084 674 2213 745 voti
2274 670 2693 741 solemnitatem

469 788 636 857 nihil
686 787 864 858 aliud
903 810 1037 859 esse
1065 810 1266 879 quam
1309 790 1493 858 illam
1524 790 1735 879 ipsam
1773 788 2222 876 traditionem;
2258 808 2401 879 quae
2422 805 2629 874 nempe
2650 785 2695 850 si

467 910 686 973 votum
741 907 1040 975 castitatis
1093 905 1458 987 comitetur,
1516 913 1742 975 votum
1785 905 1952 975 illud
1992 928 2070 975 ex
2128 906 2252 975 hoc
2290 904 2427 996 ipso
2460 898 2697 970 solemne

471 1012 631 1096 erit;
673 1013 905 1082 sivero
933 1034 1064 1083 non
1093 1011 1489 1102 adiungatur
1531 1020 1679 1082 voto
1718 1012 2043 1095 castitatis,
2072 1018 2297 1081 votum
2349 1008 2503 1078 illud
2528 1025 2696 1074 rema·

471 1125 650 1195 nebit
693 1126 984 1217 simplex.
1035 1124 1232 1216 quue
1283 1128 1614 1216 continget
1660 1148 1738 1195 ex
1780 1129 1929 1217 jure
1980 1127 2247 1207 divino;
2299 1123 2598 1217 siquidem
2638 1138 2695 1185 ex

471 1251 702 1315 natura
749 1248 886 1337 ipsa
941 1246 1070 1315 voti
1119 1244 1445 1331 castitatis,
1516 1268 1671 1315 cum
1736 1249 1840 1315 vel
1894 1248 2033 1317 sine
2087 1248 2349 1340 praet'ata
2401 1240 2695 1312 traditione

471 1360 647 1444 facti,
706 1361 1057 1429 necessario
1111 1361 1427 1450 sequitur,
1482 1360 1699 1431 adesse
1760 1362 1869 1431 vel
1921 1384 2055 1432 non
2099 1363 2318 1431 adesse
2370 1359 2445 1427 ad
2490 1360 2695 1425 contra·

471 1474 761 1546 bendum
818 1476 1314 1545 matrimonium
1367 1473 1867 1566 inhabilitatem,
1924 1499 1999 1547 ac
2050 1477 2323 1569 proinde
2378 1478 2579 1541 votum
2623 1488 2698 1533 so-

473 1590 689 1690 lemne
761 1612 894 1659 esse
944 1590 1050 1659 vel
1121 1590 1412 1681 simplex.
1482 1589 1667 1661 Hanc
1722 1612 1913 1684 porro
1964 1593 2315 1684 expositam
2372 1586 2697 1681 opinionem

475 1726 696 1775 veram
735 1726 868 1775 non
896 1726 1057 1787 esse,

563 1819 898 1891 Pronum
934 1800 1102 1891 1.‘—
1133 1821 1248 1889 Ex
1293 1820 1467 1889 votis
1500 1820 2055 1891 scholasticorum
2094 1819 2429 1891 societatis·
2450 1819 2605 1885 Jesu.
2632 1846 2701 1861 -

473 1934 665 2025 Nam,
699 1941 892 2029 prout
939 1935 1266 2005 adnotavit
1303 1934 1667 2019 Suaresius,
1706 1958 1743 2001 «t
1780 1936 1851 2005 in
1895 1937 2207 2028 religione
2232 1932 2538 2007 societatis
2582 1926 2701 1994 Jesu

481 2060 682 2142 «post
708 2052 1050 2121 biennium
1093 2052 1166 2119 fit
1206 2056 1423 2119 votum
1476 2052 1781 2121 castitatis
1822 2072 1975 2120 cum
2020 2052 2313 2143 reliquis,
2366 2045 2555 2119 simul
2586 2060 2705 2110 cum

483 2192 518 2230 α
540 2164 930 2249 traditione,
957 2184 1088 2253 qua
1125 2184 1362 2231 vovens
1387 2184 1457 2233 se
1512 2164 1708 2233 tradit
1754 2166 2052 2255 religioni
2098 2189 2222 2258 per
2264 2164 2597 2237 Ecclesiam
2619 2176 2706 2244 ap-

483 2306 516 2345 α
545 2278 849 2369 probatae,
904 2282 966 2345 et
1013 2284 1381 2369 acceptatur
1424 2298 1463 2345 a
1508 2281 1861 2367 superiore,
1912 2283 1981 2349 in
2036 2286 2230 2371 cujus
2284 2278 2570 2349 manibus
2614 2290 2707 2361 pu·

481 2418 516 2457 α
553 2391 722 2461 blice
747 2398 810 2459 et
841 2412 996 2459 cum
1039 2391 1238 2463 sacris
1278 2392 1677 2463 caeremoniis
1706 2394 1802 2463 fit.
1862 2394 1945 2464 Et
1992 2396 2425 2466 nihilominus
2474 2386 2619 2461 illud
2638 2386 2709 2451 est

483 2533 518 2573 ε(
539 2512 760 2575 votum
825 2507 1120 2597 simplex,
1175 2514 1246 2575 ut
1279 2530 1354 2579 ex
1405 2510 1699 2579 instituto
1750 2511 2067 2581 societatis
2118 2515 2391 2602 eiusque
2444 2500 2709 2597 approba·

491 2622 722 2690 «tione
751 2644 865 2713 per
887 2622 1093 2693 bullas
1127 2622 1495 2693 pontificias
1528 2631 1795 2695 constat.
1826 2625 1966 2695 Imo
1992 2634 2139 2697 ante
2188 2625 2569 2717 Gregorium
2596 2608 2709 2685 Xlll

483 2763 519 2801 «
543 2742 766 2807 votum
805 2736 964 2806 illud
997 2739 1156 2807 adeo
1179 2745 1316 2807 erat
1359 2741 1655 2832 simplex,
1698 2748 1773 2811 ut
1812 2740 2215 2831 subsequens
2263 2735 2708 2810 matrimonium

481 2880 516 2917 α
543 2874 672 2923 non
721 2854 1015 2923 irritaret.
1079 2854 1158 2923 Et
1205 2854 1502 2946 quamvis
1552 2862 1763 2946 potsea
1820 2856 2172 2947 Gregorius
2214 2856 2389 2944 Xlll,
2440 2857 2503 2923 in
2571 2842 2710 2915 hulla

489 2992 524 3035 t<
541 2968 948 3039 Ascendente
991 2970 1300 3058 Domino,
1369 2970 1531 3039 illud
1578 2970 2126 3062 impedimentum
2172 2965 2605 3047 introduxerit,
2668 2958 2712 3021 ef

487 3108 520 3149 α
545 3106 880 3175 personam
923 3085 1018 3152 sic
1067 3093 1405 3153 voventem
1454 3086 1815 3155 inhabilem
1862 3087 1943 3157 ad
1996 3088 2489 3157 matrimonium
2530 3068 2713 3149 reddi·

485 3222 519 3261 α
539 3196 702 3267 derit
749 3201 1022 3270 durante
1079 3206 1248 3286 vote,
1300 3200 1732 3269 nihilominus
1760 3202 2103 3271 declaravit
2144 3205 2337 3271 etiam
2393 3215 2563 3269 nunc
2610 3202 2713 3255 esse

487 3314 839 3404 «simplex,
892 3323 954 3384 et
1001 3337 1135 3383 non
1177 3314 1487 3384 solemne.
1513 3340 1548 3381 a
1614 3314 1738 3407 (De
1780 3316 2149 3409 Reliqione,
2188 3321 2455 3387 tractatu
2489 3314 2550 3394 7,
2590 3296 2713 3381 1.2,

477 3448 534 3495 c.
593 3427 661 3512 7,
719 3448 788 3496 n.
838 3426 974 3521 15.)
1003 3426 1096 3497 Ex
1139 3452 1270 3520 quo
1321 3430 1415 3499 sic
1438 3436 1883 3521 argumentari
1932 3433 2098 3503 licet.
2162 3432 2233 3502 Si
2288 3433 2416 3501 voti
2456 3413 2717 3495 castitatis

481 3542 846 3611 solemnitas
900 3545 1270 3613 consisteret
1319 3547 1392 3613 in
1447 3548 1815 3634 traditione,
1870 3566 2003 3633 non
2054 3556 2263 3639 posset
2318 3552 2537 3615 votum
2586 3523 2717 3602 illud

481 3680 614 3726 esse
641 3658 912 3747 simplex
965 3650 1224 3747 quando
1273 3659 1619 3729 intervenit
1668 3662 1931 3731 ‘traditio
1966 3663 2182 3752 :atqui
2248 3662 2323 3730 in
2370 3656 2529 3727 votis
2570 3646 2719 3719 scho-

482 3771 858 3841 lasticorum
897 3770 1210 3841 societatis
1247 3772 1396 3843 Jesu
1446 3778 1792 3845 intervenit
1831 3776 2109 3863 traditio,
2172 3783 2234 3846 et
2284 3784 2494 3843 tamen
2534 3768 2719 3835 votum

481 3896 766 3959 remanet
843 3888 1161 3979 simplex:
1222 3910 1373 3979 ergo
1430 3888 1835 3961 solemnitas'
1870 3892 1939 3962 in
2005 3892 2339 3963 traditione
2412 3907 2539 3956 non
2588 3894 2720 3947 con-

481 4001 664 4069 sistit.

579 4118 875 4211 Objicies.
911 4160 1004 4175 --
1033 4122 1116 4192 Ut
1142 4123 1380 4195 valeret
1427 4124 1721 4215 probatio
1770 4124 2027 4197 deberet
2056 4126 2199 4195 talis
2244 4144 2380 4193 esse
2434 4119 2721 4189 dictorum

483 4234 1009 4307 scholasticorum
1057 4240 1342 4324 traditio,
1399 4247 1474 4309 ut
1525 4263 1655 4311 non
1696 4250 1952 4314 tantum
2010 4244 2135 4335 ipsi
2180 4262 2313 4311 sese
2397 4232 2725 4321 obligarent

486 4350 812 4441 religioni,
857 4354 965 4421 sed
1024 4354 1256 4444 religio
1295 4356 1579 4426 vicissim
1632 4380 1699 4429 se
1744 4360 1957 4451 quoad
2028 4360 2201 4450 ipsos
2268 4345 2670 4438 obstringeret
2708 4355 2722 4399 ²
