2834 4959
1080 347 1231 395 puts
1279 347 1569 400 saeuum.
1830 340 1839 352 '
2330 345 2455 402 307

149 509 296 557 non
329 487 666 568 videatur,
712 485 1008 556 existimo
1047 484 1340 554 sufficere
1374 486 1705 559 licentiam
1750 489 2053 583 Episcopi
2100 489 2171 559 in
2202 491 2459 582 erigen-

145 603 254 671 dis
305 603 516 672 novis
557 600 948 671 monialium
987 591 1437 687 conventibus,
1484 601 1676 672 etiam
1722 605 1796 674 in
1834 604 2019 674 Italia
2058 610 2120 674 et
2164 603 2465 695 adjacen-
2545 631 2553 650 ⁸

147 719 340 798 tibus
387 718 672 803 insulis3
707 739 827 787 nec
867 715 1139 806 requiri,
1185 715 1320 785 sive
1345 717 1427 786 ad
1461 719 1886 806 validitatem,
1916 721 2051 790 sive
2091 721 2171 789 ad
2214 721 2466 792 liceita-

147 841 326 918 tem,
405 833 583 904 sedis
662 831 1046 926 Apostolicae
1110 831 1617 924 beneplacitum.
1691 833 1905 916 Quam
1975 841 2193 904 tamen
2262 829 2475 906 meam

151 945 673 1015 conclusionem
719 943 912 1014 velim
951 943 1278 1030 intelligas
1303 943 1661 1016 'relativam
1709 948 2019 1018 duntaxat
2064 949 2145 1020 ad
2184 951 2475 1040 praet'atos

152 1059 347 1150 juris
393 1066 622 1150 textus,
668 1081 830 1151 quos
883 1057 1048 1128 solos
1086 1057 1167 1126 ab
1216 1059 1588 1130 auctoribus
1637 1065 2037 1133 contrarium
2096 1065 2477 1135 sustinenti-

161 1177 310 1244 bus
349 1175 657 1244 adductos
701 1175 978 1267 reperio.
1018 1171 1190 1241 Nam
1235 1173 1290 1240 si
1317 1182 1462 1263 'qua
1498 1175 1591 1243 tor
1600 1182 1655 1245 te
1698 1179 2017 1248 recentior
2054 1177 2473 1251 intervenerit

167 1291 556 1382 dispositio,
593 1309 729 1381 qua
774 1289 940 1360 sedis
967 1287 1174 1358 'etiam
1215 1285 1608 1378 Apostolicae
1648 1291 1916 1363 licentia
1950 1293 2341 1385 requiratur,
2382 1293 2479 1364 illi

167 1406 479 1499 profecto
511 1404 814 1475 standum
857 1406 1003 1474 erit.
1059 1403 1189 1474 Sed
1239 1403 1501 1474 nullum
1544 1409 1867 1497 ejusmodi
1900 1410 2219 1479 recentius
2254 1409 2481 1480 decro-

167 1511 326 1588 tum
369 1519 546 1588 mihi
584 1519 796 1590 adhuc
833 1519 1155 1603 innotuit3
1211 1527 1272 1588 et
1317 1527 1746 1610 argumentor
1794 1524 2101 1593 duntaxat
2148 1524 2221 1592 in
2264 1525 2475 1618 hypo-

165 1634 342 1704 thesi
377 1635 565 1727 quod
597 1636 861 1738 nullum
897 1639 1114 1704 exstet.
1179 1633 1314 1705 Nec
1361 1635 1584 1705 obstat
1628 1638 2031 1709 conclusioni
2082 1659 2245 1710 meae
2286 1639 2467 1731 'quod

165 1749 426 1820 soleant
455 1750 778 1821 moniales
812 1737 931 1842 pro
977 1749 1294 1842 ejusin'odi
1335 1752 1767 1821 erectionibus
1809 1754 1889 1822 ad
1947 1754 2164 1824 sedem
2201 1755 2481 1848 Aposto-

169 1865 372 1935 licam
415 1887 777 1936 recurrere.
828 1865 974 1934 Non
1003 1865 1184 1934 enim
1226 1873 1575 1934 recurrunt
1616 1887 1693 1935 ex
1731 1887 1805 1935 ea
1836 1867 2081 1937 ratione
2120 1871 2295 1959 quod
2345 1892 2475 1940 non

175 1979 468 2050 sufficiat
513 1981 768 2050 licentia
813 1979 1112 2076 Episcopi
1151 1981 1306 2068 loci,
1337 1979 1473 2074 'sed
1509 1980 1653 2050 aliis
1696 1980 1778 2051 de
1814 1985 2046 2064 causis,
2095 2004 2133 2052 a
2168 1981 2473 2073 Fagnano

173 2100 526 2192 descriptis
562 2103 782 2190 (supra
810 2101 1011 2191 capite
1044 2099 1176 2188 1,§
1209 2099 1300 2189 2).
1335 2098 1404 2168 6·
1432 2098 1639 2168 Hodie
1680 2107 1933 2187 tamen,
1982 2098 2195 2199 quoad
2220 2099 2471 2170 ltaliam

177 2221 240 2282 et
303 2215 688 2306 adjacentes*
745 2214 1016 2299 insulas,
1073 2214 1427 2282 necessaria
1496 2213 1751 2282 videtur
1806 2217 1875 2285 S.
1900 2212 2467 2306 “congregationis

177 2333 480 2408 licentia,
509 2331 596 2400 ob
621 2331 871 2422 praxim
884 2315 973 2398 ‘de
997 2351 1128 2420 qua
1154 2329 1400 2420 dictum
1431 2337 1524 2398 est
1556 2349 1750 2421 supra
1780 2329 1949 2421 (cap.
1994 2331 2058 2413 1,
2088 2329 2128 2420 g
2159 2329 2251 2422 5),
2300 2345 2305 2352 ·

266 2451 570 2533 Οωεετιο
589 2445 692 2516 ΙΙ·.
721 2449 934 2516 —An
958 2447 1027 2514 in
1059 2443 1382 2538 eriqendis
1403 2447 1593 2516 novis
1620 2445 2027 2516 monialium
2054 2445 2481 2517 conventibus

181 2555 622 2651 requirendus
663 2557 753 2626 sit
796 2557 1087 2625 aliorum
1135 2569 1577 2625 conventuum
1616 2579 1985 2647 consensuS,
2032 2557 2127 2627 ad
2165 2580 2473 2628 normam

189 2672 753 2743 constitutionum
782 2670 1076 2752 Quonm‘!
1105 2665 1473 2740 Clementis*
1512 2671 1699 2748 VIII,
1729 2683 1793 2736 et
1820 2674 1971 2768 ‘Criu'
2008 2693 2183 2741 Anas
2234 2677 2473 2767 Greyo-

190 2789 289 2856 rii
309 2787 384 2855 X
396 2789 488 2856 V?
500 2785 866 2856 —Videtur
885 2787 1180 2878 negative
1196 2783 1721 2873 respondendum
1742 2805 1760 2864 3
1780 2783 1934 2871 quia
1948 2782 2133 2853 dictae
2148 2790 2465 2858 constitu·

193 2904 410 2972 tiones
429 2901 506 2970 de
524 2902 912 2972 monialibus
928 2920 1220 2991 expresse
1238 2897 1764 2988 non‘loquuntur‚
1787 2901 1850 2965 et
1866 2905 2020 2966 sunt
2042 2899 2253 2967 stricte
2274 2903 2471 2969 inter-

195 3017 546 3108 pretandae,
579 3023 796 3110 utpote
821 3016 992 3108 juris
1017 3012 1389 3086 communis
1411 3011 1812 3082 restrictiva).

276 3134 574 3217 QuAEsno
616 3131 746 3202 111⁸.
781 3166 872 3186 --
898 3135 1008 3202 An
1033 3129 1196 3200 novi
1215 3127 1619 3199 monialium
1653 3139 2003 3198 conventus
2029 3125 2302 3196 obnoxii
2331 3131 2469 3199 sint

190 3249 470 3322 decretis
499 3248 708 3320 Ponti
706 3247 911 3340 ficiis,
946 3245 1184 3338 quibus
1205 3245 1565 3336 requiritur
1600 3241 1942 3312 duodecim
1974 3239 2071 3310 ad
2100 3241 2327 3312 minus
2371 3264 2471 3313 re-

151 3415 164 3432 .
191 3366 554 3457 qularium
599 3364 962 3433 numerus?
995 3399 1085 3413 —
1134 3362 1198 3429 1⁰
1251 3359 1567 3450 Equidem
1610 3357 1963 3446 Gregorius
2004 3353 2133 3428 XV
2172 3363 2233 3426 et
2266 3357 2475 3430 Urba·

196 3503 328 3552 nus
347 3479 502 3552 Vlll.
521 3479 996 3550 duodenarium
1019 3477 1216 3546 illum
1244 3493 1595 3544 numerum
1616 3473 1966 3562 requirunt
1987 3496 2006 3540 ε
2036 3473 2148 3542 sed
2175 3473 2467 3566 ipsorum

191 3597 460 3669 decreta'
483 3595 833 3688 (superius,
881 3593 1090 3684 capite
1115 3591 1196 3672 4‘,·
1237 3587 1457 3680 relata)
1503 3589 1585 3658 de
1624 3588 1921 3656 virorum
1962 3585 2269 3655 duntaxat
2302 3609 2469 3657 con·-
2524 3681 2539 3700 ·

191 3711 502 3781 ventibus
519 3711 904 3802 loquuntur.
937 3710 1005 3776 2⁰
1031 3706 1190 3776 Item
1219 3702 1636 3774 Innocentius
1668 3697 2301 3794 XII'*(eonstitutione
2330 3703 2477 3775 Nu-

183 3849 346 3918 per,
379 3826 468 3896 23
509 3825 868 3897 decembris
910 3823 1110 3909 1697,
1150 3805 1345 3912 super
1377 3817 1825 3889 ‘celebratione
1876 3817 2257 3897 missarum,
2288 3818 2331 3910 ξ
2368 3817 2481 3908 10)

191 3939 512 4012 eumdem
535 3939 892 4034 praescribit
927 3935 1400 4009 duodenarium
1442 3932 1522 4002 ad
1549 3932 1773 4001 minus
1798 3947 2149 4002 numerum
2179 3953 2197 4014 ;
2244 3931 2353 4000 sed
2379 3954 2487 4023 pa-

193 4058 358 4128 riter
385 4079 676 4150 expresse
712 4078 848 4127 non
873 4055 1187 4146 loquitur,
1209 4052 1334 4122 nisi
1369 4048 1451 4118 de
1472 4049 1762 4118 virorum
1799 4043 2254 4117 conventibus.
2276 4045 2483 4116 Caete-

201 4197 354 4246 rum
383 4174 657 4260 ibidem,
685 4175 764 4244 ad
787 4173 1091 4252 dubium,
1125 4184 1214 4240 ‘an
1241 4168 1576 4238 decretum
1616 4161 1781 4232 illud
1802 4163 2021 4232 locum
2046 4161 2278 4232 habeat
2298 4163 2492 4233 etiam

205 4299 378 4361 extra
427 4290 712 4378 Italiam,
767 4287 1152 4358 affirmative
1197 4279 1641 4374 respondetur.
1711 4275 1779 4346 3⁰
1831 4275 2277 4347 Nihilominus
2330 4275 2487 4346 Fer-

209 4419 364 4487 raris
407 4418 591 4508 (voce
631 4413 979 4496 Moniales,
1027 4417 1150 4479 art.
1197 4408 1265 4493 2,
1320 4429 1385 4474 n.
1448 4405 1515 4496 6)
1564 4407 1659 4475 sic
1694 4401 2019 4472 affirmat:
2079 4425 2115 4468 α
2165 4399 2505 4472 Numerus
