2834 4959
1080 358 1235 411 uns
1280 357 1572 408 smmum
2337 351 2462 412 2⁶3

201 481 671 608 suspensivum,
698 486 764 547 et
815 485 1021 548 totum
1062 479 1397 568 negotium
1424 479 1510 548 ad
1554 477 1624 548 S.
1676 477 2264 570 congregationem
2314 481 2467 574 Epi-

196 617 533 688 scaporum
553 599 619 662 et
634 593 1043 682 regularium
1074 593 1381 664 devolvit.

278 711 342 782 3⁶
383 709 475 780 Ex
516 709 827 780 concordi
864 707 1207 780 doctorum
1268 709 1634 783 sententia·
1616 759 1635 778 .
1691 711 1844 779 satis
1891 711 2014 780 erit
2051 709 2404 780 nonnullas
2429 733 2466 781 e

198 827 523 919 praecipuis
544 822 865 913 abjicere
897 845 913 889 ε
1443 835 1454 846 ·

292 967 331 1006 ι(
362 938 698 1010 Ordinatio
752 942 969 1010 tamen
1052 936 1385 1008 licentiam
1468 937 1825 1030 denegante
1895 961 2010 1028 pro
2079 940 2464 1011 fundatione

214 1084 249 1126 s
274 1063 631 1135 conventus,
699 1059 795 1122 est
866 1055 1339 1124 recurrendum
1404 1055 1488 1124 ad
1565 1077 1816 1124 sacram
1879 1055 2464 1148 Congregationem

214 1199 247 1236 α
278 1171 734 1260 Episcoporum
800 1173 869 1238 et
930 1169 1377 1257 regularium3
1458 1191 1588 1239 non
1641 1177 1860 1239 autem
1933 1169 2014 1240 sd
2080 1171 2464 1244 Nuncium=

208 1285 607 1375 «Gregorius
674 1282 827 1368 XV,
880 1285 1341 1352 consti-tutione
1381 1285 1730 1376 incipiente
1793 1287 1958 1354 Cum
2019 1287 2216 1372 alias,
2275 1287 2318 1378 ξ
2363 1289 2406 1356 4
2443 1307 2464 1378 ;

212 1429 249 1466 α
280 1402 449 1488 Rota,
473 1407 643 1491 parte
668 1399 779 1480 12,
808 1399 1129 1470 decisione
1146 1399 1305 1485 289,
1334 1421 1405 1468 n.
1439 1400 1562 1489 123
1589 1407 1652 1468 et
1673 1407 1846 1492 parte
1867 1401 1976 1486 13,
2004 1401 2324 1474 decisione
2349 1404 2463 1488 87,

206 1544 241 1583 ι(
268 1541 335 1587 n.
368 1517 465 1586 10.
498 1543 531 1582 n
574 1515 906 1607 (Ferraris,
936 1535 1093 1586 voce
1117 1517 1521 1602 Conventus,
1548 1523 1669 1586 art.
1707 1520 1774 1604 1,
1797 1539 1872 1586 n.
1907 1519 2044 1610 18.)

288 1659 321 1700 α
352 1633 537 1714 Quod
577 1632 633 1700 si
658 1631 987 1722 ejusmodi
1032 1653 1420 1702 consensum
1457 1629 1846 1705 ordinarius
1894 1633 2132 1725 injuste
2175 1641 2468 1724 praestare

198 1775 233 1812 ι
262 1744 673 1834 recusaverit,
723 1747 962 1837 poterit
1006 1745 1315 1840 appellari
1360 1746 1446 1816 eb
1493 1749 1637 1837 ejus
1678 1746 1960 1834 decreto,
2013 1749 2208 1818 etiam
2255 1752 2468 1840 quoad

204 1892 241 1928 α
267 1864 555 1934 effectum
598 1863 1083 1953 suspensivum,
1136 1863 1215 1932 ad
1270 1861 1339 1934 S.
1378 1861 1969 1952 Congregationem
1997 1863 2466 1954 Episcoporum

207 2007 247 2046 a
284 1987 343 2050 et
386 1977 815 2069 regularium,
860 2000 1007 2070 quae
1076 1999 1464 2048 consensum
1519 1981 1726 2068 potest
1776 1997 1850 2046 ac
1901 1977 2090 2046 debet
2137 1978 2460 2068 supplere,

204 2123 242 2163 α
252 2097 421 2186 juxta
478 2093 1009 2164 constitutionem
1036 2093 1361 2183 Gregorii,
1404 2093 1447 2183 ἓ
1487 2092 1558 2166 4.
1586 2093 1762 2183 quod
1789 2093 1930 2162 fuse
1958 2091 2114 2164 alias
2141 2093 2397 2164 monui.
2419 2115 2454 2160 n

194 2209 643 2300 (Pignatellun,
663 2214 711 2276 t.
735 2209 813 2284 ,1,
840 2209 1311 2277 consultatione
1338 2208 1494 2289 179,
1521 2229 1590 2278 n.
1625 2206 1774 2297 45.)

280 2352 315 2391 α
338 2324 485 2396 Non
532 2323 855 2414 negabam
900 2345 1023 2413 ego
1072 2329 1606 2414 assumptum...;
1655 2322 1830 2414 quod
1862 2323 2124 2408 scilieet,
2172 2324 2284 2392 ubi
2339 2324 2465 2394 Or·

194 2466 229 2506 a
254 2440 575 2528 dinarius,
620 2439 863 2529 absque
913 2440 1087 2530 justa
1118 2459 1334 2527 causa,
1400 2440 1598 2509 istum
1659 2459 2054 2510 consensum·
2093 2439 2460 2530 denegaret,

194 2581 231 2620 α
260 2576 561 2624 recursus
598 2554 825 2624 baberi
874 2557 1075 2646 possit
1126 2555 1205 2622 ad
1244 2555 1631 2645 superiores,
1679 2554 1795 2642 qui
1834 2554 2024 2624 illum
2077 2556 2460 2647 suppleant3

198 2693 235 2734 α
292 2689 441 2738 cum
492 2691 621 2740 non
662 2677 889 2759 agatur
930 2669 1009 2737 de
1054 2674 1199 2738 actu
1248 2667 1542 2736 faciendo
1567 2689 1644 2736 ex
1672 2667 1875 2754 gratia
1913 2675 1976 2736 et
2019 2691 2196 2738 mera
2233 2670 2466 2741 libera-

202 2785 453 2866 «litate,
496 2785 607 2854 sed
646 2807 723 2856 ex
768 2785 1097 2872 iustitia...
1168 2782 1495 2864 Quoniam
1544 2781 1628 2853 in.
1660 2779 1843 2847 libito
1895 2779 2246 2866 ordinarii,
2331 2805 2466 2854 ces-

200 2924 237 2962 «
268 2907 444 2968 sante
487 2901 656 2990 justa
704 2921 923 2987 causa,
977 2900 1250 2989 alitque
1305 2893 1630 2987 requisitis
1681 2885 2164 2976 accedentibus,
2208 2899 2456 2984 reposi-

202 3041 237 3080 «
260 3019 399 3082 tum
448 3035 587 3086 esse
650 3037 779 3085 non
852 3015 1157 3098 debet...‚
1214 3013 1536 3102 denegare
1604 3009 2150 3078 introductionem
2211 3011 2464 3100 regula-

198 3157 231 3196 «
256 3130 433 3200 rium
460 3131 531 3199 in
562 3131 723 3200 loco.
756 3155 791 3196 »
827 3130 1211 3222 (Cardinalis
1241 3129 1320 3198 de
1344 3127 1542 3209 Luca,
1569 3123 1648 3194 de
1673 3123 2138 3216 Reqularibus,
2167 3124 2460 3194 discursu

190 3244 301 3328 29,
331 3267 399 3316 n.
440 3244 583 3334 13.)

280 3357 619 3430 Scuouuu.
651 3399 741 3413 —
781 3354 957 3429 Hinc
983 3365 1151 3448 patet
1192 3355 1518 3449 quomodo
1566 3356 1648 3423 ab
1699 3352 2080 3421 Ordinariis
2105 3355 2192 3422 sit
2223 3377 2460 3446 proce-

188 3473 477 3544 dendum
503 3474 769 3567 quando
794 3497 995 3544 novos
1014 3474 1090 3542 in
1118 3475 1413 3562 ipsorum
1451 3468 1836 3538 dioecesibus
1864 3467 2157 3557 miqendi
2180 3492 2464 3539 conven-

188 3603 294 3660 tus
330 3592 677 3662 licentiam
702 3590 1059 3682 requlares
1084 3587 1550 3680 expostulant.
1605 3617 1696 3638 -
1741 3582 1885 3651 Non
1909 3586 2088 3649 enim
2115 3589 2270 3650 tunc
2311 3584 2461 3674 Epi-

180 3727 379 3798 scopo
414 3705 703 3775 liberum
742 3715 859 3786 est,
890 3711 964 3774 nt
992 3705 1192 3772 nullis
1247 3701 1519 3770 servatis·
1564 3695 2084 3780 formalitatibus,
2133 3695 2460 3766 licentiam

184 3823 405 3890 statim
419 3821 727 3892 concedat
750 3820 853 3890 vel
898 3819 1209 3910 deneget3
1252 3818 1389 3901 sed,
1440 3835 1632 3885 causa
1663 3813 1942 3905 cognita,
1994 3811 2360 3899 vocatisque
2404 3816 2467 3880 et

182 3933 428 4006 auditis
452 3937 557 4026 iis,
606 3958 769 4030 quos
810 3935 981 4006 infra
1024 3935 1337 4006 vocandos
1366 3939 1429 4001 et
1457 3929 1812 4002 audiendos
1839 3930 2152 4010 dicemus,
2185 3927 2467 4017 interpo-

184 4051 485 4122 nendum
526 4059 617 4122 est
658 4051 1036 4145 Episcopale
1068 4053 1426 4138 decretum,
1467 4047 1704 4116 dictam
1755 4044 2082 4114 licentiam
2111 4039 2468 4111 concedens

186 4168 283 4236 vel
310 4168 666 4258 denegans.
720 4167 1057 4262 Ejusmodi
1100 4166 1365 4253 decreti,
1402 4183 1646 4232 novum
1678 4165 2070 4228 conventum
2119 4157 2278 4246 erigi
2313 4175 2466 4224 con·

188 4285 475 4356 cedentis
514 4285 873 4354 formulam
925 4283 1183 4372 exhjbet
1234 4276 1628 4350 Monacellus
1676 4271 2176 4364 (formularium
2227 4267 2462 4362 leqale,

188 4408 363 4490 parte
388 4403 457 4486 1,
490 4401 589 4471 tit.
620 4400 688 4485 6,
710 4396 989 4469 formula
1015 4396 1123 4486 19)
1153 4397 1225 4464 in
1250 4395 1434 4464 hunc
1461 4389 1730 4462 modum
1757 4412 1773 4456 ε
1803 4443 1808 4448 ,
