2834 4959
382 332 501 387 330
942 334 1282 383 TRAGTATUS
1326 334 1407 381 1)ss
1451 332 1600 381 1111OE
1643 328 2060 377 assumtum.

389 496 426 535 c<
459 475 717 573 rantur2
744 490 781 531 a
838 465 1145 556 (Summa
1176 462 1682 533 institutionum
1736 458 2236 547 canonicarum,
2289 478 2434 549 pag.
2507 458 2676 543 173,

384 582 538 653 edit.
561 580 803 651 Genuae
828 579 1059 667 1847.)

1431 825 1474 915 s,
1517 824 1603 893 11.

386 1014 677 1069 monialium
700 1014 899 1077 absque
918 1013 1153 1063 clausura
1175 1014 1229 1062 et
1244 1012 1375 1061 votis
1400 1010 1709 1061 solemnibus
1734 1008 2028 1071 degentium
2048 1006 2462 1071 congregationes
2487 1016 2670 1055 omnes

450 1108 515 1157 de
537 1108 655 1165 jure
670 1103 927 1154 communi
948 1100 1099 1153 hodie
1116 1100 1363 1151 habondae
1400 1102 1524 1149 sunt
1546 1102 1794 1162 tanquam
1821 1094 2046 1146 toleratae
2075 1095 2344 1154 duntaxat,
2369 1106 2475 1143 non
2499 1099 2672 1143 antem

448 1200 693 1257 tanquam
717 1190 1021 1256 approbata.

476 1390 799 1457 Ancon-un
846 1384 896 1451 1.
956 1420 1046 1435 -
1094 1382 1188 1450 Ex
1236 1380 1520 1473 probatis
1589 1400 1784 1469 supra
1851 1344 2054 1469 (parte
2113 1374 2184 1456 2,
2243 1376 2530 1445 sectione
2615 1376 2672 1457 1,
2800 1442 2801 1445 ,

392 1525 535 1594 cap.
586 1501 655 1589 3,
714 1499 1145 1591 propositione
1194 1498 1236 1566 2
1286 1503 1350 1566 et
1394 1496 1487 1588 3).
1529 1494 1626 1564 lbi
1663 1514 1898 1585 nempe
1938 1490 2358 1571 ostendimus,
2391 1510 2678 1578 congre-

394 1616 677 1707 gationes
732 1610 873 1680 inas
926 1632 1155 1681 omnes
1202 1612 1428 1681 haberi
1469 1616 1782 1701 tanquam
1831 1609 2188 1677 contrarias
2225 1605 2678 1674 constitutioni
2800 1640 2801 1689 γ

398 1734 593 1803 Circa
606 1730 977 1825 pastoralis
1004 1732 1211 1801 sancti
1246 1730 1344 1799 Pii
1386 1730 1473 1799 V.
1505 1726 1826 1819 Equidem
1851 1727 2218 1796 constitutio
2241 1725 2350 1793 illa
2371 1724 2674 1815 loquitur
2800 1714 2801 1801 ζ

394 1850 699 1917 duntaxat
744 1847 822 1916 de
866 1847 1199 1917 Tertius-iis
1230 1866 1261 1931 ;
1304 1845 1416 1915 sed
1456 1844 1612 1935 quia
1666 1842 1957 1912 Pontifex
2003 1862 2138 1910 non
2183 1839 2309 1909 alia
2349 1838 2428 1908 de
2476 1860 2678 1908 causa
2800 1828 2801 1905 i

392 1963 673 2032 sublatas
698 1982 805 2031 eas
841 1960 1187 2031 Tertiarias
1233 1962 1466 2045 voluit,
1519 1979 1719 2050 quam
1759 1956 1937 2047 quod
1987 1956 2278 2046 ipsarum
2322 1962 2679 2024 conventus
2800 2034 2801 2047 χ

394 2078 762 2147 clausuram
806 2083 871 2145 et
906 2084 1207 2147 votorum
1238 2074 1714 2143 solemnitatem
1744 2094 1877 2141 non
1905 2068 2245 2153 haberent,
2287 2070 2372 2138 ob
2391 2069 2676 2137 rationis

396 2194 733 2281 paritatem
776 2192 1008 2262 merito
1048 2190 1209 2259 hnic
1256 2187 1678 2280 prohibitioni
1727 2186 2056 2278 subjacere
2109 2184 2268 2253 alias
2295 2186 2496 2253 etiam
2523 2204 2674 2253 mu·-
2800 2168 2801 2207 ³

397 2304 633 2373 lierum
686 2305 1223 2393 congregationis,
1276 2303 1577 2372 clausura
1630 2308 1692 2370 et
1747 2309 2044 2371 votorum
2105 2298 2520 2369 solemnitate
2571 2318 2676 2367 ca·
2800 2292 2801 2301 '

399 2424 635 2505 rentes,
687 2439 805 2508 pro
856 2425 1026 2487 certo
1068 2423 1420 2486 tenuerunt
1465 2416 1754 2501 doctores
1795 2418 2256 2487 communiter.
2288 2414 2490 2497 >Quod
2519 2420 2678 2507 patet

402 2533 723 2623 praecipue
770 2554 847 2601 ex
888 2536 1187 2625 ipsorum
1236 2532 1544 2623 loquendi
1598 2534 1788 2601 modo
1832 2533 1917 2602 de
1967 2532 2488 2602 conservatoriis,
2521 2529 2676 2599 Nam

404 2648 529 2725 sub
567 2649 687 2717 hac
728 2648 1249 2718 denominatione
1276 2647 1842 2738 comprehendunt
1867 2651 2395 2739 congregationes
2431 2654 2499 2717 et
2535 2668 2675 2717 con-

402 2769 631 2831 ventus
662 2783 889 2831 omnes
922 2763 1277 2833 mulierum
1324 2763 1564 2854 absque
1609 2763 1912 2833 clausura
1961 2768 2028 2831 et
2073 2764 2234 2832 votis
2276 2760 2677 2851 solemnibus
2800 2814 2801 2825 ,

403 2878 782 2971 degentium
824 2903 842 2965 ;
908 2885 970 2947 et
1030 2880 1261 2949 dicunt
1308 2881 1638 2969 ejusmodi
1693 2879 2164 2949 conservatoria
2217 2879 2404 2948 dictae
2481 2876 2678 2949 sancti

405 2996 507 3066 Pii
534 2996 595 3065 V
624 2997 1069 3066 constitutioni
1096 2996 1444 3065 adversari.
1495 2997 1584 3065 At
1641 3017 1772 3065 non
1817 2996 2041 3067 minus
2069 3003 2322 3065 certum
2369 3003 2466 3065 est
2507 3000 2678 3088 jam·

404 3111 661 3183 dudum
690 3135 769 3182 ex
810 3133 933 3181 usu
980 3110 1286 3181 Ecclesiae
1333 3111 1739 3181 moderatum
1781 3111 1977 3181 fuisse
2017 3111 2198 3181 hunc
2229 3112 2438 3181 sancti
2478 3108 2582 3179 Pii
2625 3106 2680 3176 V

409 3231 715 3318 rigorem.
759 3226 1139 3297 Tolerantur
1170 3248 1403 3319 nempe
1447 3249 1488 3295 a
1539 3229 1690 3297 sede
1741 3227 2112 3319 Apostolica
2166 3225 2480 3319 eJusmodi
2529 3244 2678 3295 con·

407 3342 755 3415 servatoria
802 3364 914 3412 seu
961 3343 1488 3434 congregationes
1552 3344 1946 3413 monialium·
2003 3344 2304 3413 clausura
2377 3346 2440 3413 et
2497 3349 2678 3413 voto·
2799 3346 2801 3437 ὲ

411 3484 565 3531 rum
610 3462 1009 3535 solemnitate
1076 3466 1464 3535 carentium.
1533 3465 1624 3533 At
1690 3465 1856 3533 bene
1903 3463 2264 3533 notandum
2322 3469 2434 3533 est·
2461 3484 2568 3532 eas
2605 3460 2677 3527 de

403 3583 553 3670 jure
582 3581 919 3650 communi
958 3580 1240 3650 tolerari
1258 3581 1588 3666 duntaxat,
1621 3601 1753 3650 non
1781 3586 1998 3649 autem
2027 3578 2418 3672 approbavi.
2450 3578 2525 3651 Id
2551 3596 2677 3647 oer-
2800 3584 2801 3619 ³

416 3702 559 3764 tum
598 3696 869 3784 faciunt,
900 3701 1045 3764 tum
1074 3698 1448 3765 communis
1477 3697 1814 3765 doctorum
1843 3716 1918 3765 ea
1957 3694 2036 3765 de
2073 3718 2144 3765 re
2171 3697 2508 3784 sententia,
2547 3699 2678 3759 tum

412 3813 737 3903 praecipue
791 3810 1233 3881 Romanarum
1292 3811 1910 3903 congregationum,
1959 3819 2024 3883 et
2073 3814 2240 3882 sedis
2303 3808 2674 3905 Apostolicae

412 3926 647 4017 praxis.
692 3924 861 3995 Nam
908 3926 1209 4017 frequens
1252 3934 1347 3997 est
1372 3928 1580 3997 multa
1618 3928 1844 3999 Rornae
1878 3927 2140 3999 decerni
2181 3927 2396 4019 quoad
2426 3925 2672 4019 praefata

414 4042 905 4128 conservatoria,
958 4048 1021 4111 et
1064 4043 1271 4112 varias
1316 4042 1473 4135 ipsis
1531 4045 1766 4133 gratias
1811 4051 1876 4113 et
1927 4043 2257 4114 facultates
2309 4038 2622 4135 impertiri
2655 4059 2671 4114 3

413 4156 591 4247 quod
637 4162 805 4227 certe
852 4178 985 4227 non
1036 4156 1217 4226 fieret
1266 4159 1322 4227 si
1373 4157 1550 4227 sedes
1611 4158 1982 4251 Apostolica
2029 4179 2147 4249 pro
2195 4156 2442 4227 illicitis
2497 4156 2673 4224 hosce

420 4276 773 4340 conventus
800 4271 1086 4357 haberet,
1100 4270 1415 4363 velletque
1437 4273 1643 4341 sancti
1672 4273 1772 4343 Pii
1801 4270 1861 4343 V
1889 4270 2394 4365 prohibitionem
2425 4286 2672 4361 urgere;
2800 4360 2801 4367 ἵ

420 4386 593 4479 unde
623 4385 1053 4456 tolerantiam
1080 4388 1307 4458 saltem
1341 4390 1560 4479 arguit
1591 4389 1700 4458 ille
1726 4386 1960 4480 agendi
1989 4389 2240 4458 modus.
