2834 4959
449 394 569 452 292
1036 389 1377 439 masuras
1421 390 1501 436 nn
1545 389 1692 436 suns
1725 385 2145 434 mantulum.

446 523 664 592 minor
685 519 807 589 erit
846 517 917 586 iu
964 511 1317 605 parochiali
1356 513 1626 580 ecclesia
1663 508 1889 600 populi
1929 525 2280 576 concursus
2310 530 2328 587 ;
2373 515 2440 576 et
2473 511 2567 580 sic
2597 512 2718 582 mi-

446 641 685 708 nuetur
708 655 785 702 ex
830 630 1133 701 sedilium
1180 626 1500 696 locatione
1543 625 1930 717 proveniens
1971 620 2283 691 redditus.
2323 621 2484 694 ltem
2529 647 2602 695 ex
2647 628 2720 696 iis

442 749 900 828 oblationibus,
954 765 1099 836 quae
1144 765 1221 812 ex
1254 743 1510 833 justitia
1565 740 1844 832 parocho
1890 757 2026 806 non
2075 736 2416 824 debentur,
2451 719 2534 809 'et
2575 765 2717 832 quae

444 867 739 938 solebant
778 861 989 932 eidem
1034 858 1339 950 parocho,
1388 857 1611 926 aliisve
1658 855 1786 924 loci
1820 850 2240 923 stecularibus
2279 852 2533 924 clericis
2579 879 2716 926 ero-

446 983 609 1074 gari,
662 979 835 1049 haud
894 995 1118 1067 paucae
1172 971 1253 1042 ad
1305 971 1636 1061 regulares
1689 967 2176 1037 transferentur.
2236 965 2398 1036 Item
2457 971 2529 1037 in
2579 975 2714 1040 novi

446 1103 799 1170 conventus
845 1091 1111 1162 ecclesia
1160 1088 1351 1157 multi
1416 1086 1819 1178 sepulturam
1889 1083 2149 1172 eligent,
2201 1085 2344 1173 qui,
2404 1107 2540 1154 non
2603 1090 2714 1156 exi.

446 1219 650 1282 stente
688 1209 802 1278 illo
842 1208 1188 1290 conventu,
1229 1203 1301 1271 in
1347 1199 1705 1293 parochiali
1747 1197 2010 1268 ecclesia
2037 1198 2440 1288 sepulturam
2468 1201 2714 1272 hahuis-

446 1335 608 1398 sent.
678 1324 856 1402 Haec,
908 1324 1209 1410 inquam,
1258 1316 1489 1386 merito
1557 1321 1869 1383 eventura
1933 1325 2422 1405 supponuntur,
2468 1319 2711 1407 quando

446 1463 653 1514 novus
704 1443 1057 1508 conventus
1112 1432 1354 1502 alicubi
1421 1432 1856 1500 constituitur.
1925 1427 2098 1497 Hinc
2153 1431 2210 1498 si
2267 1429 2353 1500 ob
2405 1431 2712 1523 ejusmodi

449 1555 819 1649 praejudicia
866 1573 1001 1621 sese
1054 1549 1345 1636 legitime
1410 1567 1734 1638 opponere
1789 1545 1987 1636 possit
2039 1545 2374 1634 parochus,
2433 1548 2540 1617 vix
2595 1551 2714 1620 ulla

446 1675 571 1740 erit
619 1670 771 1738 novi
826 1671 1182 1736 conventus
1226 1663 1466 1732 erectio
1521 1665 1632 1734 cui
1689 1661 1942 1730 obstare
1996 1680 2130 1729 non
2190 1659 2405 1731 valeat.
2471 1663 2714 1735 Conse-

448 1761 744 1878 quanter,
789 1803 921 1851 non
968 1779 1050 1848 ab
1094 1778 1426 1870 Episcopis
1465 1783 1578 1845 aut
1615 1797 1654 1844 a
1695 1775 1842 1844 sede
1883 1773 2274 1866 Apostolica,
2305 1775 2413 1845 sed
2453 1799 2490 1845 a
2531 1799 2716 1870 paro·

450 1902 591 1974 chis
632 1906 761 1970 tota
802 1899 931 1968 fere
978 1893 1279 1988 pendebit
1319 1891 1628 1962 ordinum
1669 1890 2125 1979 religiosorum
2167 1912 2283 1981 per
2319 1890 2527 1961 varias
2567 1895 2714 1962 dioe-

448 2040 621 2090 ceses
675 2013 1007 2086 existentia
1068 2017 1132 2080 et
1184 2009 1584 2100 propagatio.
1657 2005 1729 2075 ld
1779 2012 2238 2095 praenotamus,
2309 2013 2385 2075 ut
2453 2008 2712 2078 advertat

448 2137 649 2204 lector
674 2131 899 2220 quanti
946 2124 1263 2196 momenti
1286 2130 1349 2191 et
1387 2143 1584 2212 quam
1614 2121 1897 2212 practica
1921 2121 2008 2189 sit
2051 2121 2378 2210 proposita
2437 2127 2705 2213 quaestio.

538 2245 857 2317 Solvenda
896 2249 1113 2313 autem
1158 2239 1415 2309 videtur
1465 2240 1536 2306 in
1577 2237 1758 2311 hunc
1799 2238 2072 2308 modum
2102 2261 2121 2306 τ
2171 2239 2588 2330 Requlariter
2621 2239 2708 2307 lo·

450 2358 731 2452 quendO,
756 2381 962 2450 neque
980 2357 1062 2427 ob
1081 2367 1456 2425 secuturam
1475 2353 2009 2421 imminutionem
2029 2373 2380 2423 concursus
2391 2356 2634 2448 populi
2647 2356 2708 2422 in

444 2474 831 2565 parochiali
854 2472 1139 2558 ccclesia,
1170 2490 1376 2559 neque
1409 2467 1494 2536 ob
1523 2467 2058 2538 imminutionem
2085 2468 2520 2540 oblationum
2541 2494 2709 2562 spon-

452 2601 805 2658 tanearum
824 2585 1117 2678 parocho
1144 2583 1659 2668 obvenientium,
1691 2605 1900 2674 neque
1919 2583 2002 2651 ob
2029 2582 2170 2652 alia
2195 2585 2535 2681 ejusmodi
2547 2607 2705 2676 prce·

449 2703 703 2790 judicia
723 2700 1221 2794 parochialium
1256 2699 1518 2790 jun'um
1545 2720 1680 2766 non
1725 2697 1983 2783 laesiva,
2012 2699 2134 2789 jus
2179 2699 2379 2768 habet
2403 2700 2707 2791 parochus

454 2821 615 2892 novi
638 2830 993 2890 conventus
1021 2817 1492 2909 fundationem
1521 2813 1942 2906 impediendi.

543 2937 859 3008 Paosuio
899 2934 974 3004 1⁸.
1015 2973 1108 2988 —
1140 2934 1237 3002 Ex
1274 2955 1349 3002 eo
1382 2931 1559 3022 quod
1599 2923 1940 3001 saeculares
1981 2931 2260 3002 ecclesiae
2303 2954 2422 3002 seu
2467 2933 2707 3006 oratoria

454 3052 717 3145 publica
756 3053 922 3142 erigi
956 3049 1233 3132 valeant,
1279 3049 1579 3138 quamvis
1613 3047 1936 3139 parochus
1977 3047 2150 3116 dicta
2188 3049 2568 3139 praejudicia
2604 3071 2707 3137 op-

454 3173 672 3261 ponat.
720 3206 810 3220 -
849 3165 1106 3235 Etenim
1142 3162 1203 3231 1⁰
1248 3163 1422 3252 quod
1464 3163 1700 3232 frustra
1729 3162 2078 3252 parochuS,
2123 3163 2203 3231 ad
2251 3163 2708 3256 impediendam

456 3289 625 3354 intra
668 3281 987 3375 parochiae
1024 3301 1158 3350 suae
1200 3280 1363 3350 fines
1411 3279 1575 3348 alicu
1575 3283 1602 3369 j
1612 3301 1684 3348 us
1722 3278 2048 3348 saecularis
2097 3280 2388 3351 ecclesiae
2435 3286 2544 3350 aut
2583 3299 2710 3347 ora-

456 3397 603 3466 torii
671 3397 914 3488 publici
986 3395 1553 3479 constructionem,
1643 3395 1904 3486 praefata
1977 3393 2350 3488 praejudicia
2430 3397 2703 3490 opponat,

455 3510 727 3581 omnino
756 3518 1002 3581 certum
1037 3516 1151 3579 est.
1200 3510 1304 3579 Ad
1340 3511 1514 3600 quod
1569 3511 2085 3600 patefaciendum
2131 3519 2226 3580 sat
2255 3513 2378 3580 erit
2421 3535 2496 3582 ea
2529 3508 2706 3597 subji-

456 3651 628 3710 cere,
674 3652 817 3721 quae
860 3631 982 3700 hac
1030 3630 1111 3698 de
1164 3651 1233 3698 re
1258 3629 1532 3698 deducta
1587 3631 1878 3719 fuerunt,
1929 3631 2000 3699 in
2043 3653 2236 3701 causa
2280 3626 2708 3702 Sar-situnensi

460 3745 543 3814 19
580 3745 939 3815 decembris
984 3743 1155 3814 1772
1196 3742 1591 3832 (Thesaurus
1633 3746 1858 3826 resol„
1898 3752 1945 3814 t.
1991 3746 2103 3835 41,
2134 3768 2204 3838 p.
2245 3745 2448 3836 303):
2487 3772 2520 3813 α
2561 3741 2703 3812 Plu·

462 3887 501 3927 «
528 3863 678 3952 ries,
718 3866 853 3931 tam
901 3861 974 3928 in
1014 3861 1133 3930 ista
1170 3857 1240 3929 S.
1292 3859 1830 3952 congregatione,
1874 3882 2074 3952 quam
2125 3863 2195 3929 in
2237 3860 2434 3931 altera
2473 3859 2703 3951 Episco-

466 4004 501 4044 «
532 4001 764 4069 porum
814 3983 876 4046 et
934 3975 1361 4067 regularium,
1420 3982 1634 4046 actum
1684 3983 1779 4045 est
1831 3978 1910 4046 de
1957 3979 2433 4047 constructione
2487 3967 2704 4068 publici

468 4125 503 4161 «
532 4097 813 4166 oratorii.
866 4093 1010 4165 Non
1054 4095 1342 4164 obstante
1383 4095 1649 4188 parochi
1693 4096 2115 4188 oppositione,
2163 4097 2387 4166 eadem
2435 4095 2502 4166 S.
2546 4091 2704 4161 Con-

468 4239 501 4276 «
532 4212 810 4302 gregatio
866 4209 1335 4302 Episcoporum
1404 4219 1468 4279 et
1518 4211 1915 4302 regularium
1988 4211 2350 4282 facultatem
2421 4204 2706 4280 concessit

466 4355 503 4394 «
531 4325 889 4398 aediflcandi
957 4347 1198 4395 novum
1269 4326 1654 4408 oratorium,
1717 4329 1784 4395 in
1859 4327 2182 4396 lanucnsi
2247 4329 2287 4397 5
2358 4319 2704 4418 septembris

468 4470 503 4506 a
540 4441 734 4518 1692,
766 4439 961 4508 salvis
986 4453 1210 4509 tamen
1223 4441 1495 4531 juribus
1521 4442 2053 4534 parochialibus.
2087 4441 2398 4514 Similiter
2419 4442 2482 4509 in
2511 4441 2704 4510 Nuce·
