2834 4959
1069 312 1219 361 Psns
1264 314 1526 373 61111111.
1627 388 1632 393 ἱ
2313 317 2433 382 62‘3

174 434 549 529 superioris,
577 442 639 503 61
654 433 931 525 legitimi
954 433 1151 502 etiam
1180 436 1474 529 capituli,
1496 438 1553 509 si
1576 460 1654 509 ex
1679 442 2247 519 constitutionibus
2275 454 2446 523 ordi·

170 554 274 623 nis
291 552 659 644 requiratur
674 548 947 639 capituli
961 569 1278 619 assensus,

262 668 413 738 Fuit
433 674 652 737 autem
680 686 867 735 casus
906 664 1016 733 hic
1043 664 1295 733 decisus
1320 686 1359 734 a
1383 664 1452 735 S.
1485 666 1992 760 congregatione
2024 674 2300 746 Concilii
2347 680 2440 771 (in

170 782 425 869 Sicula,
455 783 536 851 18
567 780 939 851 novembris
976 779 1171 860 1719,
1202 780 1274 847 in
1306 780 1636 852 Thesauro
1671 786 1859 855 resol.
1872 796 2074 874 ,.tom
2117 792 2142 859 1
2159 816 2258 884 ,p.
2279 794 2435 881 249,

172 900 331 970 edit.
362 898 597 969 Urbini
625 896 847 986 1739).
882 894 955 965 111
984 894 1205 965 Sicilia
1232 916 1470 989 nempe
1509 899 1776 969 admissi
1800 902 2058 997 fuerant
2085 907 2165 976 ad
2193 910 2439 1001 profes-

166 1017 415 1085 sionem
442 1014 673 1083 novitii
698 1010 1113 1083 Cal-melitani
1150 1032 1188 1079 a
1215 1013 1595 1103 provinciali
1626 1016 1898 1107 intruso,
1931 1040 2086 1089 cum
2123 1024 2438 1114 approba-

171 1129 342 1197 tione
368 1133 626 1220 patrum
649 1127 1007 1207 vocalium,
1050 1127 1166 1214 qui
1192 1127 1474 1215 fuerant
1499 1127 1774 1202 admissi
1807 1130 1882 1200 in
1908 1134 2260 1222 familiam
2289 1161 2440 1208 con·

172 1254 397 1312 ventus
424 1243 813 1331 novitiatus,
863 1264 948 1311 ex
980 1239 1209 1310 ordine
1232 1251 1297 1309 et
1323 1241 1643 1313 mandato
1667 1247 2108 1337 provincialis
2159 1252 2433 1321 intrusi.

172 1356 286 1424 Die
336 1359 410 1425 11
454 1360 631 1448 junii
664 1358 863 1445 1718,
890 1358 1301 1447 rescripserat
1354 1357 1424 1427 S.
1486 1358 1912 1450 Congregatio
1944 1387 1960 1431 :
1999 1366 2440 1455 Professiones

168 1494 296 1541 esse
312 1473 770 1564 ratificandas,
802 1496 954 1543 cum
970 1493 1142 1541 novo
1168 1493 1478 1543 consensu
1493 1478 1979 1565 professorum,
2021 1479 2091 1549 in
2123 1484 2437 1553 manibus

166 1588 519 1677 superioris
556 1588 890 1681 leqitimi;
914 1601 980 1657 et
1016 1609 1166 1656 cum
1190 1585 1686 1679 dispensatione
1733 1590 1958 1681 quoad
1980 1593 2143 1679 alia,
2175 1618 2322 1685 qua·
2366 1598 2438 1665 in

161 1693 734 1783 constitutionibus
749 1694 1384 1788 praescribuntur,
1395 1709 1514 1764 .et
1543 1698 1766 1787 quoad
1786 1721 1892 1767 eos
1937 1702 2057 1789 qui
2107 1716 2318 1771 essent
2348 1704 2441 1773 ad

154 1812 628 1899 professionem
648 1809 1070 1890 admittendi,
1092 1808 1317 1879 eadem
1338 1814 1408 1879 S.
1437 1812 1874 1903 Conqreqatio
1887 1815 2245 1905 rescripsit,
2262 1820 2441 1907 quod

160 1926 465 2015 superior
481 1937 773 1994 uteretur
778 1949 939 2016 jure
964 1948 1108 1996 suo.
1142 1924 1436 2008 Quando,
1453 1928 1644 2017 juxta
1672 1928 1796 1996 hoc
1814 1928 2170 2013 decretum,
2213 1934 2434 2005 volue-

164 2049 319 2108 runt
346 2040 649 2110 nonnulli
675 2063 749 2110 ex
788 2042 970 2111 dictis
1017 2041 1282 2110 nulliter
1314 2042 1612 2133 professis
1637 2042 1708 2110 in
1749 2043 2050 2114 manibus
2087 2046 2433 2135 superioris

160 2154 433 2245 legitimi
465 2157 924 2246 professionem
952 2159 1289 2244 ratificare,
1330 2165 1472 2229 orta
1493 2164 1589 2228 est
1630 2161 1923 2249 quaestio,
1955 2180 2124 2229 num
2149 2184 2432 2233 necessa·

160 2267 257 2336 ria
281 2268 623 2339 foretnova
640 2272 1033 2365 approbatio
1054 2274 1401 2343 vocalium.
1423 2270 1608 2343 Hanc
1635 2292 1873 2343 novam
1893 2275 2426 2366 approbationem

156 2385 486 2475 requirere
510 2387 814 2456 nolebant
840 2389 1240 2477 ratificaturi,
1272 2396 1630 2459 metuentes
1677 2412 1758 2459 ne
1789 2390 1950 2459 forte
1975 2391 2420 2482 denegaretur.

156 2497 565 2591 Propositum
599 2502 721 2572 suit
743 2502 809 2571 S.
840 2501 1335 2591 Cengregationi
1365 2506 1647 2576 dubium
1675 2506 1801 2593 hoc
1835 2507 2026 2575 modo
2055 2532 2072 2577 :
2101 2508 2163 2575 1⁰
2189 2510 2298 2577 An
2310 2533 2436 2595 ra·,

160 2614 524 2703 tificatione
540 2614 967 2708 professionis
992 2638 1203 2685 novus
1221 2620 1606 2707 requiratur
1628 2622 1965 2689 vocalium
1991 2645 2342 2695 consensus
2355 2626 2426 2694 in

152 2750 335 2813 casu,
362 2742 427 2800 et
450 2744 773 2822 quatenus
798 2730 1217 2822 affirmative
1229 2752 1261 2816 ;
1287 2730 1355 2798 2⁰
1385 2755 1476 2798 an
1505 2732 1590 2801 sit
1616 2734 2095 2803 consulendum
2127 2740 2431 2808 Sanctis-

150 2845 345 2930 simo,
373 2858 449 2914 ut
495 2845 821 2915 dictorum
850 2846 1180 2915 vocalium
1208 2867 1595 2915 consensum
1619 2845 1935 2941 suppleat
1978 2849 2049 2916 in
2079 2872 2260 2919 casu.
2306 2850 2428 2921 Re-

150 2982 462 3053 sponsum
486 2961 678 3031 estad
702 2969 1056 3051 utrumque
1078 2960 1512 3052 affirmative.

240 3077 610 3148 Pnorostrro
626 3076 769 3147 IV·.
781 3115 872 3130 -
884 3080 1038 3151 Non
1055 3075 1530 3161 convalidatur
1538 3077 1850 3170 professio
1861 3078 2148 3147 nulliter
2159 3082 2419 3171 emissa,

133 3214 265 3284 per
290 3193 789 3262 renovationem
822 3215 937 3263 seu
969 3192 1496 3283 ratificationem
1544 3204 1879 3281 votorum,
1913 3216 2062 3285 quoe
2106 3197 2187 3284 fit
2220 3209 2422 3287 quot-

144 3308 347 3376 annis
373 3309 445 3376 in
475 3306 873 3399 quibusdam
895 3307 1347 3398 reliqionibus‚
1382 3330 1470 3376 ex
1485 3308 1880 3399 praescripto
1912 3310 2183 3401 requlae,
2211 3334 2254 3379 a
2275 3311 2423 3381 sede

144 3428 201 3493 A
206 3425 541 3517 postolica
565 3425 978 3516 approbatae.
1012 3424 1181 3495 Cum
1210 3424 1389 3494 enim
1419 3424 1554 3494 haec
1579 3426 1908 3495 renovatio
1939 3450 2054 3497 seu
2085 3429 2421 3500 ratificatio
2467 3448 2473 3451 ·

141 3541 257 3607 fiat
284 3562 367 3607 cx
387 3540 649 3630 requla,
674 3561 807 3609 non
834 3545 928 3609 est
946 3539 1136 3631 plene
1160 3539 1385 3609 libera.
1416 3536 1499 3607 Et
1522 3540 1604 3609 ita
1638 3540 1882 3631 pluries
1906 3547 1966 3610 et
1995 3549 2362 3612 constanter
2383 3566 2419 3611 a
2529 3616 2532 3619 ,

134 3653 341 3725 Sacra
366 3652 871 3747 congregatione
920 3654 1197 3725 Concilii
1226 3654 1646 3725 declaratum
1684 3661 1802 3729 est.
1836 3656 2043 3727 Verbi
2083 3657 2312 3746 gratia,
2347 3658 2415 3726 in

125 3770 573 3858 Linqoniensi
603 3770 919 3862 12aprilis
944 3770 1121 3841 6130
1148 3770 1510 3840 decembris
1540 3770 1740 3854 1698,
1779 3771 1968 3841 allata
1997 3772 2118 3841 ruit
2153 3796 2189 3841 a
2223 3771 2416 3842 Sacra

126 3886 651 3975 Congregatione
697 3886 861 3955 ratio
915 3887 1055 3956 haec
1087 3910 1104 3955 z
1145 3886 1391 3956 Perche
1436 3886 1700 3957 essendo
1742 3886 1928 3956 detta
1982 3887 2254 3979 ratifica
2299 3911 2416 3957 ne-

128 3998 451 4085 cessaria,
496 4022 530 4067 e
566 3997 640 4067 di
658 4000 906 4091 reqola,
953 4023 1090 4071 non
1130 4004 1269 4093 pud
1303 4001 1470 4070 dirsi
1515 4002 2001 4093 approvazione
2025 4002 2414 4071 voluntaria

128 4110 315 4203 (vide
340 4113 513 4205 apud
534 4113 849 4197 Feri-aris,
877 4135 1030 4185 voce
1053 4116 1401 4207 Professio,
1441 4138 1512 4185 n.
1561 4115 1742 4208 109).

222 4226 602 4300 Pnorosmo
621 4228 731 4303 V·.
759 4230 945 4299 —Si
960 4232 1139 4321 forte
1186 4232 1258 4301 in
1291 4230 1546 4323 synodo
1577 4230 1975 4321 dioecesana,
2011 4232 2120 4303 vel
2167 4258 2210 4303 a
2252 4228 2442 4303 con-.

123 4342 288 4411 cilio
307 4344 713 4433 provinciali
729 4354 1200 4438 praescriptum
1222 4346 1456 4439 fuerit,
1489 4359 1568 4416 ut
1587 4330 1932 4439 requlares
1962 4358 2123 4418 a'nte
2155 4370 2410 4441 suscep-
