2834 4959
417 351 543 406 172
989 353 1330 405 TRAGTATUS
1375 355 1456 401 DE
1490 355 1642 401 mm:
1688 351 2103 401 REGULARHJM.

1209 775 1657 884 SECTIO
1796 781 1887 886 V

405 1063 494 1114 nn
541 1061 892 1114 nnmerosi
940 1058 1200 1110 s‘rA‘rus
1231 1059 1745 1125 ExcELLEN'mA,
1799 1057 1885 1107 ΕΤ
1930 1057 2249 1110 EsusnEM
2302 1061 2373 1109 m
2412 1059 2658 1110 13chss-

1022 1141 1028 1148 ’
1095 1175 1208 1224 slA
1265 1173 1996 1225 mnEFEcnerLer'r-n.

491 1667 755 1736 Dictum
803 1675 894 1737 est
932 1665 1370 1758 superioribus
1417 1661 1810 1732 sectionibus
1850 1661 1930 1730 de
1970 1660 2257 1751 religiosi
2302 1667 2487 1730 status
2534 1684 2655 1731 na-

405 1791 548 1853 tura
569 1790 632 1853 et
670 1785 944 1874 origine.
994 1781 1096 1852 Ad
1128 1779 1453 1872 quoddam
1506 1785 1723 1848 autem
1752 1777 2029 1868 hujusce
2078 1776 2358 1848 notionis
2398 1779 2667 1870 comple-

405 1903 728 1985 mentum,
777 1899 886 1970 hic
950 1918 1132 1968 nunc
1185 1897 1264 1966 de
1313 1895 1533 1964 divina
1579 1892 1692 1963 illa
1748 1892 2149 1962 institutione
2204 1893 2659 1984 exquirendum

403 2013 604 2101 venit,
648 2035 778 2106 quo
823 2016 908 2082 sit
947 2012 1090 2083 loco
1131 2017 1194 2080 et
1242 2009 1446 2103 pretio
1502 2008 1826 2096 habenda,
1863 2013 1925 2076 et
1970 2029 2133 2078 num
2172 2008 2509 2077 militantis
2542 2007 2654 2078 Ec-

404 2129 612 2196 clesiae
668 2129 1099 2218 integrantem
1157 2125 1254 2214 (ut
1309 2127 1404 2194 sic
1456 2122 1696 2214 dicam)
1752 2130 1999 2214 partem
2052 2127 2141 2194 ita
2185 2127 2551 2206 constituat,
2603 2131 2659 2194 ut

403 2263 748 2332 nunquam
776 2243 846 2310 in
869 2263 944 2310 ea
973 2239 1248 2309 deficere
1271 2239 1491 2330 possit.

1331 2533 1613 2604 CAPUT
1658 2535 1713 2602 Ι.

725 2766 804 2810 DE
845 2765 1070 2810 STATus
1113 2763 1412 2812 RELIGIOSI
1454 2765 1871 2812 EXCELLEN'HA
1900 2760 2321 2818 (REMJSSIVE)·
2456 2799 2471 2816 .

491 2976 598 3044 Ab
641 2973 990 3044 evolvenda
1034 2976 1324 3066 religiosi
1363 2983 1565 3049 status
1612 2977 1984 3048 excellentia
2008 2975 2345 3067 multiplex
2388 2995 2499 3042 me
2521 2971 2655 3042 ratio

403 3090 736 3175 deterruit,
784 3097 973 3181 atque
1019 3093 1091 3160 in
1137 3091 1205 3161 id
1261 3093 1515 3162 consilii
1566 3093 1841 3180 induxit,
1890 3098 1965 3162 ut
2004 3093 2307 3161 lectorem
2362 3091 2565 3183 potius
2588 3083 2651 3154 ad

407 3207 694 3292 eximias,
731 3227 877 3298 quae
922 3206 1002 3276 de
1023 3205 1145 3276 hac
1167 3222 1236 3276 re
1275 3207 1497 3299 plures
1525 3214 1791 3298 exstant,
1826 3207 2229 3279 tractationes
2254 3209 2647 3274 remitterem.

407 3320 686 3392 Pertinet
721 3326 966 3417 quippe
1015 3322 1390 3414 disceptatio
1439 3325 1581 3394 haec
1626 3325 1706 3393 ad
1752 3325 2091 3394 asceticam
2125 3322 2334 3412 magis
2372 3341 2568 3413 quam
2590 3314 2653 3386 ad

407 3439 786 3508 canonicam
829 3439 1264 3532 disciplinam.
1318 3440 1634 3522 Aliunde,
1683 3460 1801 3532 pro
1846 3438 2216 3531 argumenti
2252 3435 2653 3529 amplitudine

406 3560 468 3622 et
489 3555 822 3645 gravitate,
885 3558 1202 3646 majorem
1247 3553 1372 3624 sibi
1428 3554 1809 3647 deposcebat
1856 3556 2247 3648 paginarum
2300 3571 2649 3627 numerum,

407 3691 606 3759 quam
637 3670 854 3738 ferunt
896 3670 1099 3762 hujus
1130 3672 1328 3740 nostri
1354 3677 1661 3740 tractatus
1700 3670 1921 3740 statuti
1942 3671 2207 3742 limites.
2240 3671 2525 3742 Demum
2562 3665 2653 3735 ad-

407 3804 482 3852 eo
511 3791 816 3874 praestans
867 3784 1006 3853 haec
1050 3785 1338 3870 religiosi
1391 3791 1593 3855 status
1639 3785 1897 3870 militia,
1928 3785 2084 3855 adeo
2128 3785 2405 3856 coelestis
2460 3785 2562 3854 illa
2598 3781 2651 3847 in

405 3899 592 3968 terris
631 3899 1009 3992 degentium
1035 3900 1393 3971 hominum
1422 3901 1734 3990 conditio,
1782 3909 1857 3970 ut
1886 3900 2364 3994 pertimuerim,
2400 3925 2486 3972 ne
2520 3897 2653 3969 osci·

407 4015 567 4082 tanti
625 4037 700 4086 ac
741 4016 1032 4086 nimium
1078 4021 1402 4087 contracta
1442 4020 1757 4106 oratione,
1814 4039 1957 4087 eam
2010 4017 2221 4108 potius
2256 4019 2645 4089 obscur-arem

405 4151 603 4222 quam
649 4135 1094 4222 patefacerem.
1146 4133 1354 4204 Adeat
1396 4155 1553 4224 ergo
1597 4134 1794 4204 lector
1840 4133 2143 4204 flammea
2184 4135 2319 4205 divi
2362 4123 2641 4204 Bernardi

407 4242 654 4314 verba:
711 4246 893 4316 adeat
933 4269 1160 4318 aureas
1241 4253 1623 4318 caeterorum
1682 4247 1951 4318 Patrum
2002 4251 2367 4337 sententias,
2422 4259 2643 4318 necnon

407 4363 834 4430 asceticorum
881 4365 1268 4455 scriptorum
1317 4367 1746 4436 tractationes.
1806 4364 1908 4434 Ad
1962 4385 2175 4436 meam
2230 4365 2402 4457 quod
2450 4359 2643 4430 attinet
