2834 4959
1065 337 1216 384 PARS
1259 338 1475 384 PRIMA.
2094 381 2099 388 .
2294 341 2319 394 1
2334 341 2370 394 4
2382 341 2417 398 3

140 484 178 520 ιι
197 455 466 524 Αόὂαιὶε
489 465 555 524 et
593 453 804 522 totius
835 455 1035 546 hujus
1059 457 1615 550 conqreqationiS,
1646 467 1911 552 propter
1962 463 2133 534 hanc
2162 474 2415 538 contro-

139 574 474 641 «versiam
502 571 588 640 de
625 591 757 661 qua
807 571 1088 661 agimus,
1135 583 1212 642 ut
1260 576 1481 659 credo,
1541 576 1912 646 institutum
1955 585 2074 666 est,
2132 602 2215 649 ne
2259 584 2414 673 quis

139 717 169 754 a
190 688 526 758 Abbatum
577 687 862 791 crederet
919 687 1046 757 sibi
1089 688 1294 758 facere
1339 690 1834 781 professionem,
1898 713 2053 764 cum
2102 717 2169 764 se
2232 698 2417 767 audit

138 835 162 868 a
194 803 532 874 nominari
577 801 648 870 in
693 803 834 894 ipsa
873 803 1308 894 profession&
1358 804 1537 894 quod
1606 807 1978 877 cautissima
2041 810 2409 901 provisione

138 947 166 983 ιι
200 925 514 988 statutum
561 923 684 986 est.
727 941 766 983 ι)
831 916 1088 986 Addere
1137 921 1451 1008 potuisset
1525 919 1597 988 in
1670 921 2009 990 nonnullis
2092 927 2413 996 asceteriis

129 1053 345 1123 neque
387 1031 652 1100 Abbatis
724 1053 940 1122 neque
1009 1033 1529 1122 congregationis
1606 1037 2005 1106 mentionem
2047 1038 2245 1108 fuisse
2304 1040 2405 1110 ia-

133 1157 306 1220 ctam
335 1149 449 1241 (i).
497 1149 917 1221 Postmodum
953 1148 1388 1220 nihilominus
1430 1151 1776 1242 praevaluit
1818 1153 2180 1243 Abbatum‚
2208 1156 2264 1224 si
2309 1156 2404 1224 sic

131 1285 356 1334 vocare
402 1265 612 1345 liceat,
671 1264 946 1357 opinio'3
990 1264 1523 1356 quandoquidem
1590 1266 1949 1337 secundum
1994 1267 2399 1340 Deci-etalem

137 1380 482 1448 Innocentii
513 1377 598 1448 111
639 1377 730 1470 (2)
757 1378 838 1449 ad
890 1377 1175 1448 valorem
1203 1379 1619 1472 professionis
1658 1383 2015 1471 requiritur
2058 1391 2131 1452 ut
2168 1380 2436 1456 e'missa·

141 1497 370 1588 pariter
409 1495 492 1566 sit
535 1505 601 1567 et
645 1502 903 1590 accepta
935 1519 972 1566 a
1041 1496 1310 1567 Praelato
1371 1499 1659 1590 regulari
1705 1501 1911 1571 aliove
1961 1503 2102 1594 ejus
2177 1505 2391 1576 locum

136 1619 368 1682 tenente
397 1643 416 1696 ;
471 1619 540 1682 et
583 1615 656 1683 in
699 1614 936 1684 multas
962 1613 1278 1684 formulas
1327 1617 1771 1686 introductum
1812 1618 1936 1687 fuit
1977 1627 2049 1688 ut
2086 1622 2396 1712 professio

135 1729 222 1798 rel
263 1729 602 1821 promissio
633 1729 770 1800 Deo
804 1730 986 1799 fieret
1033 1735 1096 1800 et
1147 1729 1479 1822 Superiori
1539 1731 1655 1823 (3),
1697 1734 1871 1823 quod
1933 1737 2150 1826 ipsum
2198 1742 2393 1808 etiam

136 1843 403 1914 cernitur
425 1846 500 1914 in
547 1848 818 1936 antiquo
859 1852 1048 1938 pacto
1089 1846 1573 1916 monachorum
1627 1849 1872 1937 regulas
1920 1847 1991 1919 S.
2052 1849 2392 1922 Fructuosi

131 1961 372 2050 adjecto
391 1963 508 2050 (4).
539 1963 563 2051 ]

212 2073 526 2148 Hactenus
590 2079 768 2148 citati
839 2076 1273 2148 Bollandistae.
1351 2077 1661 2159 Quorum
1714 2080 1967 2150 erudita
2020 2081 2391 2175 disceptatio

135 2192 366 2264 abunde
411 2197 672 2288 probat,
721 2219 758 2267 e
804 2219 1006 2267 censu
1051 2197 1511 2288 religiosorum
1573 2200 1835 2291 proprie
1872 2200 2199 2271 dictorum
2253 2225 2387 2274 non

139 2313 568 2402 expungendos
635 2333 772 2382 esse
803 2315 1102 2405 priorum
1146 2305 1544 2384 saeculorum
1587 2316 1885 2414 homines
1941 2317 2074 2389 Deo
2115 2318 2381 2410 dicatos,

141 2443 200 2489 ex
221 2446 286 2494 eo
326 2430 560 2520 capite,
620 2428 796 2520 quod
851 2450 1218 2519 expressam
1291 2431 1760 2520 professionem
1813 2453 1946 2500 non
1994 2427 2377 2504 emiserint:

139 2545 451 2627 potuerunt
477 2542 809 2634 siquidem
845 2543 1227 2633 religiosum
1265 2551 1503 2612 statum
1534 2546 1731 2614 tacite
1755 2548 2059 2635 profiteri.

217 2655 440 2730 Rasum
471 2659 582 2730 11⁸.
608 2697 700 2712 —
717 2659 1116 2750 Neqandum
1139 2682 1274 2728 non
1307 2671 1404 2728 est
1411 2661 1755 2752 pn'oribus
1785 2662 2093 2731 Ecclesiae
2124 2677 2382 2756 tempo-

141 2768 302 2838 ribus
341 2796 516 2844 voeos
537 2773 873 2844 exstitisse
914 2773 1276 2865 reliqz'osos,
1311 2795 1394 2840 ex
1436 2795 1509 2840 eo
1545 2771 1727 2864 quod
1747 2797 1885 2842 non
1912 2779 2279 2866 reperiatur
2306 2801 2379 2848 eo

143 2895 392 2977 tempore
409 2893 558 2960 vita
579 2887 950 2959 communis
966 2911 1087 2962 seu
1103 2887 1522 2977 coenobitica,
1552 2889 1660 2957 vel
1685 2891 2053 2958 communis
2080 2891 2373 2978 habitus,

137 3001 231 3068 vel
261 3006 700 3076 communium
746 3004 989 3074 eisdem
1045 3004 1226 3072 horis
1267 3005 1736 3073 exercitiorum
1760 3027 1937 3074 usus.
1974 3041 2067 3056 --
2092 3005 2262 3074 Nam
2295 3007 2374 3077 ad

133 3137 513 3192 communem
535 3123 740 3192 vitam
759 3122 934 3212 quod
951 3122 1201 3208 attinet,
1219 3141 1419 3212 supra
1430 3119 1778 3211 probatum
1799 3127 1897 3190 est
1912 3141 2059 3190 eam
2080 3141 2213 3190 non
2238 3144 2375 3192 esse

129 3229 202 3300 de
222 3235 482 3330 religiosi
499 3244 702 3308 status
719 3235 1012 3306 essentia.
1047 3233 1234 3304 Unde
1279 3235 1428 3306 licet
1448 3236 1755 3305 historice
1784 3235 2363 3326 demonstraretur,

129 3353 262 3418 ante
291 3355 588 3424 saecnlum
611 3354 876 3423 tertium
931 3351 1060 3420 vel.
1083 3356 1396 3442 quartum
1440 3351 1749 3421 exstitisse
1798 3349 2015 3422 nullos
2048 3352 2370 3443 ejusmodi

127 3465 462 3552 menenius,
514 3467 642 3538 sub
692 3467 916 3536 eodem
958 3471 1126 3536 tecto
1193 3465 1617 3556 ejusdemque
1655 3465 2004 3558 superioris
2055 3470 2373 3559 regimine

136 3575 422 3670 degentes,
453 3583 522 3654 id
541 3603 958 3674 nequaquam
1003 3581 1329 3651 evinceret
1373 3581 1543 3651 veris
1596 3581 1914 3673 religiosis
1956 3605 2029 3652 ea
2081 3588 2371 3673 tempora

177 3863 354 3925 (licit.
383 3871 618 3932 Matiene,
641 3869 944 3933 Commeat„
982 3883 1034 3934 p.
1063 3871 1156 3919 756
1185 3871 1239 3919 et
1264 3869 1374 3920 757.

175 3955 234 4014 (2)
255 3955 305 4006 C·
325 3957 398 4008 Ad
422 3959 773 4025 apostolicam3
803 3959 866 4010 de
889 3957 1222 4022 Regularum
1249 3957 1356 4019 (uh.
1386 3959 1437 4016 3,
1462 3959 1547 4008 ut.
1584 3957 1678 4019 31).

181 4043 236 4104 (ὅ)
257 4043 350 4098 crr.
367 4061 423 4101 v.
449 4064 499 4115 g.
529 4049 745 4102 formula
764 4049 1087 4114 professionis
1103 4046 1683 4109 Proemonstratensium‚
1706 4047 1759 4098 ln
1790 4045 2009 4097 statutis
2038 4041 2156 4094 ord.
2180 4043 2361 4097 Praem.

137 4123 306 4184 [mann
323 4135 480 4202 editis,
500 4139 618 4192 dist.
651 4141 698 4202 1,
723 4150 837 4204 cap.
890 4140 966 4200 ιτ,
989 4138 1236 4199 num‚1‘1,
1273 4148 1325 4198 p.
1361 4137 1449 4198 563
1491 4132 1711 4185 formula
1747 4131 2073 4198 professionis
2102 4144 2203 4184 soc.
2226 4132 2365 4198 lesu,

139 4211 380 4285 Constitui„
403 4230 538 4290 part.
583 4231 636 4290 4,
661 4239 777 4291 cap.
822 4229 881 4287 ⁴3
905 4225 1126 4278 formula
1149 4224 1449 4276 monialium
1471 4223 1590 4276 ord.
1612 4223 1667 4275 S.
1705 4219 1898 4272 Bened.
1938 4221 1991 4270 in
2015 4219 2201 4287 Belgio,
2229 4220 2363 4286 apud

141 4294 393 4374 nmmum,
411 4313 498 4366 m».
521 4318 570 4380 ⁴,
589 4319 744 4368 tract.
778 4317 828 4377 5,
854 4313 984 4380 «naq.
1020 4315 1070 4376 4,
1091 4327 1141 4378 p.
1175 4315 1285 4365 409.

187 4388 242 4449 (⁴)
261 4394 388 4462 Apud
405 4401 708 4469 flaestenum,
728 4405 831 4460 loc.
865 4407 956 4458 cit.
