2834 4959
1095 353 1245 400 PARS
1285 353 1525 402 TERTIA.
2319 351 2391 407 51
2409 352 2441 407 S

175 475 572 547 observantia
588 472 760 563 juris
785 470 946 540 olim
974 469 1044 537 in
1072 467 1276 537 Gallia
1299 478 1362 538 et
1387 468 1614 559 Belgio
1658 471 1956 562 vigentiS,
1986 474 2160 564 quod
2208 479 2442 547 mortis
2540 549 2546 556 ,

177 592 392 664 civilis
433 590 702 659 nomine
749 587 1157 674 designatum
1192 586 1257 654 vi
1309 587 1497 675 cujus
1528 585 1771 656 scilicet
1818 589 2215 658 haereditates
2267 596 2331 660 et
2354 591 2445 660 le-

175 717 346 800 gata,
397 727 544 797 quae
595 684 900 792 religioso
949 700 1227 791 professo
1275 701 1710 787 obvenissent,
1767 725 1977 793 neque
2044 705 2193 794 ipsi,
2236 729 2445 797 neque

172 823 382 914 ipsius
409 816 860 888 communitati
901 813 1423 904 acquirebantur,
1465 816 1572 884 sed
1626 821 2121 907 consanguineis
2166 828 2277 890 aut
2304 823 2447 892 aliis

168 939 360 1026 juxta
401 932 562 1024 legis
583 931 793 1000 civilis
835 929 1160 1008 ordinem,
1193 928 1457 1018 perinde
1484 951 1560 998 ac
1598 930 1653 998 si
1706 931 2057 1023 profitendo
2106 936 2447 1026 religiosus

179 1049 466 1120 obiisset.
497 1046 674 1116 Hinc
696 1045 908 1136 praxis
935 1049 1030 1111 est
1053 1044 1122 1111 in
1153 1044 1579 1113 conventibus
1598 1051 1733 1115 tam
1754 1048 2047 1117 virorum
2076 1073 2274 1140 quam
2300 1076 2449 1124 mo-

177 1165 462 1234 nialium
501 1162 733 1253 Belgii,
764 1166 859 1246 ut,
911 1159 1290 1230 obveniente
1329 1159 1549 1251 aliqua
1580 1162 1971 1249 haereditate,
1997 1167 2053 1234 is
2103 1170 2210 1237 cui
2240 1169 2451 1238 haere-

178 1282 342 1350 ditas
389 1280 528 1348 haec
559 1298 668 1368 per
721 1276 936 1366 legem
973 1275 1234 1343 civilem
1284 1275 1678 1364 attribuitur,
1717 1300 1950 1368 puram
1980 1286 2043 1349 et
2086 1283 2449 1375 simplicem

177 1393 732 1464 renuntiationem
784 1390 996 1459 faciat.
1035 1388 1219 1458 Unde
1265 1391 1569 1458 monialis
1592 1391 1917 1480 quaelibet,
1956 1396 2172 1463 statim
2204 1419 2281 1466 ac
2298 1420 2453 1490 pro-

179 1511 523 1579 fessionem
553 1506 796 1588 emisit,
822 1525 1086 1597 prorsus
1137 1502 1443 1574 inhabilis
1495 1511 1859 1598 reputatur,
1890 1509 2023 1577 sive
2052 1511 2132 1578 ad
2167 1512 2457 1582 retinen-

180 1624 368 1712 dum,
397 1627 534 1695 sive
603 1623 684 1694 ad
740 1620 1218 1712 acquirendum
1271 1619 1666 1689 dominium.
1708 1620 1884 1690 Dum
1956 1629 2172 1693 autem
2221 1626 2461 1696 dictam

181 1740 728 1812 renuntiationem
774 1739 926 1808 facit
991 1735 1322 1821 monialis,
1373 1757 1503 1805 nou
1556 1739 1866 1826 tanquam
1921 1746 2137 1808 actum
2187 1741 2463 1812 dominii

179 1855 648 1926 formalitatem
675 1853 856 1922 illam
891 1852 1124 1944 explet,
1146 1853 1258 1922 sed
1295 1874 1370 1922 eo
1407 1852 1657 1935 animo,
1686 1857 1759 1919 ut
1810 1851 1979 1921 bona
2011 1853 2149 1923 haec
2172 1857 2251 1923 ad
2281 1877 2463 1927 veros

187 1991 348 2041 suos
375 1969 681 2036 dominos
701 1969 1030 2058 pervenire
1053 1970 1326 2038 valeant.

276 2078 653 2148 Psorosmo
697 2077 836 2148 1V·.
867 2117 954 2132 -
977 2083 1110 2152 Nec
1162 2078 1336 2147 deest
1385 2077 1779 2148 solemnitas
1808 2077 1883 2146 in
1916 2079 2085 2147 votis
2131 2079 2463 2151 dictarum

181 2195 408 2285 Belqiz·
457 2193 874 2280 monialium,
906 2218 986 2264 ex
1022 2193 1284 2286 defectu
1333 2195 1681 2266 clausurae.
1716 2233 1807 2247 —
1856 2195 2027 2265 Huic
2062 2199 2237 2266 enim
2278 2199 2465 2268 clau-

184 2331 360 2389 surae
391 2309 524 2400 legi
545 2310 860 2400 subjectas
883 2333 1018 2380 sese
1053 2312 1440 2399 existimant,
1474 2313 1540 2382 vi
1570 2310 1977 2402 professionis
2000 2334 2157 2398 suae,
2184 2321 2247 2382 et
2275 2316 2337 2382 vi
2364 2315 2466 2385 in-

187 2432 394 2502 stituti
429 2432 503 2499 in
534 2452 664 2521 quo
685 2431 1143 2523 professionem
1171 2433 1552 2502 emiserunt.
1587 2430 1661 2501 Id
1683 2438 1896 2502 autem
1929 2433 2168 2502 sufficit
2197 2440 2271 2503 ut
2294 2436 2467 2505 salva
2496 2481 2501 2486 -

192 2549 284 2618 sit
311 2554 612 2616 votorum
657 2547 1051 2617 solemnitas.
1093 2547 1278 2628 Quod
1329 2549 1510 2615 enim
1567 2546 1871 2637 obligatio
1900 2550 2043 2618 haec
2080 2551 2299 2620 minus
2322 2549 2471 2620 dili-

197 2668 435 2753 genter
460 2670 770 2750 servetur,
786 2665 1056 2732 noxium
1081 2661 1349 2753 quidem
1388 2666 1483 2729 est
1506 2668 1569 2728 et
1613 2661 2071 2750 corrigendum
2096 2687 2115 2746 ;
2148 2672 2211 2731 at
2236 2667 2470 2734 solem-

189 2777 471 2846 nitatem
523 2784 822 2847 votorum
881 2799 1013 2846 non
1067 2779 1251 2846 tollit.
1299 2777 1622 2846 Caeterum
1657 2774 1871 2843 nullos
1909 2777 1979 2843 in
2007 2777 2225 2864 Belgio
2263 2781 2473 2867 quoad

188 2893 570 2962 clausuram
595 2894 922 2985 irrepsisse
951 2893 1226 2985 alicujus
1254 2891 1565 2961 momenti
1588 2890 1824 2959 abusus
1850 2891 2167 2958 existimo.

281 3007 658 3079 Pnorosmo
683 3009 792 3078 V·.
823 3047 914 3061 —
945 3009 1098 3082 Nisi
1117 3009 1529 3100 sufficienter
1560 3016 1835 3092 constet,
1866 3007 2029 3075 velle
2054 3005 2269 3076 sedem
2298 3011 2477 3102 Apo·

188 3125 530 3211 stolicam,
572 3137 652 3192 ut
683 3123 1010 3194 dictarum
1039 3126 1258 3216 Belqii
1291 3123 1695 3192 monialium
1752 3134 1907 3191 vota
1944 3121 2285 3214 simplicia
2312 3126 2474 3209 sint,

177 3263 317 3332 pro
379 3239 783 3314 solemnibus
825 3254 984 3310 sunt
1029 3239 1356 3309 habenda.
1389 3279 1481 3292 --
1542 3238 1802 3309 Seclusa
1857 3240 2109 3332 quippe
2143 3239 2264 3312 hac
2312 3241 2479 3311 sedis

187 3357 590 3446 Apostolicae
617 3356 968 3441 voluntate,
1001 3356 1180 3424 nulla
1209 3357 1477 3446 allegari
1520 3361 1725 3446 potest
1751 3353 1911 3423 ratio
1949 3353 2027 3422 ad
2072 3359 2478 3428 asserendam

191 3472 530 3561 ejusmodi
555 3477 852 3541 votorum
883 3471 1382 3563 simplicitatem.
1419 3471 1583 3540 Nam
1609 3477 1839 3562 praeter
1867 3469 2057 3539 modo
2099 3474 2475 3554 confutataS,

193 3577 386 3646 nulla
411 3578 690 3668 alicujus
721 3583 1040 3648 momenti
1072 3580 1415 3668 excogitari
1445 3598 1632 3669 posse
1664 3579 1939 3646 videtur.

293 3693 398 3762 Ad
445 3694 846 3764 voluntatem
875 3702 1088 3764 autem
1123 3693 1525 3764 pontificiam
1582 3694 1758 3784 quod
1799 3695 2055 3781 attinet,
2088 3697 2335 3761 certum
2390 3701 2485 3762 est

197 3808 290 3876 ab
324 3799 454 3877 'illa
492 3810 778 3900 pendere
820 3817 896 3879 ut
940 3819 1087 3881 vota
1131 3811 1271 3880 haec
1299 3809 1626 3901 simplicia
1662 3812 1814 3879 sint.
1864 3807 1985 3880 Sed
2032 3806 2319 3899 quandiu
2350 3827 2483 3874 non

197 3921 458 3984 constat
499 3917 662 3987 velle
737 3917 1112 3988 Romanum
1187 3916 1585 4000 Pontificem,
1644 3922 1716 3986 ut
1776 3916 2091 4008 simplicia
2140 3915 2270 3984 sint
2330 3920 2477 3984 vota

195 4032 440 4102 emissa
494 4033 566 4101 in
598 4033 815 4123 aliquo
842 4033 1158 4118 instituto,
1192 4054 1342 4101 cum
1391 4035 1555 4102 votis
1588 4033 1993 4101 solemnibus
2030 4035 2218 4098 antea
2250 4050 2483 4121 appro-

195 4145 374 4232 bate,
407 4167 818 4238 perseverare
855 4145 1226 4216 solemnitas
1288 4147 1603 4217 censenda
1644 4153 1757 4216 est.
1806 4144 1971 4214 Nam
2035 4145 2354 4234 ejusmodi
2388 4146 2491 4211 in-

196 4263 502 4332 stitutum
553 4263 996 4356 approbando,
1053 4265 1250 4334 semel
1305 4285 1425 4357 pro
1490 4285 1745 4355 semper
1804 4267 2117 4353 tanquam
2185 4260 2495 4330 solemnia

195 4379 384 4448 sedes
463 4379 832 4471 Apostolica
889 4388 1172 4472 acceptat
1249 4391 1390 4450 vota
1439 4378 1681 4460 omnia,
1736 4401 1883 4471 quse
1946 4379 2019 4450 in
2072 4400 2150 4448 eo
2206 4374 2496 4447 instituto
