2834 4959
364 392 489 455 436
932 395 1271 445 ‘raacmus
1314 397 1394 444 m:
1437 396 1588 443 suas
1631 394 2046 442 assummum.

452 521 528 592 ΙΙ.
568 518 805 589 Iudaei
846 519 1057 588 etiam
1098 528 1321 611 potest
1350 538 1435 586 ex
1470 514 1776 585 Ecclesia»
1799 515 1896 584 sic
1932 514 2301 583 statuentis
2364 514 2522 607 leqe.
2543 552 2623 567 —

362 638 529 707 Nam
555 640 925 729 potestatem
947 635 1140 705 habet
1162 606 1446 703 Ecclesia
1476 632 1556 702 de
1582 634 1780 701 rebus
1805 631 2002 701 etiam
2025 630 2498 723 temporalibus
2518 632 2620 701 de-

360 752 691 837 cernendi,
744 747 1006 840 quando
1050 748 1118 816 id
1154 747 1606 815 necessarium·
1645 752 1741 813 est
1792 751 1910 814 aut
1961 747 2119 813 utile
2165 745 2249 814 ad
2305 746 2614 836 spirituale

364 868 730 936 animarum
763 865 1041 951 bonum,
1073 867 1267 954 prout
1316 861 1510 929 modo
1556 859 2001 951 probavimus.
2035 859 2394 951 Spirituale
2420 868 2610 929 autem

362 986 735 1056 animarum
761 982 1009 1052 bonum
1054 1002 1251 1073 quam
1296 980 1580 1047 maxime
1629 980 1887 1069 exurgit
1939 1000 2015 1045 ex
2045 999 2359 1068 prospera
2381 976 2616 1067 religio·

361 1122 585 1171 sorum
608 1099 917 1169 ordinum
958 1095 1353 1167 conditione.
1384 1094 1530 1163 Jam
1586 1114 1738 1162 vero
1777 1114 1976 1185 quam
2000 1091 2162 1165 utile
2190 1092 2273 1161 sit
2313 1091 2614 1182 religiosis

358 1215 701 1285 ordinibus
730 1220 802 1283 ut
844 1213 924 1282 ad
968 1212 1139 1299 ipsos
1196 1209 1618 1279 transferatur
1659 1209 2034 1280 dominium
2086 1210 2441 1291 bonorum,
2483 1230 2612 1300 quae

366 1330 641 1421 singulis
670 1331 959 1419 ipsorum
1010 1327 1325 1397 membris
1354 1326 1664 1396 obvenire
1691 1334 1982 1417 possunt,
2029 1347 2224 1395 nemo
2249 1348 2380 1397 non
2425 1325 2603 1395 videt.

359 1446 528 1536 Ergo
554 1450 760 1535 potest
800 1441 1082 1511 Ecclesia
1112 1441 1594 1511 translationem
1641 1442 1812 1512 hanc
1867 1441 2226 1512 decernere.
2263 1440 2446 1511 Unde
2485 1464 2610 1511 non

360 1567 611 1629 tantum
638 1557 804 1625 valet
832 1555 1114 1625 Ecclesia
1136 1555 1513 1647 religiosum
1548 1556 1910 1647 professum
1947 1557 2306 1649 incapacem
2333 1556 2604 1625 dominii

356 1678 647 1758 reddere,
668 1677 777 1746 sed
798 1682 861 1744 et
906 1673 1106 1744 simul
1132 1674 1213 1743 ad
1242 1676 1784 1745 communitatem
1812 1675 2153 1745 transferre
2171 1675 2334 1743 bona
2354 1676 2590 1759 omnia,

357 1815 503 1886 quae
538 1792 838 1883 religioso
864 1792 933 1860 in
962 1790 1417 1882 proprietatem
1447 1790 1852 1877 obvenirent,
1883 1791 1938 1861 si
1961 1788 2202 1860 habilis
2247 1787 2322 1858 ad
2347 1810 2417 1859 ea
2451 1810 2596 1882 pos-

356 1910 625 1981 sidenda
642 1908 1069 1978 remansisset.

441 2024 763 2096 Caeterum
808 2022 1041 2092 nonin
1065 2020 1186 2091 hac
1206 2042 1277 2089 re
1300 2026 1580 2106 tantum,
1613 2021 1722 2089 sed
1749 2020 1906 2089 etin
1953 2021 2182 2091 multis
2211 2020 2355 2090 aliis
2385 2021 2608 2113 praefa-

360 2147 493 2211 tam
518 2146 894 2231 potestatem
914 2138 995 2205 de
1026 2136 1221 2205 rebus
1243 2136 1730 2227 temporalibus,
1772 2136 1857 2206 ob
1874 2135 2212 2228 spirituale
2253 2138 2602 2207 animarum

358 2254 633 2338 bonum,
651 2250 1039 2319 decernendi
1066 2257 1315 2320 exercet
1335 2250 1644 2321 Ecclesia.
1689 2248 1865 2321 Dum
1892 2254 2276 2343 congregari
2305 2253 2510 2321 fideles
2535 2254 2608 2321 ad

352 2368 748 2441 audiendum
782 2364 1029 2434 statutis
1054 2364 1282 2433 diebus
1310 2386 1569 2435 sacrum
1600 2368 1889 2458 praecipit
1920 2366 2228 2456 Ecclesia,
2263 2369 2422 2459 quid
2447 2366 2609 2437 aliud

358 2484 510 2555 facit
531 2502 729 2573 quam
760 2484 1153 2549 conventum
1178 2479 1383 2551 simul
1404 2480 1648 2553 civium
1668 2460 2042 2570 decernere,
2074 2482 2188 2574 qui
2219 2504 2336 2573 per
2363 2506 2426 2553 se
2451 2492 2607 2551 tem-

369 2596 608 2690 poralis
642 2602 761 2682 est,
794 2602 859 2663 et
882 2593 1255 2687 reipublicae
1282 2597 1838 2688 tranquillitatem,
1869 2618 1983 2668 seu
2011 2598 2331 2689 potestatis
2357 2597 2604 2667 wenla-

360 2714 453 2783 ris
478 2712 707 2793 finem,
736 2708 1037 2800 respicit?

450 2825 739 2895 Profecto
760 2826 979 2913 agnita
1004 2830 1099 2893 est
1142 2824 1309 2896 dicta
1336 2825 1505 2896 sedis
1531 2826 1917 2918 Apostolicae
1968 2828 2040 2897 in
2090 2850 2193 2899 res
2239 2828 2608 2922 temporales

356 2946 665 3031 potestas,
713 2938 975 3029 quando
1012 2936 1426 3009 Gallicanum
1471 2940 1870 3031 gubernium
1927 2941 2298 3034 postulavit,
2333 2952 2404 3013 ut
2429 2960 2610 3011 sum-·

351 3076 501 3125 mus
552 3053 837 3123 Pontifex
906 3052 1488 3125 ecclesiasticorum
1542 3055 1867 3129 bonorum
1951 3059 2310 3129 detentores
2355 3080 2392 3128 a
2433 3058 2606 3129 resti-

350 3168 579 3239 tuendi
626 3168 1019 3259 obligatione
1090 3168 1467 3257 absolveret,
1525 3178 1589 3241 et
1629 3172 2010 3242 eorumdem
2070 3173 2391 3243 bonorum
2455 3173 2607 3263 ipsis

350 3283 723 3353 dominium
770 3284 1041 3354 cederet.
1100 3282 1289 3365 Quod
1322 3294 1387 3356 et
1427 3288 1808 3359 concordate
1865 3286 2023 3359 anni
2063 3288 2230 3357 1801
2281 3296 2604 3381 peractum

341 3396 489 3467 fuit.

1266 3648 1543 3721 CAPUT
1583 3650 1673 3722 V.

359 3888 702 3936 SAEGULAms
743 3884 1039 3935 rowsus
1076 3888 1277 3944 moun
1316 3889 1817 3939 mensurant
1859 3892 2102 3942 nouum
2143 3896 2210 3943 m
2258 3896 2591 3959 RELIGIOSIS,

432 3986 634 4041 noun
678 3984 963 4032 BONORUH
1004 3984 1157 4033 11’818
1200 3985 1666 4035 onvnumnnun
1704 3988 2178 4041 nnvomssonssn
2227 3996 2312 4043 Au
2349 3994 2594 4041 Irsonux

369 4122 379 4129 .
426 4082 898 4133 connominari-:s
942 4082 1165 4129 unns
1206 4084 1429 4133 Pon-:ST
1467 4086 1854 4137 nsscssmffims.

438 4304 994 4378 praenotandum.
1034 4346 1125 4361 -
1168 4312 1231 4379 1⁰
1272 4308 1541 4379 Certum
1586 4317 1682 4381 est
1717 4332 1756 4383 a
1803 4310 2169 4385 Iustiniano
2219 4318 2592 4409 imperatore

342 4422 675 4493 decretum
705 4421 896 4493 fuisse
932 4430 1005 4493 ut
1059 4446 1157 4494 res
1210 4446 1436 4496 omnes
1492 4426 1819 4515 monachi,
1867 4428 2082 4501 statim
2127 4452 2204 4502 ac
2267 4426 2604 4525 professio-
