2834 4959
396 324 521 380 ²98
984 329 1324 379 macutus
1368 330 1449 377 m:
1489 330 1640 378 mma:
1676 326 2090 377 assummum.

398 478 434 517 a
472 450 777 532 conferat,
829 458 891 517 et
940 450 1048 519 cui
1094 448 1284 539 tollit,
1334 452 1574 521 damna
1621 451 1842 541 gravia
1881 470 2016 518 non
2057 448 2334 538 infligat.
2385 450 2684 525 Ecclesia

400 594 434 635 α
468 587 621 634 vero
672 586 817 655 quae
874 566 1245 636 monasticis
1284 588 1416 637 non
1463 566 1926 637 informabitur
1973 564 2251 655 regulis,
2301 572 2416 635 aut
2465 590 2678 659 quam

396 674 431 748 a
464 702 585 773 pro
628 680 763 749 suis
806 681 1189 751 munificare
1218 682 1498 753 voluerit
1535 683 1908 775 sepulturis,
1957 702 2092 751 non
2141 682 2428 774 amplius
2473 706 2681 776 quam

398 825 430 863 α
462 798 877 869 centesimam
902 806 1154 890 partem
1177 820 1409 869 census
1433 798 1736 869 Ecclesia!
1765 798 1874 867 cui
1899 798 2218 889 praesidet,
2252 798 2499 869 ibidem
2518 822 2678 870 con-

396 940 433 980 «
463 914 627 982 ferre
657 912 917 999 licebit3
961 935 1037 985 ea
1076 920 1298 984 tamen
1324 915 1576 984 cautela
1619 918 1888 999 servata,
1935 917 2012 981 ut
2037 915 2500 985 tantummodo
2529 938 2678 1007 quae

396 1056 431 1095 e<
458 1028 801 1119 placuerit,
842 1050 917 1097 ex
952 1028 1058 1098 his
1096 1030 1353 1099 duabus
1388 1030 1938 1099 remunerandam
1967 1032 2272 1097 assumat.
2319 1054 2358 1095 n
2395 1028 2676 1123 (PueyO,

392 1142 705 1213 Collectio
736 1144 1173 1214 conciliorum
1194 1144 1567 1237 Hispaniae,
1590 1166 1740 1237 pag.
1765 1142 1954 1234 479.)
1969 1142 2067 1211 lbi
2097 1143 2498 1234 permittitur
2525 1148 2680 1217 novi

389 1266 744 1328 conventus
774 1260 1034 1341 erectio,
1080 1280 1234 1329 cum
1278 1260 1560 1329 ecclesiae
1595 1258 1978 1329 cathedralis
2013 1259 2410 1349 praejudicio.
2445 1259 2534 1329 Et
2558 1283 2680 1331 no-
2794 1322 2795 1367 ἶ

388 1380 561 1443 tetur
608 1376 909 1464 permitti
970 1350 1426 1443 alienationem
1485 1374 2045 1466 quinquagesimis
2095 1375 2293 1467 partis
2345 1375 2682 1446 bonorum
2794 1370 2795 1421 3

386 1508 507 1579 pro
528 1488 905 1556 monasterii
932 1488 1309 1559 fundatione
1334 1514 1351 1558 z
1380 1510 1500 1580 pro
1521 1488 1898 1558 fundatione
1921 1494 2138 1559 autem
2159 1488 2441 1561 ecclesiae
2467 1513 2683 1571 saecu2

384 1601 563 1687 laris,
598 1602 964 1673 centesimas
1001 1608 1279 1672 tantum.

472 1716 845 1809 Capitulare
886 1717 1099 1789 Caroli
1125 1716 1366 1811 Magni,
1398 1718 1649 1788 editum
1674 1719 1757 1788 ad
1785 1716 1956 1807 Salz,
1998 1738 2172 1788 anno
2197 1717 2353 1801 804,
2383 1720 2478 1788 sic
2513 1720 2674 1789 dis-

385 1833 665 1923 ponebat
695 1859 712 1902 ε
776 1860 810 1901 c<
855 1834 1245 1926 Quicunque
1296 1834 1575 1904 voluerit
1625 1837 1698 1903 in
1741 1854 1858 1903 sua
1902 1835 2288 1927 proprietate
2331 1834 2674 1905 ecclesiam

394 1974 428 2015 «
458 1952 795 2037 aedifioere,
857 1974 989 2023 una
1050 1974 1206 2022 cum
1259 1972 1578 2023 consensu
1631 1950 1930 2043 Episcopi
1987 1952 2060 2020 in
2119 1954 2311 2043 cujus
2365 1952 2680 2044 parochia

392 2089 425 2127 «
456 2066 676 2153 fuerit,
732 2068 1063 2136 licentiam
1118 2068 1375 2137 habeat.
1452 2065 1927 2136 Verumtamen
1989 2067 2262 2155 omnino
2324 2068 2678 2157 providen-
2794 2136 2795 2139 ,

395 2178 617 2247 «dum
672 2186 765 2247 est
813 2188 887 2249 ut
944 2181 1087 2251 aliae
1144 2182 1430 2251 ecclesiae
1481 2180 1876 2271 antiquiores
1929 2186 2190 2272 propter
2247 2180 2423 2250 hanc
2485 2202 2676 2252 occa-

394 2315 429 2357 «
457 2295 707 2362 sionem
746 2294 1067 2365 ullatenus
1094 2317 1278 2365 suam
1308 2296 1664 2386 justitiam
1697 2304 1810 2366 aut
1841 2296 2166 2365 decimam
2195 2318 2328 2365 non
2369 2299 2668 2389 perdant,
2794 2328 2795 2389 3

393 2408 567 2476 «sed
620 2430 873 2500 semper
924 2409 1017 2478 ad·
1052 2411 1448 2499 antiquiores
1494 2412 1789 2481 ecclesias
1830 2413 2298 2503 persolvantur.
2359 2436 2396 2478 n
2455 2413 2672 2507 (Apud
2794 2396 2795 2437 t

384 2520 796 2607 Gratianum,
828 2542 973 2592 can.
1014 2524 1130 2610 44,
1154 2544 1359 2595 causae
1392 2526 1500 2612 16,
1533 2548 1602 2617 q.
1629 2528 1694 2610 1,
1729 2525 1850 2596 sub
1869 2529 2138 2597 nomine
2161 2528 2427 2598 concilii
2455 2529 2673 2599 'VVor-
2794 2556 2795 2603 fi

384 2636 771 2731 matiensis.)
829 2636 999 2730 Ergo
1057 2645 1237 2710 tunc¹
1270 2642 1588 2733 temporis
1646 2641 1935 2713 liberum
1997 2649 2134 2713 erat
2189 2646 2466 2735 cuique,
2531 2666 2673 2716 cum

380 2750 680 2844 Episcopi
756 2774 1074 2825 consensu
1096 2811 1117 2843 ,
1178 2756 1477 2826 ecclesias
1535 2757 1670 2826 sive
1735 2757 2062 2847 regulares
2119 2760 2255 2828 sive
2325 2762 2672 2831 saeculares

382 2875 729 2954 exstruere,
770 2868 965 2939 modo
1000 2870 1144 2939 aliis
1179 2872 1307 2941 loci
1352 2870 1640 2941 ecclesiis
1667 2893 1802 2941 non
1841 2872 2244 2943 subtraheret
2279 2872 2585 2945 decimas
2616 2880 2672 2944 et

367 2982 737 3073 justitiam.
793 2982 1147 3059 Dicebatur
1195 2992 1412 3055 autem
1447 2986 1727 3076 justitia
1779 3011 1816 3053 α
1855 2989 1966 3078 jus
2015 2989 2190 3079 quod
2237 2988 2433 3059 alicui
2495 2992 2568 3060 in
2608 3012 2672 3059 re
2794 2972 2795 3027 3

362 3091 425 3162 ἐ(
452 3100 677 3189 quavis
730 3102 1036 3191 competit
1084 3100 1218 3169 sive
1266 3101 1338 3169 in
1388 3102 1529 3191 ejus
1571 3101 1954 3190 redditibus,
2005 3127 2042 3169 1>
2099 3110 2174 3171 ut
2215 3104 2304 3173 ait
2351 3102 2672 3197 Ducange
2794 3096 2795 3139 ³

381 3213 806 3303 (Glossarium
853 3217 1085 3286 mediae
1135 3224 1199 3285 et
1240 3216 1488 3286 infimae
1531 3217 1890 3299 latinitatis,
1942 3239 2097 3288 voce
2133 3219 2467 3311 Iustitia).
2519 3221 2670 3291 Non
2794 3252 2795 3305 3

376 3348 537 3415 ergo
572 3330 861 3400 obstabat
908 3338 1209 3401 secutura
1260 3331 1640 3401 imminutio
1683 3354 2040 3403 concursus
2093 3334 2344 3427 populi,
2395 3335 2478 3406 in
2529 3338 2668 3407 aliis

380 3443 777 3535 quibuslibet
826 3448 1135 3537 ecclesiis,
1192 3453 1304 3516 aut
1358 3449 1738 3517 imminutio
1782 3447 1854 3516 in
1899 3449 2335 3521 oblationibus
2382 3474 2540 3545 quae
2583 3454 2662 3521 li-

377 3561 529 3630 bere
576 3562 850 3633 aliarum
896 3563 1318 3638 ecclesiarum
1366 3562 1722 3632 rectoribus
1764 3564 1906 3633 fieri
1949 3566 2264 3637 solebant.
2312 3566 2445 3638 Sed
2491 3588 2664 3663 prae-
2794 3598 2795 3639 }

377 3677 749 3747 servabatur
792 3678 1102 3747 duntaxat
1141 3680 1280 3767 jam
1330 3677 1747 3747 existentibus
1784 3679 1910 3748 loci
1939 3680 2222 3751 ecclesiis
2249 3680 2661 3753 decimarum

376 3793 635 3882 solutio,
685 3798 747 3863 et
784 3797 895 3885 jus
939 3796 1009 3862 in
1055 3796 1484 3887 possessiones
1529 3815 1705 3883 suas,
1749 3802 1817 3865 ‚et
1853 3795 2101 3867 debitos
2147 3798 2302 3891 ipsis
2343 3800 2654 3870 redditus.

466 3907 783 3999 Equidem
832 3910 1093 4001 quando
1153 3911 1356 3979 sancti
1406 3909 1738 3978 Dominici
1789 3916 1854 3979 et
1910 3913 2119 3983 sancti
2165 3912 2506 3987 Francisci
2561 3936 2656 3985 or·
2794 3986 2795 4017 ÷

377 4022 583 4110 dines,
627 4024 1071 4117 multiplicatis
1106 4047 1336 4095 eorum
1364 4024 1815 4115 conventibuS,
1859 4028 2132 4099 mirifice
2163 4032 2510 4122 propagari
2533 4050 2656 4099 οω-

378 4148 639 4233 perunt,
692 4149 925 4213 exortas
974 4149 1128 4213 sunt
1174 4141 1589 4211 saecularium
1635 4140 2024 4211 clericorum
2069 4145 2375 4235 querelae,
2434 4146 2517 4215 de
2570 4143 2660 4211 al·

376 4254 502 4323 lato
550 4255 675 4326 sibi
713 4259 786 4327 in
830 4279 902 4327 re
950 4256 1287 4350 temporali
1332 4256 1739 4346 praejudicio.
1791 4255 1899 4325 Sic
1936 4258 2116 4326 enim
2157 4258 2652 4351 exprobrabant,

376 4374 527 4434 teste
559 4378 781 4439 sancto
826 4370 1317 4441 Bonaventura:
1350 4369 1690 4461 surrepitis
1729 4368 1980 4439 clericis
2005 4371 2476 4465 eleemosynas,
2505 4392 2656 4463 quoe
