2834 4959
395 269 478 327 10
969 276 1310 323 ΤΒΑΕἸἊΤΙῙδ
1349 276 1429 323 DE
1472 276 1623 323 sums:
1668 273 2083 321 REGULARRJM.

390 425 425 462 t<
446 418 596 467 eam
635 397 976 487 praevalere
1025 418 1158 465 non
1213 396 1481 486 possint.
1533 392 1779 461 Deinde
1820 392 2015 461 etiam
2069 393 2144 461 in
2180 391 2457 482 singulis
2510 414 2661 482 per-

389 538 426 579 e
455 514 628 581 sonis
658 513 838 581 hunc
853 516 1090 580 statum
1113 510 1560 603 profitentibus
1580 508 1772 577 habet
1794 528 2057 577 causam
2076 512 2563 599 permanentem
2586 509 2664 577 de

393 654 426 694 α
453 650 520 696 se
571 650 647 696 ac
695 627 1030 711 stabilem3
1061 630 1214 715 quia
1259 625 1570 695 fundatur
1616 624 1945 715 imprimis
1992 624 2062 689 in
2098 623 2491 715 professione
2512 622 2665 695 fidei

393 768 430 809 α
453 744 614 813 sacta
639 743 708 811 in
738 741 1078 835 baptismo,
1107 760 1254 831 quae
1283 739 1361 809 de
1395 762 1462 807 se
1490 738 1734 827 obligat
1752 740 1829 807 ad
1857 737 2375 829 permanendum
2410 758 2664 829 semper

391 894 428 934 α
457 870 526 935 in
567 866 682 935 tali
727 888 962 956 genere
986 866 1133 934 vitae
1161 867 1242 933 ad
1277 866 1551 935 salutem
1586 867 1822 934 animae
1868 866 2275 956 pertinentis,
2302 870 2365 933 et
2418 865 2485 931 in
2514 882 2665 932 vera

395 1011 430 1049 «
459 982 696 1061 Christi
739 982 886 1051 fide.
923 982 1167 1051 Deinde
1193 982 1350 1051 fides
1375 983 1516 1072 ipsa
1545 982 1738 1049 habet
1764 982 2139 1051 firmissima
2190 980 2611 1048 fundamenta
2641 1002 2661 1068 3

399 1124 434 1167 «
467 1104 528 1166 et
585 1099 932 1187 impetrare
995 1102 1202 1187 potest
1243 1098 1413 1164 virae
1458 1110 1521 1165 et
1565 1096 1806 1164 auxilia
1846 1095 1927 1163 ad
2002 1094 2535 1185 perseverandum
2596 1096 2667 1163 in

395 1248 430 1289 ε(
459 1220 694 1290 Christi
751 1220 1081 1291 Ecclesia:
1110 1220 1304 1290 habet
1351 1242 1512 1311 ergo
1564 1220 1675 1288 hic
1732 1219 1963 1287 modus
2010 1219 2157 1287 vitae
2204 1239 2278 1288 ex
2326 1218 2449 1285 hac
2491 1222 2670 1307 parte

395 1360 430 1401 a
463 1336 810 1425 perfectam
837 1338 1149 1405 rationem
1195 1343 1416 1405 status.
1440 1362 1476 1403 >³
1514 1336 1633 1427 (De
1654 1336 2014 1427 Reliqione,
2046 1340 2313 1403 tractatu
2352 1334 2421 1413 7,
2450 1332 2569 1401 lib.
2602 1335 2664 1418 1,

389 1470 446 1518 ο.
497 1451 522 1517 1
587 1474 656 1517 n.
699 1452 802 1519 17.

477 1450 854 1635 Pilorosmd
899 1565 1002 1635 11⁸.
1039 1602 1130 1617 —-
1173 1566 1537 1657 Multiplex
1576 1578 1671 1634 est
1702 1566 1858 1634 vitoe
1904 1566 2281 1634 christianae
2306 1575 2546 1631 status.
2584 1600 2667 1617 -

387 1680 648 1749 Constat
677 1682 743 1749 id
775 1704 847 1749 ex
889 1682 1052 1751 sacto
1105 1681 1344 1751 visibili
1373 1710 1392 1769 3
1430 1680 1603 1770 quod
1652 1682 1895 1751 factum
1928 1687 1993 1749 et
2016 1679 2099 1749 ab
2146 1679 2444 1749 Ecclesiae
2478 1700 2665 1747 exor-

388 1797 510 1866 diis
569 1797 918 1886 perdurare
961 1797 1231 1867 omnino
1274 1796 1513 1888 pariter
1536 1804 1806 1865 constat.
1842 1796 2162 1866 Videmus
2194 1814 2430 1884 nempe
2473 1794 2663 1861 hodie

388 1914 460 1981 in
487 1912 772 1983 Ecclesia
803 1936 880 1984 ex
921 1916 1002 1984 iis
1033 1915 1147 2004 qui
1185 1914 1603 1983 christianam
1642 1914 1841 1981 vitam
1892 1913 2298 2001 profitentur,
2330 1910 2487 1978 alios
2534 1930 2667 1978 esse

387 2033 457 2099 in
499 2038 664 2099 statu
711 2034 1032 2118 clericali,
1087 2034 1245 2100 alios
1298 2034 1368 2099 in
1409 2032 1668 2099 laicali:
1727 2034 1885 2099 item
1932 2052 2005 2099 ex
2055 2030 2418 2098 christianis
2458 2028 2667 2109 laicis,
2772 2044 2779 2049 ·

389 2146 547 2213 alios
587 2146 655 2214 in
691 2152 858 2213 statu
909 2146 1332 2231 matrimonii,
1361 2145 1519 2213 alios
1564 2154 1739 2213 extra
1780 2146 1957 2214 hunc
1998 2154 2233 2214 statum
2264 2170 2282 2214 ι
2314 2146 2465 2213 item
2508 2144 2671 2213 alios

390 2266 712 2329 servantes
737 2260 1044 2327 duntaxat
1065 2258 1229 2348 legis
1260 2260 1629 2329 christianae
1660 2267 2001 2351 praecepta,
2026 2262 2187 2329 alios
2216 2262 2481 2351 insuper
2504 2281 2669 2329 con-

252 2383 269 2398 ⁶
386 2374 533 2443 silia
558 2400 575 2441 ε
602 2374 756 2441 item
777 2374 948 2442 inter
971 2374 1088 2443 hos
1110 2375 1396 2460 ultimos,
1435 2397 1563 2443 non
1596 2398 1821 2445 omnes
1850 2376 2117 2445 consilia
2140 2376 2389 2460 eadem,
2416 2376 2673 2443 eodem-

391 2508 520 2577 que
565 2488 782 2568 modo,
817 2490 925 2557 sed
951 2490 1065 2557 alii
1093 2488 1216 2559 alia
1240 2498 1304 2557 et
1329 2492 1585 2560 diverso
1630 2490 1847 2560 modo.
1882 2490 2093 2572 Quam
2126 2498 2409 2559 statuum
2462 2492 2673 2559 varie-

389 2609 586 2671 tatem
627 2612 690 2673 et
753 2605 836 2672 ab
891 2602 1187 2674 Ecclesiae
1239 2606 1431 2675 initio
1504 2608 1811 2685 exstitisse
1866 2607 2169 2676 historica
2250 2613 2674 2675 monumenta

389 2724 725 2790 testantur.
770 2718 956 2791 Unde
996 2722 1169 2811 quod
1203 2728 1398 2791 status
1426 2724 1573 2791 vitae
1600 2721 1963 2791 christianae
2022 2720 2409 2810 multiplices
2452 2720 2581 2789 sub
2610 2742 2674 2788 se

393 2836 717 2905 contineat
739 2842 1020 2907 statuum
1051 2838 1310 2927 specim,
1344 2843 1439 2905 est
1462 2839 1731 2905 omnino
1759 2842 2031 2905 certum.
2068 2862 2102 2903 t<
2128 2834 2287 2915 Quae
2300 2836 2562 2920 veritas,
2586 2837 2677 2905 ait

401 2974 436 3013 α
471 2948 706 3020 Suarez
730 2952 1010 3043 (nempe,
1033 2976 1163 3021 esse
1193 2954 1267 3021 in
1300 2952 1599 3022 Ecclesia
1620 2952 1870 3021 Christi
1900 2962 2203 3019 statuum
2223 2950 2669 3043 varietatem),
2780 3012 2787 3018 .

405 3088 440 3130 κ
468 3072 562 3135 est
581 3066 660 3134 de
689 3068 814 3137 fide
841 3070 1219 3137 certissima.
1253 3068 1417 3137 Eam
1445 3068 1636 3137 tradit
1680 3068 1865 3137 divus
1886 3067 2169 3137 Thomas
2198 3066 2291 3161 (2,
2310 3072 2380 3157 2,
2407 3089 2475 3156 q.
2512 3068 2671 3156 ¹83,

401 3204 438 3244 «
459 3190 582 3250 art.
619 3184 714 3275 2),
747 3192 810 3251 et
827 3186 1237 3253 consentiunt
1259 3206 1489 3253 omnes
1514 3184 1794 3272 theologi
1824 3183 1906 3252 de
1930 3182 2053 3253 hac
2078 3184 2348 3252 materia
2372 3183 2673 3253 scriben-

405 3322 438 3359 «
465 3302 580 3380 tes,
607 3320 795 3385 quos,
824 3299 892 3366 in
913 3322 983 3368 re
1002 3301 1171 3368 inter
1198 3300 1545 3369 catholicos
1572 3299 1937 3383 manifesta,
1955 3300 2194 3367 referre
2221 3320 2353 3367 non
2372 3306 2624 3389 oportet
2651 3324 2669 3367 ε

409 3443 442 3480 t<
479 3413 817 3502 solumque
845 3414 942 3481 illi
974 3414 1264 3483 haeretici
1313 3416 1473 3511 huic
1518 3415 1764 3485 veritati
1808 3416 2282 3495 contradicunt,
2314 3415 2426 3503 qui
2455 3412 2673 3481 eccle-

405 3554 440 3595 «
471 3528 786 3596 siasticam
816 3527 1241 3599 hierarchiam
1272 3553 1307 3598 e
1329 3530 1543 3599 medio
1572 3530 1791 3600 tollere
1820 3531 2117 3621 cupiunt,
2149 3547 2540 3616 omnemque
2560 3526 2675 3595 di—

403 3668 438 3707 «
467 3643 792 3731 gnitatum
837 3648 899 3711 et
939 3646 1439 3733 magistratuum
1487 3646 1923 3715 diversitatem
1966 3650 2366 3715 execrantur.
2416 3640 2538 3711 Sed
2584 3640 2673 3709 il-

404 3782 438 3820 «
465 3757 680 3825 lorum
709 3776 889 3825 error
913 3779 1046 3828 non
1072 3781 1244 3829 unus
1271 3769 1365 3830 est
1387 3786 1406 3845 3
1434 3761 1543 3831 sed
1570 3782 1645 3831 ex
1670 3761 1971 3852 pluribus
1998 3760 2308 3829 coalescit.
2346 3757 2537 3838 Quia,
2570 3756 2672 3825 vel

403 3896 441 3937 e
467 3879 707 3958 negant
748 3881 1222 3943 sacramentum
1267 3878 1541 3965 ordinis,
1586 3878 1689 3946 vel
1730 3876 2228 3945 ecclesiasticam
2266 3880 2666 3964 potestatem,

405 3986 563 4053 «vel
593 3994 828 4055 statum
863 3988 1240 4078 religiosum
1279 3998 1343 4059 et
1381 3992 1815 4081 perfectionis.
1842 4017 1879 4058 »
1938 3990 2057 4083 (De
2094 3988 2669 4080 Reliqione‚··trac-

400 4106 531 4169 tatu
571 4102 715 4185 7,1.
754 4103 818 4192 1,
863 4126 921 4173 c.
957 4104 1026 4189 2,
1078 4126 1145 4174 n.
1189 4105 1284 4196 ι.)
