2834 4959
382 368 509 424 656
933 368 1279 418 menius
1314 366 1395 415 D}
1439 366 1591 413 lm
1637 366 2058 417 nmmu-

388 524 423 563 ε
446 498 735 568 vembris
784 494 985 583 1627,
1036 501 1101 563 ct
1148 494 1221 561 in
1260 491 1656 561 Dertonensi
1709 490 1794 562 16
1847 493 2211 563 decembris
2266 494 2455 563 1645.
2509 494 2646 565 Nec

390 638 427 681 ι(
464 619 669 705 potest
718 612 797 681 in
850 610 1037 681 dictis
1090 630 1269 677 exem
1278 610 1403 698 ptis
1459 608 1866 677 monasteriis
1914 609 1996 678 ad
2049 609 2346 677 habitum
2393 609 2648 679 admitti

389 755 428 796 α
452 730 593 799 sine
632 728 871 820 prmvia
908 726 1170 795 lieentia
1216 723 1518 815 Episcopi
1550 724 1624 793 in
1663 722 1942 815 scriptis,
1973 732 2048 793 ut
2085 724 2442 793 declaravit
2461 722 2644 794 Sacra

390 870 423 909 α
452 843 871 933 congregatio
884 862 1081 932 super
1098 838 1430 931 Episcopis
1447 846 1508 905 et
1525 837 1953 929 regularibus,
1973 860 2094 930 per
2105 840 2246 909 haec
2269 840 2476 907 verba
2497 862 2540 908 ε.
2553 892 2570 908 .
2582 864 2634 908 ,ι

384 960 509 1051 (lbi
522 960 677 1027 citat
694 956 982 1027 Ferraris
1008 954 1203 1024 verba
1234 954 1430 1043 hujus
1457 954 1840 1035 decisionis3
1873 960 2016 1023 tum
2033 955 2130 1023 sic
2157 958 2578 1047 prosequitur
2596 957 2644 1045 z)

390 1100 427 1139 α
458 1072 541 1143 Et
578 1074 743 1143 ratio
784 1076 881 1139 est
918 1070 1073 1161 quia
1102 1069 1167 1137 id
1192 1070 1466 1160 pertinet
1498 1070 1579 1137 ad
1617 1068 1986 1137 clausuram
2013 1068 2434 1155 monialium,
2461 1074 2645 1161 cujus

394 1216 427 1255 α
454 1188 853 1259 conservatio
898 1184 1231 1277 Episcopis
1290 1184 1720 1254 demandatur
1768 1204 1886 1277 per
1949 1183 2019 1254 S.
2089 1186 2449 1255 concilium
2517 1185 2652 1254 Tri·

394 1334 427 1371 α
454 1306 829 1395 dentinum,
886 1307 1165 1375 sessione
1206 1304 1321 1388 25,
1353 1303 1570 1392 capite
1605 1302 1674 1384 5,
1705 1308 1768 1369 et
1813 1323 1928 1393 per
1954 1303 2474 1371 constitutionem
2503 1301 2648 1372 Gre-

393 1448 429 1487 «
458 1423 621 1511 gorii
670 1420 799 1490 XV
848 1422 1267 1511 incipientem
1309 1416 1760 1486 inscrutabili.
1817 1416 2008 1487 Unde
2043 1424 2249 1509 potest
2289 1417 2634 1509 Episcopus

396 1563 432 1600 α
452 1536 577 1605 sub
652 1536 943 1605 censuris
1012 1536 1361 1624 precipere
1426 1532 1844 1620 monialibus,
1897 1534 2097 1602 etiam
2167 1533 2493 1622 exemptis,
2577 1539 2634 1599 et

394 1676 427 1713 α
454 1670 679 1717 esrum
720 1647 1189 1737 superioribus,
1224 1668 1305 1715 ne
1341 1648 1657 1738 recipiant
1695 1648 1937 1738 puellas
1963 1648 2042 1717 ad
2073 1648 2358 1717 habitum
2397 1668 2516 1715 nec
2551 1644 2626 1713 ad

392 1790 429 1829 α
461 1763 938 1854 professionem,
964 1765 1093 1833 nisi
1124 1763 1301 1855 prius
1324 1764 1407 1831 sit
1437 1762 1570 1853 ipse
1595 1763 1994 1831 certioratus,
2031 1788 2068 1828 »

474 1876 761 1959 Qum-rio
787 1877 929 1947 ΙΨ.
962 1914 1051 1931 -
1086 1880 1283 1945 Intra
1316 1876 1500 1967 quod
1533 1889 1790 1967 tempus
1831 1875 2060 1945 debeat
2105 1876 2284 1945 diota
2335 1875 2634 1967 recipien-

386 1993 631 2063 darum
646 1994 1023 2088 exploratio
1044 1994 1126 2061 ab
1154 1992 1530 2062 ordinariis
1553 1994 1753 2083 fieri?
1771 2032 1868 2047 -
1889 1994 2074 2063 Circa
2099 1994 2418 2085 ejusmodi
2443 1992 2644 2083 explo-

392 2112 711 2181 rationem
746 2113 1134 2201 irrepserant
1168 2110 1407 2177 abusus
1459 2108 1785 2192 nonnulli,
1805 2130 1970 2199 quos
2005 2118 2264 2178 sanctus
2295 2108 2450 2178 Pius
2483 2114 2552 2193 V,
2575 2110 2638 2175 in

387 2242 503 2290 sua
520 2223 971 2292 constitutione
984 2222 1141 2292 Etsi
1164 2220 1719 2307 mendicantium,
1746 2222 1830 2289 16
1851 2222 2010 2292 maii
2041 2222 2240 2307 1567,
2256 2224 2556 2292 describit
2571 2222 2646 2288 in

386 2336 569 2407 hunc
598 2338 895 2417 modum,
921 2338 965 2429 ἓ
1011 2339 1075 2423 1,
1102 2360 1173 2405 n.
1196 2338 1285 2405 6:
1342 2338 1682 2418 «Quidam
1724 2360 1874 2407 vero
1915 2338 2040 2408 sub
2077 2346 2374 2430 praetextu
2409 2340 2645 2427 exqui-

392 2480 429 2519 «
456 2454 642 2522 rendi
678 2455 1035 2522 voluntates
1062 2454 1452 2544 puellarum,
1482 2460 1629 2524 ante
1659 2454 2124 2546 professionem
2157 2478 2381 2525 earum
2413 2454 2639 2524 volunt

392 2592 429 2633 α
456 2586 563 2635 eas
588 2566 919 2636 extrahere
952 2588 992 2637 e
1028 2570 1456 2655 monasteriiS,
1477 2577 1542 2639 et
1587 2572 2001 2664 perlongum
2031 2583 2286 2664 tempus
2305 2572 2464 2641 alibi
2489 2570 2644 2639 deti·

392 2706 429 2747 α
453 2702 631 2770 nere,
688 2682 987 2774 ipsasque
1022 2685 1269 2777 puellas
1320 2707 1434 2755 seu
1489 2688 1760 2757 novitias
1813 2688 1893 2757 de
1935 2688 2262 2779 plerisque
2313 2689 2504 2756 rebus
2551 2688 2648 2755 in-

392 2822 429 2862 «
458 2805 810 2888 terrogaut,
836 2818 1047 2890 neque
1088 2801 1488 2887 necessariis,
1517 2822 1726 2892 neque
1777 2802 1848 2871 in
1891 2801 2146 2872 decreto
2185 2802 2446 2871 concilii
2497 2801 2637 2871 Tri·

394 2939 429 2978 α
448 2912 698 2983 dentini
736 2912 1009 3007 desuper
1054 2918 1395 2999 contentis,
1425 2938 1502 2986 ex
1543 2918 1782 3007 quibus
1805 2940 1939 2987 non
1967 2920 2225 2989 modica
2259 2925 2457 3011 potest
2495 2918 2638 2986 oriri

392 3032 701 3098 «occasio
730 3030 1041 3101 scandali.
1084 3054 1119 3099 n

472 3145 607 3214 Hos
656 3146 920 3233 abusus,
951 3155 1024 3217 ut
1063 3147 1309 3216 tolleret
1354 3154 1616 3216 sanctus
1675 3146 1991 3240 Pontifex,
2023 3150 2110 3219 itu
2151 3150 2432 3221 decrevit
2469 3148 2510 3238 ξ
2549 3148 2608 3230 2,

383 3283 452 3328 n.
470 3260 515 3327 6
532 3286 549 3327 t
582 3263 899 3331 Volumus
920 3262 1150 3351 etiam,
1168 3263 1345 3353 quod
1347 3263 1730 3354 puellarum
1743 3266 1874 3333 Deo
1891 3264 2334 3335 dicandarum
2347 3268 2448 3353 (an
2461 3260 2624 3331 scili—

382 3386 481 3441 cet
504 3388 746 3445 coactoe
762 3377 869 3445 vel
877 3374 1159 3446 seductoe
1179 3378 1409 3468 fuerin
1416 3382 1468 3465 t)
1477 3402 1753 3449 examen
1761 3380 2169 3472 faciendum,
2185 3381 2448 3451 nonnisi
2461 3400 2630 3447 ma

382 3510 717 3568 Quinum!
760 3514 897 3561 mss
918 3505 1308 3584 postquam,
1325 3495 1536 3585 juxta
1579 3494 1936 3563 concilium
1967 3496 2445 3577 Tn'dmtinum,
2473 3492 2631 3586 Epi-

380 3604 562 3696 scopi
578 3606 685 3674 vel
702 3628 931 3676 eorum
956 3608 1195 3676 vicarii
1208 3609 1455 3699 requisi
1459 3609 1514 3677 ti
1525 3611 1810 3700 fuerim,
1821 3611 1978 3701 fieri
1977 3614 2190 3704 possit
2209 3636 2232 3682 .·
2257 3614 2491 3705 quibus
2511 3609 2631 3678 ela-

377 3722 541 3810 psis,
563 3722 855 3813 amplius
869 3724 941 3790 in
964 3722 1087 3793 hoc
1108 3724 1249 3791 illis
1269 3745 1339 3792 se
1352 3724 1799 3795 intromittere
1819 3748 1953 3795 non
1977 3728 2174 3796 liceat
2196 3752 2222 3796 :
2245 3730 2435 3819 cujus
2461 3748 2627 3797 occa-

378 3837 590 3916 sione,
603 3840 1103 3931 necE'piscopus
1114 3862 1230 3907 nec
1244 3840 1383 3930 ejus
1392 3842 1678 3911 vicarius
1697 3843 1880 3911 intra
1893 3856 2082 3935 septa
2089 3866 2326 3913 monas
2333 3846 2618 3913 terior-um

382 3951 893 4041 inqrediantur:
908 3952 1023 4021 scd
1027 3966 1204 4022 stent
1216 3968 1375 4023 ante
1384 3969 1638 4025 cratem
1643 3960 1932 4048 ferream
1955 3980 1979 4027 .·
2011 3970 2075 4028 et
2095 3959 2614 4052 inter-roqationes

381 4072 577 4157 alias,
592 4098 799 4167 quam
813 4098 925 4145 eas
940 4098 1089 4169 quoe
1102 4079 1476 4169 praefatum
1489 4080 1840 4149 concilium
1859 4082 2322 4153 Tridentinum
2321 4083 2515 4175 jubet,
2536 4075 2618 4144 eis

378 4188 533 4278 fieri
563 4192 839 4261 omnino
856 4192 1315 4283 prohibemus;
1360 4218 1440 4261 ac
1482 4195 1804 4266 similiter
1845 4198 2154 4268 volumus
2203 4199 2386 4291 quod
2400 4193 2625 4292 puelloe

380 4320 493 4367 seu
520 4303 795 4371 novitioe
833 4305 992 4394 ipsoe
1018 4305 1111 4374 ad
1150 4304 1326 4373 alias
1360 4304 1918 4398 inter-roqationes
1963 4310 2352 4404 respondere
2381 4306 2628 4380 minime

386 4426 757 4483 teneantur.

2787 1341 2790 1407 l
