2834 4959
317 313 402 370 94
895 317 1236 366 maumas
1274 316 1352 362 nn
1397 315 1547 363 suns
1592 313 2006 360 anonumum.

315 440 598 508 minium
655 416 988 528 (aliquam,
1045 439 1226 508 verbi
1282 437 1477 525 gratia
1496 488 1516 524 ,
1566 433 2005 524 donationem)
2056 441 2361 526 acceptet,
2421 443 2597 506 certo

283 560 558 646 peccat.
623 553 715 620 At
763 574 914 622 vero
952 575 1142 622 mera
1193 551 1533 644 promissio
1586 549 1825 641 aliquid
1880 569 2029 618 ·non
2084 549 2401 638 faciendi,
2464 572 2597 620 non

317 667 526 738 reddit
584 667 958 758 incapacem
1012 668 1096 735 ad
1142 667 1306 735 illud
1364 666 1569 736 valide
1626 663 2029 748 iaciendum,
2086 664 2279 734 modo
2333 664 2599 736 aliunde

323 807 454 851 non
502 782 666 851 desit
713 781 826 850 illa
859 783 1209 872 capacitas.
1267 780 1619 850 Promissio
1668 779 1877 870 (verbi
1926 777 2154 870 gratia)
2208 801 2322 848 seu
2374 788 2600 850 votum

319 925 454 972 non
507 903 836 989 nubendi,
873 923 1018 970 -non
1081 903 1290 971 reddit
1347 902 1721 991 incapacem
1768 901 1847 968 ad
1898 901 2183 990 nuptias.
2250 897 2601 968 Promissio

323 1040 560 1108 nempe
603 1038 733 1086 non
785 1017 1062 1086 faciendi
1105 1017 1278 1106 quod
1313 1014 1522 1082 valide
1572 1015 1721 1105 quis
1762 1015 2237 1105 facerepotest,
2286 1021 2379 1082 est
2428 1015 2602 1083 dun·

323 1141 490 1202 taxat
530 1132 866 1222 promissio
910 1131 1072 1200 illud
1123 1153 1254 1199 non
1307 1130 1581 1199 faciendi
1599 1157 1617 1218 ;
1666 1149 1797 1198 non
1826 1121 2042 1198 autem
2088 1136 2183 1198 est
2226 1129 2607 1202 inhabilitas

325 1250 404 1316 ad
434 1248 595 1318 illud
621 1245 830 1313 valide
857 1245 1252 1314 faciendum.
1283 1243 1425 1314 Imo
1454 1244 1680 1334 nequit
1706 1244 1906 1311 homo
1928 1265 2047 1334 per
2070 1227 2359 1334 seipsum
2387 1246 2609 1314 solum

327 1385 464 1434 sese
513 1361 778 1430 reddere
847 1363 1220 1450 incapacem
1285 1359 1609 1442 dominii,
1658 1367 1721 1428 et
1772 1359 1851 1426 ad
1910 1358 2097 1427 hanc·
2131 1357 2611 1428 inhabilitatem

329 1476 768 1546 inducendam
809 1475 1166 1544 necessaria
1191 1480 1287 1543 est
1326 1494 1518 1542 causa
1563 1474 1687 1565 ipsi
1727 1474 2104 1542 extrinseca.
2156 1470 2331 1542 Nam·
2346 1480 2428 1541 ut
2458 1474 2613 1564 quis

327 1591 642 1682 acquirat,
679 1590 863 1658 verbi
905 1593 1136 1680 gratia,
1159 1589 1474 1658 ·dominiu
1486 1607 1548 1656 m
1576 1590 1671 1656 rei
1704 1609 1851 1680 quae
1888 1587 2137 1660 nullius
2168 1593 2284 1675 est,
2326 1591 2483 1658 satis
2508 1595 2613 1658 est

333 1713 406 1775 ut
453 1708 706 1798 primus
753 1704 934 1774 illam
1000 1710 1298 1793 occupet,
1345 1725 1501 1772 cum
1548 1703 1877 1772 voluntate
1922 1723 2111 1772 suam
2164 1703 2470 1772 faciendi.
2530 1703 2623 1774 Et

331 1821 632 1913 quamvis
652 1820 834 1888 illam
863 1819 1260 1888 voluntatem
1298 1819 1491 1887 hodie
1520 1839 1651 1886 non
1684 1817 1934 1904 habeat,
1976 1823 2181 1910 potest
2208 1817 2393 1887 illam
2432 1827 2619 1910 post-

333 1956 406 2002 ea
455 1933 737 2020 habere3
789 1933 947 2020 quia
987 1951 1244 2022 semper
1301 1930 1585 1998 liberum
1628 1930 1687 1997 ei
1728 1938 1823 1998 est
1875 1928 2270 1999 voluntatem
2331 1937 2621 2020 mutare,

335 2071 457 2117 nec
497 2053 705 2138 potest
730 2067 804 2114 ea
850 2046 1144 2114 libertate
1187 2067 1321 2114 sese
1371 2066 1622 2113 exuere.
1670 2043 1853 2114 Idem
1906 2043 2013 2113 dic
2056 2046 2137 2114 de
2186 2046 2623 2136 acquisitione

333 2171 609 2241 dominii
657 2191 773 2262 per
799 2171 1305 2261 acceptationem
1351 2167 1631 2258 alicujus
1672 2169 2059 2238 donationis.
2106 2169 2322 2239 Potest
2346 2172 2625 2261 quidem

339 2287 534 2355 bomo
562 2287 978 2354 donationem
1031 2306 1160 2352 non
1209 2291 1582 2375 acceptare3
1630 2284 1739 2352 sed
1781 2305 1911 2352 non
1952 2286 2443 2376 potestauferre
2481 2309 2525 2356 a
2560 2309 2629 2357 se

337 2408 714 2494 potestatem
763 2400 1056 2469 mutandi
1125 2400 1294 2468 hanc
1343 2421 1527 2468 suam
1574 2407 1959 2490 praesentem
2009 2401 2447 2487 voluntatem,
2510 2425 2630 2474 seu

339 2519 707 2605 potestatem
744 2513 1046 2602 deinceps
1071 2510 1467 2600 acceptandi.
1526 2509 1751 2600 Neque
1795 2511 1963 2580 hanc
2006 2515 2381 2602 potestatem
2411 2515 2633 2586 aufert

339 2626 684 2716 promissio
726 2647 840 2694 seu
891 2635 1114 2693 votum
1169 2647 1300 2692 non
1340 2625 1752 2716 acceptandi3
1784 2627 1939 2715 quia
1982 2625 2194 2696 adhuc
2242 2632 2385 2716 post
2433 2627 2631 2698 illam

343 2740 839 2830 promissionem
895 2747 1097 2830 potest
1145 2741 1288 2827 ejus
1351 2739 1645 2809 voluntas
1696 2741 1767 2808 in
1818 2743 2211 2810 contrariam
2262 2742 2513 2810 mutari
2576 2749 2637 2812 et

341 2855 674 2924 donationi
737 2855 1121 2924 consentire.
1171 2853 1361 2946 (Vide
1411 2853 1787 2926 Suaresium
1816 2907 1837 2939 ‚
1890 2858 2081 2926 citato
2126 2857 2291 2942 loco,
2346 2878 2417 2924 n.
2492 2857 2635 2948 17.)

343 2969 530 3040 Unde
568 2991 788 3039 revera
833 2969 1044 3038 solum
1090 2975 1313 3039 votum
1363 2971 1755 3062 paupertatis
1784 3023 1802 3056 ‚
1857 2971 2050 3040 etiam
2100 2971 2629 3056 absolutissimae,

343 3103 463 3152 nec
500 3104 777 3173 praesens
820 3082 1190 3151 dominium
1227 3083 1511 3152 adimere
1537 3091 1763 3175 potest,
1796 3105 1917 3153 nec
1954 3085 2313 3154 inhabilem
2352 3084 2634 3156 reddere

345 3199 426 3265 ad
454 3199 752 3268 futurum
787 3198 1285 3288 acquirendum.

435 3310 616 3378 Nota
657 3311 742 3378 1⁰.
777 3347 864 3364 -—
899 3309 970 3378 Si
1001 3311 1147 3398 quis
1181 3308 1382 3395 dives,
1420 3315 1764 3399 antequam
1792 3309 2091 3400 disponat
2124 3310 2204 3385 de
2235 3309 2424 3378 bonis
2460 3312 2633 3390 suis,

345 3429 567 3492 votum
599 3422 921 3514 privatum
951 3425 1342 3514 paupertatis
1377 3423 1647 3508 emittat,
1694 3445 1771 3492 ex
1811 3431 1971 3493 tunc
1994 3422 2261 3515 quidem
2294 3423 2636 3514 obligatur

345 3541 424 3606 ad
452 3538 959 3627 relinquendum
983 3527 1351 3606 dominium
1375 3561 1394 3627 ;
1428 3545 1494 3607 at
1520 3561 1649 3608 non
1674 3540 1891 3608 statim
1914 3539 2145 3630 incipit
2172 3559 2303 3608 esse
2330 3561 2459 3630 pau
2469 3563 2631 3632 pei-3

347 3655 700 3743 siquidem,
771 3673 845 3720 ex
887 3653 1099 3736 dictis,
1155 3675 1376 3722 rerum
1434 3676 1701 3723 suarum
1751 3655 2123 3724 dominium
2172 3655 2426 3737 retinet,
2498 3676 2634 3724 non

349 3768 634 3837 obstante
663 3772 837 3848 voto,
869 3766 1071 3836 donec
1100 3769 1178 3836 de
1197 3768 1290 3837 eis
1318 3768 1721 3860 disposuerit.

437 3885 618 3952 Nota
643 3882 736 3952 2⁰.
772 3921 864 3934 —
889 3881 1200 3964 Quamvis
1239 3886 1453 3952 statim
1494 3885 1761 3974 incipiat
1800 3883 2108 3973 obligatio
2136 3883 2535 3975 disponendi
2562 3886 2637 3952 de

351 3996 546 4064 rebus
595 4000 750 4082 suis,
795 4019 927 4067 non
980 4005 1194 4066 tamen
1233 4006 1489 4068 tenetur
1526 3999 1744 4068 statim
1794 3998 2168 4091 disponere;
2218 3999 2329 4068 sed
2377 4000 2439 4068 ei
2488 4021 2639 4091 per·

357 4113 634 4180 mittitur
664 4121 918 4206 ternpus
949 4117 1275 4184 moraliter
1323 4117 1755 4186 necessarium
1796 4117 1875 4185 ad
1930 4117 2317 4207 prudentem
2360 4123 2427 4184 et
2454 4137 2635 4186 com-

353 4229 610 4296 modam
661 4229 977 4317 ejusmodi
1023 4231 1503 4301 alienationem.
1564 4231 1635 4300 ld
1682 4233 1977 4321 sequitur
2051 4255 2125 4301 ex
2170 4233 2465 4322 generali
2514 4231 2633 4299 do-

355 4345 564 4412 ctrina
599 4343 678 4412 de
719 4345 1110 4434 obligatione
1148 4353 1294 4418 vota
1351 4348 1733 4439 exequendi.
1786 4346 2062 4428 Quando
2114 4371 2353 4440 nempe
2396 4356 2625 4418 votum
2809 4379 2811 4442 χ
