2834 4959
475 367 600 424 530
1037 371 1380 422 moruus
1424 371 1507 420 nt
1546 361 1699 420 nm:
1742 371 2164 422 atomum!-

483 520 518 566 ε(
548 501 614 566 et
675 491 1134 590 temporalium
1183 493 1833 574 administrationem,
1884 494 1939 563 si
2006 491 2193 562 facile
2240 493 2389 564 tolli
2442 504 2747 588 nequem

479 637 516 676 α
547 623 814 704 quarto,
861 608 1105 680 malitia
1131 609 1365 702 plebis,
1407 630 1555 700 quae
1584 609 1671 677 ita
1696 608 1879 677 durae
1919 609 2193 679 cervicis
2216 611 2467 694 existat,
2498 619 2579 682 ut
2602 635 2753 705 pro-
2823 697 2826 718 ζ

477 757 516 800 α
547 734 740 802 ficere
769 735 1046 822 nequeat
1069 729 1245 820 apud
1269 729 1521 821 ipsam3
1560 728 1829 822 quinto,
1868 749 2065 818 grave
2086 729 2473 800 scandalum
2496 735 2745 842 populi,

467 877 505 919 α
535 851 712 942 quod
751 851 940 920 aliter
983 851 1192 920 sedari
1242 871 1378 920 non
1405 850 1614 940 possit
1658 871 1677 918 z
1730 859 1948 934 sexto,
1975 849 2431 940 irregularitas
2466 873 2745 944 persona
2824 911 2826 916 .

467 990 504 1036 α
535 988 668 1036 non
689 965 1162 1058 dispensabitis.
1188 963 1444 1048 Quibus
1470 965 1620 1035 addi
1648 964 1977 1057 septimus
2000 983 2186 1036 casus
2216 972 2453 1057 potest,
2476 967 2537 1036 si
2564 967 2743 1040 facilc
2824 1003 2826 1006 ⁴

467 1106 503 1148 «
537 1081 764 1152 haberi
811 1084 1010 1174 possit
1070 1083 1263 1163 alius,
1331 1082 1451 1172 qui
1518 1103 1701 1173 aeque
1772 1080 1941 1150 bene
2007 1080 2387 1172 profuturus
2445 1081 2735 1154 credatur

464 1221 504 1264 ι
525 1196 852 1268 Ecclesiae.
884 1223 920 1264 s

553 1340 590 1381 α
621 1314 814 1384 Extra
865 1314 984 1384 hos
1030 1333 1216 1384 casus
1257 1319 1320 1382 et
1365 1333 1615 1398 causas,
1664 1309 1838 1405 Papa
1870 1311 2196 1405 Episcopo
2239 1311 2615 1401 ingressum
2640 1333 2734 1382 re-
2824 1281 2826 1294 Ι

461 1453 498 1496 ι
521 1429 784 1519 ligionis
827 1427 1180 1498 concedere
1225 1449 1358 1498 non
1409 1429 1595 1510 solet,
1653 1449 1773 1500 nec
1820 1430 1901 1500 de
1970 1430 2123 1519 jure
2174 1426 2391 1511 debet,
2444 1429 2569 1498 etsi
2618 1429 2733 1498 hoc
2824 1443 2826 1448 ·

456 1569 493 1612 ι
523 1552 692 1636 petat
723 1546 1078 1636 Episcopus
1125 1567 1202 1613 ex
1254 1543 1581 1614 desiderio
1626 1545 1896 1635 majoris
1950 1541 2353 1634 perfectionis
2396 1545 2725 1644 propriae3

455 1684 492 1725 ι-
518 1661 671 1752 quia
697 1661 892 1730 totius
935 1661 1162 1752 populi
1209 1659 1559 1730 dioeeesani
1601 1659 1852 1730 bonum
1900 1677 2242 1728 commune
2285 1658 2581 1750 praeferri
2614 1658 2731 1727 de·

455 1800 491 1842 «
519 1775 626 1842 bet
708 1778 972 1869 privatae
1056 1776 1258 1866 ipsius
1333 1774 1645 1867 Episcopi
1734 1775 2019 1860 utilitati,
2090 1779 2164 1842 ut
2220 1773 2408 1844 docet
2466 1781 2731 1845 sauctus

453 1917 490 1958 α
514 1889 798 1962 Thomas
827 1891 1008 1982 (2,2,
1036 1913 1103 1982 q.
1143 1889 1297 1976 185,
1324 1896 1445 1958 art.
1496 1891 1589 1982 5),
1628 1889 1867 1960 Suarez
1901 1890 2101 1982 (tom.
2148 1888 2217 1970 3,
2252 1887 2333 1958 de
2360 1889 2717 1982 Retiqione,

447 2032 486 2076 α
513 2007 562 2076 l.
622 2008 854 2099 1,cap.
883 2007 996 2092 20,
1047 2029 1117 2076 n.
1153 2008 1248 2097 7),
1276 2005 1508 2076 Palaus
1546 2007 1751 2098 (tract.
1803 2005 1913 2092 16,
1936 2029 2001 2097 p.
2076 2007 2147 2089 7,
2188 2005 2234 2096 g
2267 2005 2330 2090 1,
2363 2027 2435 2074 n.
2466 2005 2509 2076 3
2547 2011 2611 2074 et
2632 2004 2719 2095 4),

451 2149 487 2192 α
515 2122 930 2194 Wiestner...
963 2119 1032 2190 ι’

537 2261 574 2304 ι(
599 2234 1020 2326 proceditque
1065 2237 1196 2306 hoc
1243 2238 1437 2306 etiam
1490 2237 1571 2306 de
1616 2235 1958 2329 Episcopis
2004 2235 2379 2306 titularibus
2416 2240 2535 2304 aut
2568 2236 2723 2305 rete·

452 2375 487 2418 α
519 2351 726 2442 gatis3
755 2352 910 2442 quia
953 2358 1017 2421 et
1062 2353 1189 2444 ipsi
1233 2351 1485 2442 alligati
1518 2357 1674 2422 sunt
1698 2358 1887 2422 certae
1917 2351 2248 2440 Ecclesiae,
2278 2351 2405 2421 etsi
2425 2352 2720 2442 peracci-

447 2491 482 2532 α
507 2466 667 2535 dens
705 2468 792 2534 ob
818 2467 1184 2536 infidelium
1227 2470 1758 2558 occupationem,
1787 2467 1891 2538 vel
1920 2468 2006 2540 ob
2036 2475 2477 2558 tyrannorum
2516 2488 2715 2559 perse-

443 2581 877 2670 «cutionem,
931 2603 1067 2652 non
1122 2585 1370 2676 possint
1436 2590 1587 2654 actu
1640 2603 1911 2674 praeesse
1994 2581 2539 2675 episcopatui...;
2600 2579 2713 2650 nisi

445 2719 484 2761 α
513 2694 676 2764 forte
701 2697 1244 2789 impedimentum
1269 2699 1353 2768 sit
1379 2705 1798 2790 perpetuum,
1828 2700 1969 2769 sine
1998 2720 2115 2790 spe
2146 2699 2507 2790 aliquando
2550 2715 2715 2766 recu·

445 2833 480 2876 «
507 2811 778 2900 perandi
801 2812 1264 2904 episcopatum.
1297 2837 1332 2882 >i
1356 2811 1987 2906 (Schmalzgrueber,
2014 2816 2083 2884 in
2110 2814 2385 2884 titulum
2412 2812 2501 2882 de
2518 2815 2713 2902 Requ-

436 2919 713 3006 laribus,
741 2943 811 2990 n.
843 2921 922 2992 31
957 2932 1022 2992 et
1055 2923 1218 3015 seq.)

520 3037 609 3105 II.
635 3037 729 3106 Dr
756 3059 1136 3108 consona-ns.
1163 3037 1828 3127 —Distinguendum
1852 3045 1948 3108 est
1976 3037 2483 3108 matrimonium
2516 3027 2713 3108 ratum

432 3157 496 3220 et
512 3162 1068 3236 consummatum,
1093 3176 1132 3223 a
1159 3155 1590 3224 matrimonio
1618 3162 1756 3224 rato
1784 3175 1917 3224 non
1943 3160 2427 3224 consummato.

527 3269 590 3335 1⁰
631 3271 840 3338 Casus
882 3269 1305 3340 matrimonii
1349 3267 1493 3336 rati
1542 3279 1607 3336 et
1642 3267 2115 3338 consummati.
2152 3305 2243 3323 --
2276 3265 2612 3336 Generalis
2658 3271 2711 3334 et

431 3387 599 3451 certa
632 3385 859 3475 regula
885 3391 982 3454 est
1016 3386 1413 3474 conjugatos,
1442 3390 1586 3474 post
1610 3383 2022 3454 matrimonii
2052 3381 2703 3464 consummationem,

429 3497 512 3568 ab
537 3499 832 3590 ingressu
869 3499 1198 3592 religionis
1227 3499 1589 3592 prohiberi.
1620 3499 1754 3570 Nec
1792 3500 2183 3572 attendenda
2218 3501 2291 3570 in
2338 3499 2471 3570 hoc
2496 3505 2587 3568 est
2620 3497 2709 3566 lex

425 3615 774 3690 ,Iustiniani
825 3622 1228 3712 imperatoris
1275 3620 1555 3712 (novella
1601 3618 1757 3709 123,
1786 3641 1933 3713 cap.
1980 3621 2121 3712 40),
2164 3641 2315 3711 quae
2358 3617 2707 3706 unicuique

426 3738 787 3829 conjugum
812 3737 1194 3828 religionem
1245 3735 1657 3828 ingrediendi
1702 3735 2070 3806 facultatem
2098 3735 2513 3824 concedebat,
2538 3739 2601 3803 et
2632 3731 2711 3799 li-

423 3851 612 3924 beras
631 3854 814 3924 alteri
835 3854 1100 3945 conjugi
1119 3875 1317 3923 novas
1346 3853 1612 3942 nuptias
1652 3853 1947 3923 iaciebat.
1983 3851 2061 3922 ln
2088 3854 2214 3924 hac
2240 3853 2425 3922 enim
2456 3873 2527 3922 re
2548 3850 2703 3918 sicut

423 3975 488 4036 et
521 3969 594 4040 in
639 3970 868 4064 multis
915 3970 1086 4052 aliis,
1136 3970 1459 4061 potestatis
1492 3991 1625 4038 suoe
1673 3967 1916 4038 limites
1967 3968 2237 4040 excessit
2284 3966 2699 4037 Justinianus.

424 4082 610 4156 Unde
644 4109 898 4179 semper
920 4111 1038 4180 pro
1064 4086 1246 4156 nulla
1289 4093 1354 4156 et
1395 4086 1581 4157 irrita
1602 4085 1827 4156 habita
1848 4077 2101 4156 est'illa
2138 4084 2389 4177 praeiati
2430 4082 2705 4171 impera·

419 4203 578 4272 toris
605 4201 960 4294 dispositio,
1006 4209 1226 4296 utpote
1259 4202 1345 4272 ab
1391 4201 1863 4292 incompetenti
1903 4203 2285 4272 auctoritate
2326 4201 2477 4270 iacta
2524 4193 2701 4286 (cum

417 4321 498 4388 de
543 4324 811 4391 materia
849 4343 1030 4394 sacra
1073 4330 1137 4392 et
1175 4319 1617 4392 ecclesiastica
1668 4319 1951 4410 agatur),
1992 4327 2057 4390 et
2104 4317 2415 4390 Ecclesioe
2458 4311 2697 4406 legibus

421 4437 768 4504 contraria.
