<?xml version="1.0" encoding="UTF-8"?>
<!DOCTYPE html PUBLIC "-//W3C//DTD XHTML 1.0 Transitional//EN"
    "http://www.w3.org/TR/xhtml1/DTD/xhtml1-transitional.dtd">
<html xmlns="http://www.w3.org/1999/xhtml" xml:lang="en" lang="en">
 <head>
  <title>
</title>
<meta http-equiv="Content-Type" content="text/html;charset=utf-8" />
  <meta name='ocr-system' content='tesseract 3.04.00' />
  <meta name='ocr-capabilities' content='ocr_page ocr_carea ocr_par ocr_line ocrx_word'/>
</head>
<body>
  <div class='ocr_page' id='page_1' title='image "./tractatusdejure01unkngoog_0579.png"; bbox 0 0 2834 4959; ppageno 0'>
   <div class='ocr_carea' id='block_1_1' title="bbox 1139 383 2515 444">
    <p class='ocr_par' dir='ltr' id='par_1_1' title="bbox 1139 383 2515 444">
     <span class='ocr_line' id='line_1_1' title="bbox 1139 383 2515 444; baseline 0.006 -13"><span class='ocrx_word' id='word_1_1' title='bbox 1139 383 1295 433; x_wconf 69' lang='lat' dir='ltr'><strong>puts</strong></span> <span class='ocrx_word' id='word_1_2' title='bbox 1331 383 1594 444; x_wconf 68' lang='lat' dir='ltr'><strong>Quanta·</strong></span> <span class='ocrx_word' id='word_1_3' title='bbox 2394 383 2430 437; x_wconf 78' lang='grc'>5</span> <span class='ocrx_word' id='word_1_4' title='bbox 2442 383 2478 440; x_wconf 79' lang='grc'><strong>6</strong></span> <span class='ocrx_word' id='word_1_5' title='bbox 2488 385 2515 440; x_wconf 83' lang='lat'><strong>1</strong></span> 
     </span>
    </p>
   </div>
   <div class='ocr_carea' id='block_1_2' title="bbox 231 503 2593 4620">
    <p class='ocr_par' dir='ltr' id='par_1_2' title="bbox 233 503 2523 1975">
     <span class='ocr_line' id='line_1_2' title="bbox 235 503 2523 603; baseline 0 -22"><span class='ocrx_word' id='word_1_6' title='bbox 235 509 482 603; x_wconf 82' lang='lat' dir='ltr'><strong>piendi,</strong></span> <span class='ocrx_word' id='word_1_7' title='bbox 541 503 934 575; x_wconf 69' lang='lat' dir='ltr'><strong>immediate</strong></span> <span class='ocrx_word' id='word_1_8' title='bbox 976 525 1107 575; x_wconf 71' lang='lat' dir='ltr'><strong>esse</strong></span> <span class='ocrx_word' id='word_1_9' title='bbox 1155 505 1234 574; x_wconf 76' lang='lat' dir='ltr'><strong>in</strong></span> <span class='ocrx_word' id='word_1_10' title='bbox 1283 505 1585 597; x_wconf 76' lang='lat' dir='ltr'><strong>qualibet</strong></span> <span class='ocrx_word' id='word_1_11' title='bbox 1628 505 1957 597; x_wconf 70' lang='lat' dir='ltr'><strong>reliqione</strong></span> <span class='ocrx_word' id='word_1_12' title='bbox 1996 509 2370 600; x_wconf 81' lang='lat' dir='ltr'><strong>approbata</strong></span> <span class='ocrx_word' id='word_1_13' title='bbox 2393 535 2523 603; x_wconf 83' lang='lat' dir='ltr'><strong>per</strong></span> 
     </span>
     <span class='ocr_line' id='line_1_3' title="bbox 235 617 2515 717; baseline 0 -22"><span class='ocrx_word' id='word_1_14' title='bbox 235 623 662 716; x_wconf 72' lang='lat' dir='ltr'><strong>Pontificem,</strong></span> <span class='ocrx_word' id='word_1_15' title='bbox 687 631 760 690; x_wconf 78' lang='lat' dir='ltr'><strong>et</strong></span> <span class='ocrx_word' id='word_1_16' title='bbox 791 621 866 690; x_wconf 75' lang='lat' dir='ltr'><strong>in</strong></span> <span class='ocrx_word' id='word_1_17' title='bbox 889 619 1040 690; x_wconf 74' lang='lat' dir='ltr'><strong>sola</strong></span> <span class='ocrx_word' id='word_1_18' title='bbox 1063 617 1196 688; x_wconf 70' lang='lat' dir='ltr'><strong>illa</strong></span> <span class='ocrx_word' id='word_1_19' title='bbox 1227 619 1447 710; x_wconf 78' lang='lat' dir='ltr'><strong>(citato</strong></span> <span class='ocrx_word' id='word_1_20' title='bbox 1470 621 1702 712; x_wconf 87' lang='lat' dir='ltr'><strong>capite,</strong></span> <span class='ocrx_word' id='word_1_21' title='bbox 1724 643 1796 692; x_wconf 87' lang='lat' dir='ltr'><strong>n.</strong></span> <span class='ocrx_word' id='word_1_22' title='bbox 1826 619 1918 712; x_wconf 82' lang='lat'><strong>2).</strong></span> <span class='ocrx_word' id='word_1_23' title='bbox 1948 619 2171 704; x_wconf 78' lang='lat' dir='ltr'><strong>Postea</strong></span> <span class='ocrx_word' id='word_1_24' title='bbox 2194 645 2515 717; x_wconf 66' lang='lat' dir='ltr'><strong>quaerens,</strong></span> 
     </span>
     <span class='ocr_line' id='line_1_4' title="bbox 235 734 2518 829; baseline 0.001 -19"><span class='ocrx_word' id='word_1_25' title='bbox 235 741 320 810; x_wconf 85' lang='lat' dir='ltr'><strong>ad</strong></span> <span class='ocrx_word' id='word_1_26' title='bbox 373 759 540 829; x_wconf 83' lang='lat' dir='ltr'><strong>quos</strong></span> <span class='ocrx_word' id='word_1_27' title='bbox 589 737 672 807; x_wconf 87' lang='lat' dir='ltr'><strong>de</strong></span> <span class='ocrx_word' id='word_1_28' title='bbox 717 737 1034 827; x_wconf 76' lang='lat' dir='ltr'><strong>religione</strong></span> <span class='ocrx_word' id='word_1_29' title='bbox 1088 734 1405 827; x_wconf 71' lang='lat' dir='ltr'><strong>pertineat</strong></span> <span class='ocrx_word' id='word_1_30' title='bbox 1456 741 1729 826; x_wconf 81' lang='lat' dir='ltr'><strong>potestas</strong></span> <span class='ocrx_word' id='word_1_31' title='bbox 1780 735 1947 826; x_wconf 73' lang='lat' dir='ltr'><strong>brec,</strong></span> <span class='ocrx_word' id='word_1_32' title='bbox 1997 739 2328 810; x_wconf 87' lang='lat' dir='ltr'><strong>concludit·</strong></span> <span class='ocrx_word' id='word_1_33' title='bbox 2370 762 2518 812; x_wconf 88' lang='lat' dir='ltr'><strong>eam</strong></span> 
     </span>
     <span class='ocr_line' id='line_1_5' title="bbox 233 851 2513 950; baseline 0 -27"><span class='ocrx_word' id='word_1_34' title='bbox 233 854 560 947; x_wconf 85' lang='lat' dir='ltr'><strong>pertinere</strong></span> <span class='ocrx_word' id='word_1_35' title='bbox 587 853 668 922; x_wconf 84' lang='lat' dir='ltr'><strong>ad</strong></span> <span class='ocrx_word' id='word_1_36' title='bbox 723 852 1064 943; x_wconf 68' lang='lat' dir='ltr'><strong>praelatum</strong></span> <span class='ocrx_word' id='word_1_37' title='bbox 1099 851 1619 941; x_wconf 81' lang='lat' dir='ltr'><strong>uniuscujusque</strong></span> <span class='ocrx_word' id='word_1_38' title='bbox 1672 851 2001 943; x_wconf 78' lang='lat' dir='ltr'>religionis</span> <span class='ocrx_word' id='word_1_39' title='bbox 2046 853 2261 945; x_wconf 60' lang='grc' dir='ltr'>(ἰωὰ,</span> <span class='ocrx_word' id='word_1_40' title='bbox 2308 878 2378 928; x_wconf 90' lang='lat' dir='ltr'><strong>n.</strong></span> <span class='ocrx_word' id='word_1_41' title='bbox 2424 855 2513 950; x_wconf 84' lang='lat'><strong>3).</strong></span> 
     </span>
     <span class='ocr_line' id='line_1_6' title="bbox 233 963 2523 1058; baseline 0.003 -22"><span class='ocrx_word' id='word_1_42' title='bbox 233 965 532 1036; x_wconf 83' lang='lat' dir='ltr'><strong>Tandem</strong></span> <span class='ocrx_word' id='word_1_43' title='bbox 560 965 640 1034; x_wconf 85' lang='lat' dir='ltr'><strong>ad</strong></span> <span class='ocrx_word' id='word_1_44' title='bbox 681 965 1137 1055; x_wconf 78' lang='lat' dir='ltr'><strong>quaestionem,</strong></span> <span class='ocrx_word' id='word_1_45' title='bbox 1183 985 1348 1034; x_wconf 87' lang='lat' dir='ltr'><strong>num</strong></span> <span class='ocrx_word' id='word_1_46' title='bbox 1393 963 1593 1034; x_wconf 88' lang='lat' dir='ltr'><strong>abbas</strong></span> <span class='ocrx_word' id='word_1_47' title='bbox 1620 965 1793 1036; x_wconf 85' lang='lat' dir='ltr'><strong>solus</strong></span> <span class='ocrx_word' id='word_1_48' title='bbox 1821 969 2019 1058; x_wconf 88' lang='lat' dir='ltr'><strong>possit</strong></span> <span class='ocrx_word' id='word_1_49' title='bbox 2060 969 2333 1040; x_wconf 85' lang='lat' dir='ltr'><strong>novitios</strong></span> <span class='ocrx_word' id='word_1_50' title='bbox 2358 974 2523 1044; x_wconf 88' lang='lat' dir='ltr'><strong>reei-</strong></span> 
     </span>
     <span class='ocr_line' id='line_1_7' title="bbox 237 1081 2523 1176; baseline 0.003 -24"><span class='ocrx_word' id='word_1_51' title='bbox 237 1103 418 1176; x_wconf 87' lang='lat' dir='ltr'><strong>pere,</strong></span> <span class='ocrx_word' id='word_1_52' title='bbox 449 1103 532 1152; x_wconf 86' lang='lat' dir='ltr'><strong>an</strong></span> <span class='ocrx_word' id='word_1_53' title='bbox 555 1103 714 1151; x_wconf 70' lang='lat' dir='ltr'><strong>³vero</strong></span> <span class='ocrx_word' id='word_1_54' title='bbox 741 1082 1010 1173; x_wconf 83' lang='lat' dir='ltr'><strong>capituli</strong></span> <span class='ocrx_word' id='word_1_55' title='bbox 1043 1081 1150 1150; x_wconf 85' lang='lat' dir='ltr'><strong>sui</strong></span> <span class='ocrx_word' id='word_1_56' title='bbox 1191 1101 1459 1150; x_wconf 80' lang='lat' dir='ltr'><strong>assensu</strong></span> <span class='ocrx_word' id='word_1_57' title='bbox 1504 1081 1817 1172; x_wconf 77' lang='lat' dir='ltr'><strong>indigeat,</strong></span> <span class='ocrx_word' id='word_1_58' title='bbox 1847 1086 2147 1175; x_wconf 83' lang='lat' dir='ltr'><strong>expositis</strong></span> <span class='ocrx_word' id='word_1_59' title='bbox 2183 1087 2523 1158; x_wconf 87' lang='lat' dir='ltr'><strong>doctorum</strong></span> 
     </span>
     <span class='ocr_line' id='line_1_8' title="bbox 237 1194 2522 1295; baseline 0.004 -28"><span class='ocrx_word' id='word_1_60' title='bbox 237 1197 688 1288; x_wconf 80' lang='lat' dir='ltr'><strong>opinionibus,</strong></span> <span class='ocrx_word' id='word_1_61' title='bbox 713 1197 812 1267; x_wconf 85' lang='lat' dir='ltr'><strong>sic</strong></span> <span class='ocrx_word' id='word_1_62' title='bbox 831 1198 971 1289; x_wconf 85' lang='lat' dir='ltr'><strong>ipse</strong></span> <span class='ocrx_word' id='word_1_63' title='bbox 999 1195 1391 1294; x_wconf 72' lang='lat' dir='ltr'><strong>respondet-z</strong></span> <span class='ocrx_word' id='word_1_64' title='bbox 1422 1219 1459 1261; x_wconf 68' lang='lat' dir='ltr'><strong>a</strong></span> <span class='ocrx_word' id='word_1_65' title='bbox 1484 1194 1647 1266; x_wconf 77' lang='lat' dir='ltr'><strong>Mihi</strong></span> <span class='ocrx_word' id='word_1_66' title='bbox 1676 1203 1805 1267; x_wconf 85' lang='lat' dir='ltr'><strong>tota</strong></span> <span class='ocrx_word' id='word_1_67' title='bbox 1824 1198 1967 1268; x_wconf 82' lang='lat' dir='ltr'><strong>baec</strong></span> <span class='ocrx_word' id='word_1_68' title='bbox 1990 1202 2258 1291; x_wconf 66' lang='lat' dir='ltr'><strong>queastio</strong></span> <span class='ocrx_word' id='word_1_69' title='bbox 2285 1225 2522 1295; x_wconf 84' lang='lat' dir='ltr'><strong>parum</strong></span> 
     </span>
     <span class='ocr_line' id='line_1_9' title="bbox 247 1309 2521 1409; baseline 0.005 -31"><span class='ocrx_word' id='word_1_70' title='bbox 247 1336 286 1378; x_wconf 70' lang='grc' dir='ltr'><em>α</em></span> <span class='ocrx_word' id='word_1_71' title='bbox 315 1311 568 1382; x_wconf 77' lang='lat' dir='ltr'><strong>videtur</strong></span> <span class='ocrx_word' id='word_1_72' title='bbox 593 1312 803 1400; x_wconf 80' lang='lat' dir='ltr'><strong>utilis,</strong></span> <span class='ocrx_word' id='word_1_73' title='bbox 837 1313 998 1403; x_wconf 86' lang='lat' dir='ltr'><strong>quia</strong></span> <span class='ocrx_word' id='word_1_74' title='bbox 1019 1311 1091 1380; x_wconf 89' lang='lat' dir='ltr'><strong>in</strong></span> <span class='ocrx_word' id='word_1_75' title='bbox 1121 1331 1198 1380; x_wconf 86' lang='lat' dir='ltr'><strong>ea</strong></span> <span class='ocrx_word' id='word_1_76' title='bbox 1237 1309 1425 1379; x_wconf 67' lang='lat' dir='ltr'><strong>nihil</strong></span> <span class='ocrx_word' id='word_1_77' title='bbox 1444 1313 1585 1401; x_wconf 76' lang='lat' dir='ltr'><strong>fere</strong></span> <span class='ocrx_word' id='word_1_78' title='bbox 1611 1323 1834 1403; x_wconf 76' lang='lat' dir='ltr'><strong>potest</strong></span> <span class='ocrx_word' id='word_1_79' title='bbox 1874 1337 1957 1384; x_wconf 74' lang='lat' dir='ltr'><strong>ex</strong></span> <span class='ocrx_word' id='word_1_80' title='bbox 1980 1316 2123 1386; x_wconf 78' lang='lat' dir='ltr'><strong>solo</strong></span> <span class='ocrx_word' id='word_1_81' title='bbox 2138 1319 2299 1409; x_wconf 76' lang='lat' dir='ltr'><strong>jure</strong></span> <span class='ocrx_word' id='word_1_82' title='bbox 2340 1341 2521 1390; x_wconf 84' lang='lat' dir='ltr'><strong>com-</strong></span> 
     </span>
     <span class='ocr_line' id='line_1_10' title="bbox 243 1426 2515 1526; baseline 0.005 -33"><span class='ocrx_word' id='word_1_83' title='bbox 243 1451 286 1493; x_wconf 74' lang='lat'><strong>«</strong></span> <span class='ocrx_word' id='word_1_84' title='bbox 313 1427 510 1497; x_wconf 78' lang='lat' dir='ltr'><strong>muni</strong></span> <span class='ocrx_word' id='word_1_85' title='bbox 551 1427 852 1518; x_wconf 76' lang='lat' dir='ltr'><strong>definiri.</strong></span> <span class='ocrx_word' id='word_1_86' title='bbox 883 1427 1056 1497; x_wconf 86' lang='lat' dir='ltr'><strong>Nam</strong></span> <span class='ocrx_word' id='word_1_87' title='bbox 1096 1426 1170 1494; x_wconf 87' lang='lat' dir='ltr'><strong>in</strong></span> <span class='ocrx_word' id='word_1_88' title='bbox 1197 1426 1475 1516; x_wconf 84' lang='lat' dir='ltr'><strong>ipsomet</strong></span> <span class='ocrx_word' id='word_1_89' title='bbox 1518 1429 1859 1498; x_wconf 81' lang='lat' dir='ltr'><strong>communi</strong></span> <span class='ocrx_word' id='word_1_90' title='bbox 1898 1433 2051 1519; x_wconf 82' lang='lat' dir='ltr'><strong>jure</strong></span> <span class='ocrx_word' id='word_1_91' title='bbox 2100 1437 2515 1526; x_wconf 78' lang='lat' dir='ltr'><strong>supponitur,</strong></span> 
     </span>
     <span class='ocr_line' id='line_1_11' title="bbox 245 1539 2511 1626; baseline 0.005 -18"><span class='ocrx_word' id='word_1_92' title='bbox 245 1567 287 1608; x_wconf 70' lang='grc' dir='ltr'><strong>α</strong></span> <span class='ocrx_word' id='word_1_93' title='bbox 317 1541 648 1612; x_wconf 83' lang='lat' dir='ltr'><strong>interdum</strong></span> <span class='ocrx_word' id='word_1_94' title='bbox 683 1543 768 1614; x_wconf 86' lang='lat' dir='ltr'><strong>ad</strong></span> <span class='ocrx_word' id='word_1_95' title='bbox 810 1543 1026 1612; x_wconf 87' lang='lat' dir='ltr'><strong>solum</strong></span> <span class='ocrx_word' id='word_1_96' title='bbox 1073 1539 1402 1626; x_wconf 75' lang='lat' dir='ltr'><strong>abbatem,</strong></span> <span class='ocrx_word' id='word_1_97' title='bbox 1454 1541 1787 1611; x_wconf 71' lang='lat' dir='ltr'><strong>interdum</strong></span> <span class='ocrx_word' id='word_1_98' title='bbox 1832 1544 1915 1612; x_wconf 91' lang='lat' dir='ltr'><strong>ad</strong></span> <span class='ocrx_word' id='word_1_99' title='bbox 1941 1565 2095 1614; x_wconf 74' lang='lat' dir='ltr'><strong>eun</strong></span> <span class='ocrx_word' id='word_1_100' title='bbox 2122 1548 2323 1616; x_wconf 86' lang='lat' dir='ltr'><strong>simul</strong></span> <span class='ocrx_word' id='word_1_101' title='bbox 2358 1573 2511 1622; x_wconf 89' lang='lat' dir='ltr'><strong>cum</strong></span> 
     </span>
     <span class='ocr_line' id='line_1_12' title="bbox 247 1657 2515 1753; baseline 0.003 -26"><span class='ocrx_word' id='word_1_102' title='bbox 247 1681 287 1727; x_wconf 75' lang='grc' dir='ltr'><em>α</em></span> <span class='ocrx_word' id='word_1_103' title='bbox 313 1664 636 1728; x_wconf 75' lang='lat' dir='ltr'><strong>conventu</strong></span> <span class='ocrx_word' id='word_1_104' title='bbox 657 1657 1012 1749; x_wconf 83' lang='lat' dir='ltr'><strong>pertinere,</strong></span> <span class='ocrx_word' id='word_1_105' title='bbox 1037 1662 1114 1726; x_wconf 83' lang='lat' dir='ltr'><strong>ut</strong></span> <span class='ocrx_word' id='word_1_106' title='bbox 1138 1661 1312 1747; x_wconf 83' lang='lat' dir='ltr'><strong>patet</strong></span> <span class='ocrx_word' id='word_1_107' title='bbox 1335 1677 1414 1724; x_wconf 82' lang='lat' dir='ltr'><strong>ex</strong></span> <span class='ocrx_word' id='word_1_108' title='bbox 1438 1657 1647 1746; x_wconf 85' lang='lat' dir='ltr'><strong>capite</strong></span> <span class='ocrx_word' id='word_1_109' title='bbox 1674 1657 1909 1728; x_wconf 86' lang='lat' dir='ltr'><strong>ultimo</strong></span> <span class='ocrx_word' id='word_1_110' title='bbox 1934 1658 2013 1728; x_wconf 82' lang='lat' dir='ltr'><strong>de</strong></span> <span class='ocrx_word' id='word_1_111' title='bbox 2038 1662 2515 1753; x_wconf 71' lang='lat' dir='ltr'><strong>Reqularibus,</strong></span> 
     </span>
     <span class='ocr_line' id='line_1_13' title="bbox 243 1768 2513 1865; baseline 0.004 -27"><span class='ocrx_word' id='word_1_112' title='bbox 243 1799 282 1838; x_wconf 73' lang='grc' dir='ltr'><strong>α</strong></span> <span class='ocrx_word' id='word_1_113' title='bbox 307 1773 380 1842; x_wconf 88' lang='lat' dir='ltr'><strong>in</strong></span> <span class='ocrx_word' id='word_1_114' title='bbox 397 1785 618 1853; x_wconf 78' lang='lat' dir='ltr'><strong>sexto,</strong></span> <span class='ocrx_word' id='word_1_115' title='bbox 651 1771 826 1860; x_wconf 84' lang='lat' dir='ltr'><strong>quod</strong></span> <span class='ocrx_word' id='word_1_116' title='bbox 851 1774 946 1842; x_wconf 86' lang='lat' dir='ltr'><strong>sic</strong></span> <span class='ocrx_word' id='word_1_117' title='bbox 963 1770 1202 1842; x_wconf 85' lang='lat' dir='ltr'><strong>hahet:</strong></span> <span class='ocrx_word' id='word_1_118' title='bbox 1239 1770 1324 1840; x_wconf 78' lang='lat' dir='ltr'><strong>Si</strong></span> <span class='ocrx_word' id='word_1_119' title='bbox 1343 1768 1441 1839; x_wconf 83' lang='lat' dir='ltr'><strong>ad</strong></span> <span class='ocrx_word' id='word_1_120' title='bbox 1454 1770 1675 1838; x_wconf 80' lang='lat' dir='ltr'><strong>solum</strong></span> <span class='ocrx_word' id='word_1_121' title='bbox 1696 1770 2009 1842; x_wconf 69' lang='lat' dir='ltr'><strong>abbatem</strong></span> <span class='ocrx_word' id='word_1_122' title='bbox 2024 1777 2388 1865; x_wconf 79' lang='lat' dir='ltr'><em>pertineat.</em></span> <span class='ocrx_word' id='word_1_123' title='bbox 2406 1831 2417 1846; x_wconf 91' lang='lat'><em>.</em></span> <span class='ocrx_word' id='word_1_124' title='bbox 2434 1832 2450 1846; x_wconf 92' lang='lat'><strong>.</strong></span> <span class='ocrx_word' id='word_1_125' title='bbox 2478 1803 2513 1845; x_wconf 71' lang='grc' dir='ltr'><strong>ι)</strong></span> 
     </span>
     <span class='ocr_line' id='line_1_14' title="bbox 233 1887 704 1975; baseline -0.008 -19"><span class='ocrx_word' id='word_1_126' title='bbox 233 1887 466 1972; x_wconf 64' lang='lat' dir='ltr'><strong>abitt„</strong></span> <span class='ocrx_word' id='word_1_127' title='bbox 498 1909 570 1955; x_wconf 86' lang='lat' dir='ltr'><strong>n.</strong></span> <span class='ocrx_word' id='word_1_128' title='bbox 605 1888 704 1975; x_wconf 79' lang='grc'><strong>6.)</strong></span> 
     </span>
    </p>

    <p class='ocr_par' dir='ltr' id='par_1_3' title="bbox 232 1999 2593 2785">
     <span class='ocr_line' id='line_1_15' title="bbox 333 1999 2508 2094; baseline 0.004 -24"><span class='ocrx_word' id='word_1_129' title='bbox 333 2001 492 2070; x_wconf 80' lang='lat' dir='ltr'><strong>Haec</strong></span> <span class='ocrx_word' id='word_1_130' title='bbox 524 2022 677 2091; x_wconf 81' lang='lat' dir='ltr'><strong>quae</strong></span> <span class='ocrx_word' id='word_1_131' title='bbox 715 2001 1062 2071; x_wconf 72' lang='lat' dir='ltr'><strong>tradiderat</strong></span> <span class='ocrx_word' id='word_1_132' title='bbox 1083 1999 1423 2076; x_wconf 67' lang='lat' dir='ltr'><strong>Smres&#39;ius</strong></span> <span class='ocrx_word' id='word_1_133' title='bbox 1464 2002 1547 2071; x_wconf 84' lang='lat' dir='ltr'><strong>de</strong></span> <span class='ocrx_word' id='word_1_134' title='bbox 1586 2005 1887 2093; x_wconf 85' lang='lat' dir='ltr'><strong>potestate</strong></span> <span class='ocrx_word' id='word_1_135' title='bbox 1928 2001 2280 2094; x_wconf 87' lang='lat' dir='ltr'><strong>recipiendi</strong></span> <span class='ocrx_word' id='word_1_136' title='bbox 2312 2011 2508 2078; x_wconf 80' lang='lat' dir='ltr'><strong>novi-</strong></span> 
     </span>
     <span class='ocr_line' id='line_1_16' title="bbox 235 2115 2516 2210; baseline 0.004 -26"><span class='ocrx_word' id='word_1_137' title='bbox 235 2116 398 2204; x_wconf 76' lang='lat' dir='ltr'><strong>tios,</strong></span> <span class='ocrx_word' id='word_1_138' title='bbox 439 2115 628 2186; x_wconf 86' lang='lat' dir='ltr'><strong>ducit</strong></span> <span class='ocrx_word' id='word_1_139' title='bbox 646 2137 784 2186; x_wconf 82' lang='lat' dir='ltr'><strong>esse</strong></span> <span class='ocrx_word' id='word_1_140' title='bbox 809 2115 1196 2208; x_wconf 84' lang='lat' dir='ltr'><strong>applicanda</strong></span> <span class='ocrx_word' id='word_1_141' title='bbox 1225 2137 1377 2188; x_wconf 89' lang='lat' dir='ltr'><strong>cum</strong></span> <span class='ocrx_word' id='word_1_142' title='bbox 1426 2116 1839 2210; x_wconf 73' lang='lat' dir='ltr'><strong>proportione</strong></span> <span class='ocrx_word' id='word_1_143' title='bbox 1873 2119 1955 2186; x_wconf 88' lang='lat' dir='ltr'><strong>ad</strong></span> <span class='ocrx_word' id='word_1_144' title='bbox 1984 2121 2407 2209; x_wconf 79' lang='lat' dir='ltr'><strong>quaestionem</strong></span> <span class='ocrx_word' id='word_1_145' title='bbox 2434 2121 2516 2192; x_wconf 86' lang='lat' dir='ltr'><strong>de</strong></span> 
     </span>
     <span class='ocr_line' id='line_1_17' title="bbox 233 2232 2521 2326; baseline 0.004 -26"><span class='ocrx_word' id='word_1_146' title='bbox 233 2232 604 2324; x_wconf 81' lang='lat' dir='ltr'><strong>receptione</strong></span> <span class='ocrx_word' id='word_1_147' title='bbox 646 2232 1084 2302; x_wconf 77' lang='lat' dir='ltr'><strong>novitiarum.</strong></span> <span class='ocrx_word' id='word_1_148' title='bbox 1160 2233 1352 2304; x_wconf 88' lang='lat' dir='ltr'><strong>Illam</strong></span> <span class='ocrx_word' id='word_1_149' title='bbox 1403 2239 1621 2304; x_wconf 84' lang='lat' dir='ltr'><strong>autem</strong></span> <span class='ocrx_word' id='word_1_150' title='bbox 1673 2234 2175 2326; x_wconf 77' lang='lat' dir='ltr'><strong>applicationem</strong></span> <span class='ocrx_word' id='word_1_151' title='bbox 2228 2238 2285 2306; x_wconf 86' lang='lat' dir='ltr'><strong>si</strong></span> <span class='ocrx_word' id='word_1_152' title='bbox 2332 2238 2521 2309; x_wconf 78' lang='lat' dir='ltr'><strong>saciat</strong></span> 
     </span>
     <span class='ocr_line' id='line_1_18' title="bbox 232 2349 2593 2443; baseline 0.003 -26"><span class='ocrx_word' id='word_1_153' title='bbox 232 2349 462 2434; x_wconf 86' lang='lat' dir='ltr'><strong>lector,</strong></span> <span class='ocrx_word' id='word_1_154' title='bbox 511 2350 804 2419; x_wconf 73' lang='lat' dir='ltr'><strong>deveniet</strong></span> <span class='ocrx_word' id='word_1_155' title='bbox 831 2349 914 2420; x_wconf 84' lang='lat' dir='ltr'><strong>ad</strong></span> <span class='ocrx_word' id='word_1_156' title='bbox 951 2349 1126 2420; x_wconf 87' lang='lat' dir='ltr'><strong>banc</strong></span> <span class='ocrx_word' id='word_1_157' title='bbox 1172 2349 1655 2422; x_wconf 74' lang='lat' dir='ltr'><strong>conclusionem</strong></span> <span class='ocrx_word' id='word_1_158' title='bbox 1706 2372 1725 2417; x_wconf 75' lang='grc' dir='ltr'><strong><em>ε</em></strong></span> <span class='ocrx_word' id='word_1_159' title='bbox 1777 2351 2101 2440; x_wconf 85' lang='lat' dir='ltr'><strong>pertinere</strong></span> <span class='ocrx_word' id='word_1_160' title='bbox 2140 2358 2514 2443; x_wconf 84' lang='lat' dir='ltr'><strong>potestatem</strong></span> <span class='ocrx_word' id='word_1_161' title='bbox 2585 2351 2593 2359; x_wconf 82' lang='grc'><strong>’</strong></span> 
     </span>
     <span class='ocr_line' id='line_1_19' title="bbox 237 2463 2519 2557; baseline 0.004 -25"><span class='ocrx_word' id='word_1_162' title='bbox 237 2465 516 2533; x_wconf 73' lang='lat' dir='ltr'><strong>novitias</strong></span> <span class='ocrx_word' id='word_1_163' title='bbox 541 2463 926 2557; x_wconf 82' lang='lat' dir='ltr'><strong>recipiendi,</strong></span> <span class='ocrx_word' id='word_1_164' title='bbox 969 2464 1074 2532; x_wconf 76' lang='lat' dir='ltr'><strong>vel</strong></span> <span class='ocrx_word' id='word_1_165' title='bbox 1101 2463 1180 2533; x_wconf 85' lang='lat' dir='ltr'><strong>ad</strong></span> <span class='ocrx_word' id='word_1_166' title='bbox 1208 2467 1410 2534; x_wconf 86' lang='lat' dir='ltr'><strong>solam</strong></span> <span class='ocrx_word' id='word_1_167' title='bbox 1445 2465 1859 2551; x_wconf 73' lang='lat' dir='ltr'><strong>abbatissam,</strong></span> <span class='ocrx_word' id='word_1_168' title='bbox 1892 2465 1995 2536; x_wconf 83' lang='lat' dir='ltr'><strong>vel</strong></span> <span class='ocrx_word' id='word_1_169' title='bbox 2020 2467 2101 2536; x_wconf 88' lang='lat' dir='ltr'><strong>ad</strong></span> <span class='ocrx_word' id='word_1_170' title='bbox 2130 2467 2519 2540; x_wconf 82' lang='lat' dir='ltr'><strong>abbatissam</strong></span> 
     </span>
     <span class='ocr_line' id='line_1_20' title="bbox 235 2583 2521 2670; baseline 0.004 -22"><span class='ocrx_word' id='word_1_171' title='bbox 235 2595 396 2648; x_wconf 79' lang='lat' dir='ltr'><strong>eum</strong></span> <span class='ocrx_word' id='word_1_172' title='bbox 429 2599 692 2648; x_wconf 76' lang='lat' dir='ltr'><strong>assensu</strong></span> <span class='ocrx_word' id='word_1_173' title='bbox 703 2601 713 2608; x_wconf 56' lang='lat'><strong>·‘</strong></span> <span class='ocrx_word' id='word_1_174' title='bbox 741 2586 1132 2669; x_wconf 76' lang='lat' dir='ltr'><strong>conventus3</strong></span> <span class='ocrx_word' id='word_1_175' title='bbox 1185 2599 1604 2670; x_wconf 83' lang='lat' dir='ltr'><strong>nequaquam</strong></span> <span class='ocrx_word' id='word_1_176' title='bbox 1652 2589 1872 2652; x_wconf 85' lang='lat' dir='ltr'><strong>autem</strong></span> <span class='ocrx_word' id='word_1_177' title='bbox 1918 2583 2343 2654; x_wconf 85' lang='lat' dir='ltr'><strong>necessariam</strong></span> <span class='ocrx_word' id='word_1_178' title='bbox 2386 2609 2521 2656; x_wconf 88' lang='lat' dir='ltr'><strong>esse</strong></span> 
     </span>
     <span class='ocr_line' id='line_1_21' title="bbox 239 2691 1927 2785; baseline 0 -23"><span class='ocrx_word' id='word_1_179' title='bbox 239 2691 446 2762; x_wconf 84' lang='lat' dir='ltr'><strong>ullam</strong></span> <span class='ocrx_word' id='word_1_180' title='bbox 473 2693 778 2785; x_wconf 83' lang='lat' dir='ltr'><strong>Episcopi</strong></span> <span class='ocrx_word' id='word_1_181' title='bbox 807 2699 924 2762; x_wconf 89' lang='lat' dir='ltr'><strong>aut</strong></span> <span class='ocrx_word' id='word_1_182' title='bbox 948 2693 1196 2784; x_wconf 53' lang='lat' dir='ltr'><strong>praelati</strong></span> <span class='ocrx_word' id='word_1_183' title='bbox 1223 2692 1545 2785; x_wconf 82' lang='lat' dir='ltr'><strong>regularis</strong></span> <span class='ocrx_word' id='word_1_184' title='bbox 1568 2691 1927 2762; x_wconf 75' lang='lat' dir='ltr'><strong>licentiam.</strong></span> 
     </span>
    </p>

    <p class='ocr_par' dir='ltr' id='par_1_4' title="bbox 231 2805 2526 4490">
     <span class='ocr_line' id='line_1_22' title="bbox 328 2805 2517 2903; baseline 0.003 -25"><span class='ocrx_word' id='word_1_185' title='bbox 328 2805 797 2897; x_wconf 85' lang='lat' dir='ltr'><strong>Nihilominus,</strong></span> <span class='ocrx_word' id='word_1_186' title='bbox 816 2809 1406 2879; x_wconf 80' lang='lat' dir='ltr'><strong>attentocommzmi</strong></span> <span class='ocrx_word' id='word_1_187' title='bbox 1417 2829 1563 2897; x_wconf 78' lang='lat' dir='ltr'><strong>usu,</strong></span> <span class='ocrx_word' id='word_1_188' title='bbox 1590 2809 1907 2877; x_wconf 85' lang='lat' dir='ltr'><strong>existimat</strong></span> <span class='ocrx_word' id='word_1_189' title='bbox 1920 2808 2259 2882; x_wconf 86' lang='lat' dir='ltr'><strong>Suaresius</strong></span> <span class='ocrx_word' id='word_1_190' title='bbox 2270 2816 2517 2903; x_wconf 86' lang='lat' dir='ltr'><strong>requiri</strong></span> 
     </span>
     <span class='ocr_line' id='line_1_23' title="bbox 233 2920 2513 3016; baseline 0.003 -24"><span class='ocrx_word' id='word_1_191' title='bbox 233 2923 432 2992; x_wconf 79' lang='lat' dir='ltr'><strong>etiarn</strong></span> <span class='ocrx_word' id='word_1_192' title='bbox 473 2925 746 3016; x_wconf 71' lang='lat' dir='ltr'><strong>praelati,</strong></span> <span class='ocrx_word' id='word_1_193' title='bbox 781 2923 1306 3014; x_wconf 80' lang='lat' dir='ltr'><strong>jurisdictionem</strong></span> <span class='ocrx_word' id='word_1_194' title='bbox 1347 2925 1421 2992; x_wconf 88' lang='lat' dir='ltr'><strong>in</strong></span> <span class='ocrx_word' id='word_1_195' title='bbox 1450 2921 1763 2994; x_wconf 88' lang='lat' dir='ltr'><strong>moniales</strong></span> <span class='ocrx_word' id='word_1_196' title='bbox 1806 2920 2127 3004; x_wconf 83' lang='lat' dir='ltr'><strong>habentis,</strong></span> <span class='ocrx_word' id='word_1_197' title='bbox 2159 2925 2513 2998; x_wconf 79' lang='lat' dir='ltr'><strong>licentiam.</strong></span> 
     </span>
     <span class='ocr_line' id='line_1_24' title="bbox 233 3036 2513 3131; baseline 0.001 -23"><span class='ocrx_word' id='word_1_198' title='bbox 233 3037 342 3108; x_wconf 85' lang='lat' dir='ltr'><strong>En</strong></span> <span class='ocrx_word' id='word_1_199' title='bbox 391 3039 598 3130; x_wconf 87' lang='lat' dir='ltr'><strong>ipsius</strong></span> <span class='ocrx_word' id='word_1_200' title='bbox 650 3037 836 3110; x_wconf 78' lang='lat' dir='ltr'><strong>valde</strong></span> <span class='ocrx_word' id='word_1_201' title='bbox 885 3039 1270 3110; x_wconf 81' lang='lat' dir='ltr'><strong>attendenda</strong></span> <span class='ocrx_word' id='word_1_202' title='bbox 1323 3039 1519 3108; x_wconf 82' lang='lat' dir='ltr'><strong>verba</strong></span> <span class='ocrx_word' id='word_1_203' title='bbox 1584 3036 1693 3130; x_wconf 80' lang='lat' dir='ltr'><strong>(de</strong></span> <span class='ocrx_word' id='word_1_204' title='bbox 1762 3036 2135 3129; x_wconf 75' lang='lat' dir='ltr'><strong>Reliqione,</strong></span> <span class='ocrx_word' id='word_1_205' title='bbox 2212 3045 2369 3108; x_wconf 89' lang='lat' dir='ltr'><strong>tom.</strong></span> <span class='ocrx_word' id='word_1_206' title='bbox 2446 3044 2513 3131; x_wconf 75' lang='lat'><strong>4,</strong></span> 
     </span>
     <span class='ocr_line' id='line_1_25' title="bbox 237 3152 2522 3246; baseline 0.002 -24"><span class='ocrx_word' id='word_1_207' title='bbox 237 3159 426 3222; x_wconf 83' lang='lat' dir='ltr'><strong>tract.</strong></span> <span class='ocrx_word' id='word_1_208' title='bbox 476 3155 546 3237; x_wconf 84' lang='lat'><strong>9,</strong></span> <span class='ocrx_word' id='word_1_209' title='bbox 595 3154 645 3222; x_wconf 89' lang='lat' dir='ltr'><strong>l.</strong></span> <span class='ocrx_word' id='word_1_210' title='bbox 701 3155 762 3238; x_wconf 87' lang='lat'><strong>1,</strong></span> <span class='ocrx_word' id='word_1_211' title='bbox 803 3175 864 3223; x_wconf 91' lang='lat' dir='ltr'><strong>c.</strong></span> <span class='ocrx_word' id='word_1_212' title='bbox 921 3153 1034 3234; x_wconf 77' lang='lat'><strong>1¹,</strong></span> <span class='ocrx_word' id='word_1_213' title='bbox 1080 3175 1148 3222; x_wconf 90' lang='lat' dir='ltr'><strong>n.</strong></span> <span class='ocrx_word' id='word_1_214' title='bbox 1200 3153 1316 3244; x_wconf 80' lang='lat'><strong>1):</strong></span> <span class='ocrx_word' id='word_1_215' title='bbox 1371 3152 1823 3223; x_wconf 73' lang='lat' dir='ltr'><strong>«Communis</strong></span> <span class='ocrx_word' id='word_1_216' title='bbox 1862 3175 2013 3222; x_wconf 80' lang='lat' dir='ltr'><strong>vero</strong></span> <span class='ocrx_word' id='word_1_217' title='bbox 2051 3175 2231 3236; x_wconf 85' lang='lat' dir='ltr'><strong>usus,</strong></span> <span class='ocrx_word' id='word_1_218' title='bbox 2274 3156 2409 3246; x_wconf 82' lang='lat' dir='ltr'><strong>juri</strong></span> <span class='ocrx_word' id='word_1_219' title='bbox 2458 3166 2522 3228; x_wconf 87' lang='lat' dir='ltr'><strong>et</strong></span> 
     </span>
     <span class='ocr_line' id='line_1_26' title="bbox 247 3268 2517 3363; baseline 0.004 -29"><span class='ocrx_word' id='word_1_220' title='bbox 247 3291 288 3334; x_wconf 78' lang='grc' dir='ltr'>α</span> <span class='ocrx_word' id='word_1_221' title='bbox 313 3269 546 3338; x_wconf 87' lang='lat' dir='ltr'><strong>rationi</strong></span> <span class='ocrx_word' id='word_1_222' title='bbox 587 3277 1078 3353; x_wconf 79' lang='lat' dir='ltr'><strong>consentaneus,</strong></span> <span class='ocrx_word' id='word_1_223' title='bbox 1135 3275 1254 3359; x_wconf 86' lang='lat' dir='ltr'><strong>est,</strong></span> <span class='ocrx_word' id='word_1_224' title='bbox 1309 3274 1382 3338; x_wconf 88' lang='lat' dir='ltr'><strong>ut</strong></span> <span class='ocrx_word' id='word_1_225' title='bbox 1429 3268 1571 3338; x_wconf 79' lang='lat' dir='ltr'><strong>hoec</strong></span> <span class='ocrx_word' id='word_1_226' title='bbox 1625 3273 1897 3358; x_wconf 87' lang='lat' dir='ltr'><strong>potestas</strong></span> <span class='ocrx_word' id='word_1_227' title='bbox 1940 3268 2022 3338; x_wconf 88' lang='lat' dir='ltr'><strong>sit</strong></span> <span class='ocrx_word' id='word_1_228' title='bbox 2066 3271 2137 3338; x_wconf 90' lang='lat' dir='ltr'><strong>in</strong></span> <span class='ocrx_word' id='word_1_229' title='bbox 2174 3271 2313 3363; x_wconf 88' lang='lat' dir='ltr'><strong>ipso</strong></span> <span class='ocrx_word' id='word_1_230' title='bbox 2356 3295 2517 3344; x_wconf 90' lang='lat' dir='ltr'><strong>con-</strong></span> 
     </span>
     <span class='ocr_line' id='line_1_27' title="bbox 248 3381 2519 3476; baseline 0.004 -26"><span class='ocrx_word' id='word_1_231' title='bbox 248 3406 288 3449; x_wconf 76' lang='lat'>«</span> <span class='ocrx_word' id='word_1_232' title='bbox 314 3389 512 3452; x_wconf 80' lang='lat' dir='ltr'><strong>ventu</strong></span> <span class='ocrx_word' id='word_1_233' title='bbox 545 3381 972 3466; x_wconf 79' lang='lat' dir='ltr'><strong>monialium3</strong></span> <span class='ocrx_word' id='word_1_234' title='bbox 1028 3383 1232 3452; x_wconf 79' lang='lat' dir='ltr'><strong>simul</strong></span> <span class='ocrx_word' id='word_1_235' title='bbox 1281 3387 1499 3452; x_wconf 88' lang='lat' dir='ltr'><strong>tamen</strong></span> <span class='ocrx_word' id='word_1_236' title='bbox 1548 3384 1918 3472; x_wconf 77' lang='lat' dir='ltr'><strong>requiratur</strong></span> <span class='ocrx_word' id='word_1_237' title='bbox 1969 3385 2213 3476; x_wconf 53' lang='lat' dir='ltr'><strong>praelati</strong></span> <span class='ocrx_word' id='word_1_238' title='bbox 2255 3387 2519 3460; x_wconf 87' lang='lat' dir='ltr'><strong>licentia</strong></span> 
     </span>
     <span class='ocr_line' id='line_1_28' title="bbox 249 3497 2523 3604; baseline 0.004 -40"><span class='ocrx_word' id='word_1_239' title='bbox 249 3523 288 3564; x_wconf 77' lang='grc' dir='ltr'><strong>α</strong></span> <span class='ocrx_word' id='word_1_240' title='bbox 311 3519 428 3568; x_wconf 84' lang='lat' dir='ltr'><strong>seu</strong></span> <span class='ocrx_word' id='word_1_241' title='bbox 471 3519 846 3568; x_wconf 83' lang='lat' dir='ltr'><strong>consensus.</strong></span> <span class='ocrx_word' id='word_1_242' title='bbox 893 3497 1062 3569; x_wconf 87' lang='lat' dir='ltr'><strong>Nam</strong></span> <span class='ocrx_word' id='word_1_243' title='bbox 1107 3503 1429 3589; x_wconf 85' lang='lat' dir='ltr'><strong>quatenus</strong></span> <span class='ocrx_word' id='word_1_244' title='bbox 1458 3497 1589 3604; x_wconf 65' lang='lat'><strong>,³¹¹³</strong></span> <span class='ocrx_word' id='word_1_245' title='bbox 1629 3497 1905 3590; x_wconf 83' lang='lat' dir='ltr'><strong>receptio</strong></span> <span class='ocrx_word' id='word_1_246' title='bbox 1950 3505 2046 3566; x_wconf 86' lang='lat' dir='ltr'><strong>est</strong></span> <span class='ocrx_word' id='word_1_247' title='bbox 2090 3501 2171 3570; x_wconf 87' lang='lat' dir='ltr'><strong>ad</strong></span> <span class='ocrx_word' id='word_1_248' title='bbox 2219 3524 2523 3573; x_wconf 88' lang='lat' dir='ltr'><strong>commu-</strong></span> 
     </span>
     <span class='ocr_line' id='line_1_29' title="bbox 247 3613 2523 3706; baseline 0.004 -27"><span class='ocrx_word' id='word_1_249' title='bbox 247 3638 288 3679; x_wconf 75' lang='lat'><strong>«</strong></span> <span class='ocrx_word' id='word_1_250' title='bbox 319 3634 474 3682; x_wconf 89' lang='lat' dir='ltr'><strong>nem</strong></span> <span class='ocrx_word' id='word_1_251' title='bbox 518 3613 718 3684; x_wconf 84' lang='lat' dir='ltr'><strong>vitam</strong></span> <span class='ocrx_word' id='word_1_252' title='bbox 753 3621 816 3683; x_wconf 89' lang='lat' dir='ltr'><strong>et</strong></span> <span class='ocrx_word' id='word_1_253' title='bbox 853 3617 1224 3686; x_wconf 81' lang='lat' dir='ltr'><strong>societatem</strong></span> <span class='ocrx_word' id='word_1_254' title='bbox 1273 3635 1435 3684; x_wconf 84' lang='lat' dir='ltr'><strong>eum</strong></span> <span class='ocrx_word' id='word_1_255' title='bbox 1462 3613 1885 3696; x_wconf 84' lang='lat' dir='ltr'><strong>monialibus,</strong></span> <span class='ocrx_word' id='word_1_256' title='bbox 1932 3614 2095 3682; x_wconf 84' lang='lat' dir='ltr'><strong>ratio</strong></span> <span class='ocrx_word' id='word_1_257' title='bbox 2136 3617 2414 3706; x_wconf 82' lang='lat' dir='ltr'><strong>postulat</strong></span> <span class='ocrx_word' id='word_1_258' title='bbox 2449 3624 2523 3688; x_wconf 87' lang='lat' dir='ltr'><strong>ut</strong></span> 
     </span>
     <span class='ocr_line' id='line_1_30' title="bbox 245 3729 2523 3821; baseline 0.004 -28"><span class='ocrx_word' id='word_1_259' title='bbox 245 3752 287 3793; x_wconf 69' lang='grc' dir='ltr'><strong>α</strong></span> <span class='ocrx_word' id='word_1_260' title='bbox 311 3729 466 3819; x_wconf 64' lang='lat' dir='ltr'><strong>ipsas</strong></span> <span class='ocrx_word' id='word_1_261' title='bbox 515 3729 876 3801; x_wconf 67' lang='lat' dir='ltr'><strong>voluntarie</strong></span> <span class='ocrx_word' id='word_1_262' title='bbox 927 3732 1112 3802; x_wconf 88' lang='lat' dir='ltr'><strong>illam</strong></span> <span class='ocrx_word' id='word_1_263' title='bbox 1169 3731 1517 3810; x_wconf 70' lang='lat' dir='ltr'><strong>admittant</strong></span> <span class='ocrx_word' id='word_1_264' title='bbox 1570 3751 1589 3802; x_wconf 73' lang='lat' dir='ltr'>z</span> <span class='ocrx_word' id='word_1_265' title='bbox 1649 3737 1969 3821; x_wconf 87' lang='lat' dir='ltr'><strong>quatenus</strong></span> <span class='ocrx_word' id='word_1_266' title='bbox 2024 3751 2177 3798; x_wconf 79' lang='lat' dir='ltr'><strong>vero</strong></span> <span class='ocrx_word' id='word_1_267' title='bbox 2238 3731 2353 3802; x_wconf 86' lang='lat' dir='ltr'><strong>illa</strong></span> <span class='ocrx_word' id='word_1_268' title='bbox 2414 3754 2523 3802; x_wconf 88' lang='lat' dir='ltr'><strong>re-</strong></span> 
     </span>
     <span class='ocr_line' id='line_1_31' title="bbox 243 3843 2525 3938; baseline 0.002 -25"><span class='ocrx_word' id='word_1_269' title='bbox 243 3866 286 3908; x_wconf 78' lang='lat'>«</span> <span class='ocrx_word' id='word_1_270' title='bbox 312 3843 520 3934; x_wconf 86' lang='lat' dir='ltr'><strong>ceptio</strong></span> <span class='ocrx_word' id='word_1_271' title='bbox 590 3851 684 3914; x_wconf 83' lang='lat' dir='ltr'><strong>est</strong></span> <span class='ocrx_word' id='word_1_272' title='bbox 753 3847 973 3938; x_wconf 85' lang='lat' dir='ltr'><strong>aliquo</strong></span> <span class='ocrx_word' id='word_1_273' title='bbox 1037 3846 1233 3918; x_wconf 89' lang='lat' dir='ltr'><strong>modo</strong></span> <span class='ocrx_word' id='word_1_274' title='bbox 1309 3853 1491 3916; x_wconf 83' lang='lat' dir='ltr'><strong>actus</strong></span> <span class='ocrx_word' id='word_1_275' title='bbox 1556 3845 2055 3938; x_wconf 72' lang='lat' dir='ltr'><strong>iurisdictioniS,</strong></span> <span class='ocrx_word' id='word_1_276' title='bbox 2132 3853 2380 3937; x_wconf 84' lang='lat' dir='ltr'><strong>oportet</strong></span> <span class='ocrx_word' id='word_1_277' title='bbox 2452 3859 2525 3918; x_wconf 87' lang='lat' dir='ltr'><strong>ut</strong></span> 
     </span>
     <span class='ocr_line' id='line_1_32' title="bbox 248 3956 2515 4052; baseline -0.001 -24"><span class='ocrx_word' id='word_1_278' title='bbox 248 3980 284 4020; x_wconf 71' lang='lat' dir='ltr'><strong>a</strong></span> <span class='ocrx_word' id='word_1_279' title='bbox 313 3956 632 4046; x_wconf 65' lang='lat' dir='ltr'><strong>prelatus,</strong></span> <span class='ocrx_word' id='word_1_280' title='bbox 681 3961 856 4050; x_wconf 86' lang='lat' dir='ltr'><strong>apud</strong></span> <span class='ocrx_word' id='word_1_281' title='bbox 910 3983 1112 4051; x_wconf 86' lang='lat' dir='ltr'><strong>quem</strong></span> <span class='ocrx_word' id='word_1_282' title='bbox 1155 3966 1252 4030; x_wconf 87' lang='lat' dir='ltr'><strong>est</strong></span> <span class='ocrx_word' id='word_1_283' title='bbox 1303 3959 1565 4052; x_wconf 82' lang='lat' dir='ltr'><strong>propria</strong></span> <span class='ocrx_word' id='word_1_284' title='bbox 1616 3958 2006 4048; x_wconf 75' lang='lat' dir='ltr'><strong>jurisdictio,</strong></span> <span class='ocrx_word' id='word_1_285' title='bbox 2052 3969 2421 4030; x_wconf 82' lang='lat' dir='ltr'><strong>concurrat.</strong></span> <span class='ocrx_word' id='word_1_286' title='bbox 2482 3987 2515 4026; x_wconf 63' lang='grc' dir='ltr'><strong>ι)</strong></span> 
     </span>
     <span class='ocr_line' id='line_1_33' title="bbox 233 4071 2525 4172; baseline 0.003 -30"><span class='ocrx_word' id='word_1_287' title='bbox 233 4071 428 4143; x_wconf 86' lang='lat' dir='ltr'><strong>Notet</strong></span> <span class='ocrx_word' id='word_1_288' title='bbox 453 4074 654 4146; x_wconf 86' lang='lat' dir='ltr'><strong>lector</strong></span> <span class='ocrx_word' id='word_1_289' title='bbox 697 4079 1128 4148; x_wconf 81' lang='lat' dir='ltr'><strong>neeessariam</strong></span> <span class='ocrx_word' id='word_1_290' title='bbox 1179 4101 1218 4148; x_wconf 86' lang='lat' dir='ltr'><strong>a</strong></span> <span class='ocrx_word' id='word_1_291' title='bbox 1263 4078 1567 4150; x_wconf 84' lang='lat' dir='ltr'><strong>Suaresio</strong></span> <span class='ocrx_word' id='word_1_292' title='bbox 1606 4077 1957 4148; x_wconf 80' lang='lat' dir='ltr'><strong>existimari</strong></span> <span class='ocrx_word' id='word_1_293' title='bbox 1996 4078 2327 4148; x_wconf 85' lang='lat' dir='ltr'><strong>licentiam</strong></span> <span class='ocrx_word' id='word_1_294' title='bbox 2356 4101 2525 4172; x_wconf 58' lang='lat' dir='ltr'><strong>praa,-</strong></span> 
     </span>
     <span class='ocr_line' id='line_1_34' title="bbox 231 4189 2526 4285; baseline 0.003 -27"><span class='ocrx_word' id='word_1_295' title='bbox 231 4189 352 4258; x_wconf 85' lang='lat' dir='ltr'><strong>lati</strong></span> <span class='ocrx_word' id='word_1_296' title='bbox 379 4189 572 4281; x_wconf 77' lang='lat' dir='ltr'><strong>apud</strong></span> <span class='ocrx_word' id='word_1_297' title='bbox 602 4213 798 4284; x_wconf 83' lang='lat' dir='ltr'><strong>quem</strong></span> <span class='ocrx_word' id='word_1_298' title='bbox 839 4205 935 4261; x_wconf 80' lang='lat' dir='ltr'><strong>est</strong></span> <span class='ocrx_word' id='word_1_299' title='bbox 954 4191 1344 4283; x_wconf 74' lang='lat' dir='ltr'><strong>jurisdictio</strong></span> <span class='ocrx_word' id='word_1_300' title='bbox 1357 4215 1388 4280; x_wconf 89' lang='lat'><em>;</em></span> <span class='ocrx_word' id='word_1_301' title='bbox 1432 4215 1507 4264; x_wconf 85' lang='lat' dir='ltr'><strong>ac</strong></span> <span class='ocrx_word' id='word_1_302' title='bbox 1556 4192 1826 4284; x_wconf 84' lang='lat' dir='ltr'><strong>proinde</strong></span> <span class='ocrx_word' id='word_1_303' title='bbox 1872 4190 2073 4261; x_wconf 82' lang='lat' dir='ltr'><strong>solius</strong></span> <span class='ocrx_word' id='word_1_304' title='bbox 2126 4195 2373 4285; x_wconf 70' lang='lat' dir='ltr'><strong>praelati</strong></span> <span class='ocrx_word' id='word_1_305' title='bbox 2423 4217 2526 4265; x_wconf 86' lang='lat' dir='ltr'><strong>re-</strong></span> 
     </span>
     <span class='ocr_line' id='line_1_35' title="bbox 231 4295 2517 4402; baseline 0.004 -29"><span class='ocrx_word' id='word_1_306' title='bbox 231 4295 512 4391; x_wconf 82' lang='lat' dir='ltr'><strong>gularis,</strong></span> <span class='ocrx_word' id='word_1_307' title='bbox 562 4308 618 4376; x_wconf 89' lang='lat' dir='ltr'><strong>si</strong></span> <span class='ocrx_word' id='word_1_308' title='bbox 665 4308 982 4378; x_wconf 88' lang='lat' dir='ltr'><strong>moniales</strong></span> <span class='ocrx_word' id='word_1_309' title='bbox 1019 4309 1433 4399; x_wconf 80' lang='lat' dir='ltr'><strong>regularibus</strong></span> <span class='ocrx_word' id='word_1_310' title='bbox 1472 4307 1949 4398; x_wconf 40' lang='lat' dir='ltr'><strong>subj&gt;iciautur3</strong></span> <span class='ocrx_word' id='word_1_311' title='bbox 2000 4305 2307 4402; x_wconf 84' lang='lat' dir='ltr'><strong>Episcopi</strong></span> <span class='ocrx_word' id='word_1_312' title='bbox 2342 4333 2517 4396; x_wconf 81' lang='lat' dir='ltr'><strong>vero,</strong></span> 
     </span>
     <span class='ocr_line' id='line_1_36' title="bbox 233 4434 2513 4490; baseline 0.005 -3"><span class='ocrx_word' id='word_1_313' title='bbox 233 4439 294 4487; x_wconf 73' lang='lat' dir='ltr'><strong>si</strong></span> <span class='ocrx_word' id='word_1_314' title='bbox 322 4439 534 4490; x_wconf 74' lang='lat' dir='ltr'><strong>secus,</strong></span> <span class='ocrx_word' id='word_1_315' title='bbox 2505 4434 2513 4441; x_wconf 82' lang='lat'><strong><em>&#39;</em></strong></span> 
     </span>
    </p>

    <p class='ocr_par' dir='ltr' id='par_1_5' title="bbox 487 4543 2239 4620">
     <span class='ocr_line' id='line_1_37' title="bbox 487 4543 2239 4620; baseline 0.005 -32"><span class='ocrx_word' id='word_1_316' title='bbox 487 4543 534 4590; x_wconf 91' lang='lat'><strong>1.</strong></span> <span class='ocrx_word' id='word_1_317' title='bbox 967 4613 974 4620; x_wconf 25' lang='grc' dir='ltr'><strong><em>Ι</em></strong></span> <span class='ocrx_word' id='word_1_318' title='bbox 2168 4549 2239 4596; x_wconf 72' lang='lat'><strong>⁸⁶</strong></span> 
     </span>
    </p>
   </div>
  </div>
 </body>
</html>
