2834 4959
1000 317 1151 366 PARS
1202 318 1495 369 acuum.
2268 317 2390 376 223

1038 649 1315 724 CAPUT
1346 650 1460 720 lv.

133 878 325 934 ocsus
392 877 779 930 REQmRATuR
847 877 1018 922 smus
1106 878 1490 926 APOSTOLICAE
1551 881 1950 942 APPROBATIO,
2031 885 2114 928 Ao
2193 885 2386 932 ΠΟΥ-Ε

266 973 591 1022 untalons
634 975 750 1021 SEU
793 975 1321 1024 CONGREGATIOMS
1368 979 1700 1025 RELIGIOSAE
1743 981 2246 1028 INSTITUTIONEM.

214 1209 591 1302 Approbatio
620 1208 987 1295 Pontificia,
1025 1217 1216 1300 prout
1248 1233 1444 1302 supra
1483 1211 1888 1300 monuimus,
1921 1221 1983 1284 et
2024 1222 2202 1284 extra
2233 1237 2388 1284 con-

129 1329 481 1395 troversiam
521 1331 640 1418 est,
672 1325 802 1394 duo
845 1326 1164 1395 includit:
1187 1325 1538 1418 judicium
1581 1351 1818 1421 nempe
1851 1352 1981 1422 quo
2027 1333 2392 1401 declaratur

131 1441 269 1510 novi
304 1443 571 1510 instituti
624 1443 945 1528 honestaS,
1013 1449 1074 1509 et
1121 1441 1472 1510 licentiam
1506 1444 1669 1512 illud
1719 1448 2146 1536 exsequendi3
2199 1453 2387 1540 atque

130 1557 273 1625 illud
318 1567 671 1648 utrumque
719 1555 931 1624 facere
994 1563 1291 1625 censetur
1350 1557 1664 1639 Pontifex,
1727 1561 1988 1650 quando
2041 1562 2122 1630 de
2174 1562 2393 1662 aliquo

134 1673 383 1742 instituto
406 1673 601 1753 dicit,
628 1671 1109 1764 approbamus.
1140 1672 1225 1742 Vi
1246 1695 1480 1764 nempe
1500 1675 1698 1764 hujus
1720 1675 1894 1743 vocis
1913 1675 2183 1744 facultas
2206 1681 2393 1746 datur

134 1808 289 1857 novae
306 1789 574 1857 familiae
600 1788 922 1878 religiosae
963 1787 1274 1855 membris
1308 1788 1712 1876 superiorem
1753 1788 1876 1856 sibi
1913 1790 2222 1878 eligendi,
2250 1798 2394 1860 vota

132 1905 469 1988 emittendi,
502 1904 783 1971 novitios
807 1902 1186 1993 recipiendi,
1220 1908 1283 1968 et
1320 1910 1548 1970 caetera
1577 1904 1800 1970 omnia
1832 1903 2180 1992 peragendi
2210 1906 2394 1991 juxta

134 2018 377 2086 instituti
400 2017 737 2110 approbati
762 2039 1057 2086 normam
1080 2024 1143 2087 et
1164 2017 1701 2108 praescriptiones.
1726 2017 1796 2086 ld
1819 2023 2128 2108 tanquam
2145 2025 2391 2086 certum

136 2131 225 2199 hic
245 2135 694 2225 supponimus.

204 2249 281 2316 At
311 2249 761 2317 difficultatem
786 2247 993 2316 facere
1019 2252 1288 2338 possunt
1314 2251 1646 2335 sequentes
1675 2249 2108 2336 quaestiones:
2148 2253 2211 2316 1⁰
2239 2268 2394 2337 qua-

134 2362 219 2446 lis,
246 2385 348 2431 seu
386 2365 579 2447 cuius
617 2361 867 2445 formas,
909 2361 1281 2450 requiratur
1318 2361 1720 2450 approbatio,
1752 2369 1824 2429 ut
1858 2384 2104 2432 novum
2142 2365 2396 2430 institu-

134 2483 254 2546 tum
276 2482 355 2546 sit
380 2478 639 2546 licitum
664 2501 683 2561 ;
720 2477 787 2544 20
818 2477 1055 2567 qualis,
1090 2483 1166 2544 ut
1197 2477 1429 2546 habeat
1457 2477 1796 2546 essentiam
1816 2485 2026 2548 -status
2057 2477 2341 2568 religiosi
2371 2500 2391 2562 ;

134 2591 187 2660 30
217 2593 445 2682 qualis,
468 2600 544 2662 ut
572 2595 858 2682 erigatur
882 2592 955 2660 in
994 2592 1375 2684 religionem
1405 2593 1623 2660 stricte
1663 2587 2020 2686 sumptam,
2051 2615 2204 2662 cum
2235 2595 2396 2664 votis

129 2709 557 2792 solemnibus;
592 2712 656 2777 4⁰
687 2708 923 2800 qualiS,
958 2716 1029 2778 ut
1070 2710 1359 2800 erigatur
1406 2709 1478 2775 in
1522 2708 2088 2796 congregationem
2139 2714 2396 2800 proprie

128 2806 510 2912 religiosam,
566 2845 713 2892 cum
786 2823 951 2891 votis
1002 2822 1415 2914 simplicibus
1448 2843 1467 2912 ;
1527 2821 1593 2891 5⁰
1662 2819 1898 2911 qualis,
1973 2823 2262 2902 tandem,
2327 2830 2398 2888 ut

131 2938 545 3007 conditionem
610 2938 842 3008 habeat
916 2937 1435 3028 congregationis
1499 2935 1858 3027 improprie
1921 2933 2262 3022 religiosae,
2321 2956 2398 3006 ac

130 3051 387 3140 proinde
405 3052 752 3133 saecularis,
778 3053 844 3120 id
872 3059 989 3140 est,
1024 3051 1310 3142 religiosi
1331 3055 1529 3118 status
1553 3049 1893 3118 essentiam
1916 3069 2046 3118 non
2073 3047 2390 3116 habentis.

130 3165 211 3234 De
252 3168 415 3238 hisce
456 3166 925 3260 quaestionibus
969 3165 1298 3256 agendum
1342 3188 1521 3235 nunc
1569 3164 1692 3234 sub
1738 3165 2158 3258 sequentibus
2210 3185 2395 3254 para-

132 3283 399 3372 graphis.

1188 3559 1324 3650 gl.

120 3793 295 3850 Qaatt&
324 3806 413 3846 sen
436 3793 811 3860 cuja-gorm,
854 3794 1149 3856 requiratur
1176 3790 1472 3854 approbatio
1501 3787 1782 3852 pontificia,
1809 3791 1872 3840 ut
1899 3799 2091 3841 novum
2106 3787 2396 3838 institutum

957 3879 1093 3930 licite
1117 3879 1284 3931 valeat
1314 3877 1560 3930 inchoari.

208 4117 687 4214 Respondemus
742 4105 1038 4192 sufficere
1086 4139 1315 4188 vocem
1364 4115 1848 4209 approbamus,
1896 4113 2000 4181 vel
2046 4113 2402 4203 quamlibet

126 4231 241 4321 ipsi
268 4237 784 4327 aequivalentem,
816 4255 1213 4327 quocunque
1253 4234 1446 4302 modo
1494 4233 1564 4299 in
1604 4251 1680 4298 ea
1724 4227 2142 4319 exprimenda
2187 4235 2403 4298 utatur

126 4345 447 4424 Romanus
506 4351 823 4424 Pontifex.
892 4351 1151 4424 Etenim
1208 4350 1332 4420 hoc
1382 4351 1524 4440 ipso
1579 4343 1753 4436 quod
1804 4343 1984 4416 sedes
2039 4345 2406 4440 Apostolica
