2834 4959
1115 337 1266 384 raas
1309 325 1563 385 unm:
2342 329 2467 388 523

192 489 230 534 c<
255 464 448 534 etiam
503 461 572 530 in
615 459 826 529 Sacris
867 455 1493 546 congregationibus
1547 455 1823 525 Concilii
1878 461 1939 524 et
1980 455 2458 548 Immunitatis;

183 605 226 646 (ι
259 577 660 668 frequentius
677 595 831 644 vero
855 574 926 642 in
953 575 1072 642 ista
1092 573 1695 663 Regularium,qnae
1712 571 2061 662 aliquando
2082 571 2463 662 hujusmodi

183 721 220 763 α
257 693 768 764 adunantiarum
813 688 1298 760 dissolutionem
1355 689 1744 758 demandare
1792 688 1973 777 solet,
2024 689 2327 760 mulieres
2373 691 2467 788 ,ad

187 835 224 875 α
255 809 550 900 proprias
570 807 793 877 domos
826 803 1348 885 transmittendo,
1375 803 1637 894 quando
1664 803 1813 872 facti
1846 804 2349 875 circumstantiae
2376 807 2462 876 ita

186 953 226 991 a
265 923 595 994 suadeant.

287 1067 322 1106 «
358 1039 650 1128 Cumque
689 1037 804 1106 dos
851 1058 890 1106 a
929 1036 1344 1106 matrimonio
1400 1037 1649 1106 carnali
1686 1037 1787 1106 vel
1839 1037 2163 1130 spirituali
2217 1059 2460 1109 nomen

189 1179 227 1220 α
261 1175 338 1222 ac
361 1154 702 1222 essentiam
753 1153 1008 1244 recipit,
1055 1151 1296 1240 illaque
1342 1149 1483 1220 sine
1513 1172 1649 1220 uno
1676 1151 1785 1220 ‚vel
1806 1151 2005 1222 altero
2042 1155 2461 1224 matrimonio

187 1293 227 1336 κ
265 1289 398 1338 non
433 1269 648 1349 detur,
675 1266 834 1336 hinc
861 1265 1160 1358 proinde,
1189 1265 1747 1355 quemadmodum
1774 1269 1845 1337 in
1878 1268 2015 1336 istis
2042 1268 2460 1356 mulieribus,

187 1410 228 1451 α
261 1384 560 1474 quamvis
619 1382 906 1454 caelihem
961 1383 1168 1450 vitam
1215 1381 1636 1471 collegialiter
1708 1383 1779 1451 in
1824 1381 2053 1452 habitu
2104 1387 2460 1454 monastico

189 1525 230 1565 «
267 1498 674 1584 ducentibus,
729 1498 996 1570 nullum
1047 1495 1452 1587 dignoscitur
1496 1498 2013 1582 matrimonium,
2068 1500 2154 1566 ita
2202 1521 2461 1589 quoque

187 1639 226 1680 α
263 1615 490 1683 dotata»,
536 1614 664 1682 dici
715 1635 848 1684 non
879 1619 1176 1704 possunt,
1211 1614 1511 1704 quamvis
1534 1613 1617 1684 ad
1652 1614 1853 1684 instar
1890 1611 2303 1699 monialium,
2336 1615 2460 1683 sub

187 1756 228 1796 α
259 1733 528 1798 nomine
566 1730 757 1819 dotis,
793 1737 964 1800 certa
1008 1751 1272 1798 summa
1297 1731 1370 1798 in
1411 1728 1707 1816 ingressu
1754 1730 2033 1798 solvatur
2085 1730 2263 1814 loco;
2299 1751 2461 1820 quo-

186 1871 226 1912 «
257 1847 442 1914 niam
469 1845 536 1912 in
557 1844 790 1914 effectu
829 1867 960 1914 non
1002 1851 1096 1915 est
1141 1844 1285 1934 dos„
1315 1844 1431 1913 sed
1458 1843 1751 1934 quaedam
1786 1844 2251 1913 alimentorum
2294 1846 2461 1914 assi-

187 1985 232 2026 «
263 1960 481 2050 gnatio
525 1960 604 2029 ad
659 1961 1131 2031 sustentationis
1175 1981 1709 2052 recompensam3
1762 1958 1920 2028 adeo
1966 1964 2039 2026 ut
2095 1958 2203 2048 pia
2256 1959 2461 2047 legata

189 2099 228 2140 «
262 2096 410 2164 quae
439 2095 556 2165 pro
583 2075 900 2145 dotalibus
927 2075 1230 2146 subsidiis
1262 2075 1657 2144 monialium
1675 2074 1839 2143 iacta
1867 2078 2044 2162 sunt,
2076 2073 2457 2162 hujusmodi

187 2215 226 2256 (ι
257 2190 642 2260 mulieribus
669 2213 802 2260 non
829 2211 1186 2282 congruere
1229 2189 1425 2263 Sacra
1448 2190 1725 2261 Concilii
1748 2189 2173 2280 Congregatio
2208 2189 2279 2256 in
2304 2187 2460 2258 facti

187 2329 222 2371 a
257 2307 697 2396 contingentia
739 2307 1112 2378 decreverit.

281 2448 316 2486 α
353 2420 560 2491 Posita
606 2422 812 2513 igitur
849 2423 1154 2514 qualitate
1205 2423 1497 2494 formalis
1538 2421 1908 2492 monasterii
1946 2443 2022 2492 ac
2069 2421 2459 2491 monialium

189 2563 224 2604 α
252 2559 370 2628 per
419 2539 779 2628 veritatem,
824 2546 900 2608 ut
963 2561 1158 2632 supra
1210 2539 1557 2630 (quidquid
1612 2539 1693 2608 sit
1749 2541 1821 2608 in
1882 2537 2207 2628 aliquibus
2242 2539 2459 2628 regio-

187 2678 224 2718 «
262 2653 458 2723 nibus
508 2654 678 2724 ultra
751 2661 1034 2745 montes,
1087 2658 1160 2726 in
1227 2654 1469 2745 quibus
1520 2653 1888 2743 aliquarum
1964 2645 2457 2724 canonissarum

195 2793 233 2834 α
271 2789 430 2837 usus
479 2769 717 2861 absque
779 2771 1076 2840 clausura
1127 2770 1346 2840 adhuc
1392 2769 1730 2846 retinetur,
1762 2787 1909 2855 quae
1970 2773 2187 2836 tamen
2252 2789 2460 2836 saecu-

193 2909 228 2949 «
259 2883 432 2953 lares
487 2885 698 2974 potius
743 2887 1160 2978 reputantur)
1197 2891 1523 2978 quatenus
1582 2881 1858 2972 pertinet
1904 2880 1985 2948 ad
2034 2901 2245 2950 mores
2292 2903 2461 2972 prae-

187 3022 222 3062 a
251 2997 480 3065 sertim
519 2998 742 3084 Iulias,
779 3020 914 3068 non
958 3000 1152 3070 datur
1187 3000 1380 3071 hodie
1433 2996 1814 3089 hujusmodi
1874 2994 2261 3064 monialium
2315 3017 2461 3085 pro-

187 3137 224 3177 «
259 3111 571 3182 fessarum
623 3136 807 3204 usus,
835 3115 966 3185 nisi
1009 3117 1374 3186 viventium
1430 3114 1505 3182 in
1554 3111 1982 3196 monasteriis,
2024 3110 2147 3180 sub
2202 3109 2461 3181 formali

187 3253 222 3292 α
259 3237 568 3319 perpetua
615 3228 952 3316 clausura;
1010 3253 1168 3301 cum
1231 3253 1308 3302 ea
1374 3230 1786 3313 monasteria,
1838 3227 1911 3296 in
1968 3225 2205 3315 quibus
2277 3225 2461 3296 illam

188 3369 226 3408 ι
257 3365 396 3413 non
445 3343 684 3413 servari
751 3347 964 3437 praxis
1034 3347 1244 3428 docet,
1312 3367 1463 3415 vere
1520 3343 1914 3414 monasteria
1968 3363 2101 3412 non
2150 3343 2304 3430 sint,
2350 3343 2463 3414 sed

190 3483 226 3524 α
267 3461 472 3546 potius
528 3464 1015 3549 conservatoria,
1067 3464 1090 3531 i
1095 3483 1352 3555 psaeque
1405 3461 1715 3530 mulieres
1762 3479 1897 3528 non
1957 3460 2294 3546 moniales,
2351 3459 2461 3528 sed

191 3599 230 3638 κ
267 3573 518 3645 oblatoe.
1476 3597 1483 3603 ’

289 3716 328 3758 <a
355 3689 440 3760 Ut
465 3699 558 3760 est
585 3693 942 3784 praesertim
990 3693 1240 3763 celebre
1269 3693 1731 3762 monasterium
1768 3689 1997 3760 Turris
2047 3687 2461 3779 speculorum

195 3833 236 3874 a
269 3803 483 3896 Urbis,
526 3807 604 3876 ad
659 3809 848 3898 cujus
891 3811 1118 3895 instar,
1149 3810 1456 3900 pleraque
1502 3808 1627 3877 alia
1676 3827 1791 3899 per
1841 3805 2099 3874 Italiam
2149 3809 2212 3872 et
2258 3810 2455 3895 extra,

197 3949 235 3990 α
261 3928 471 3992 erecta
510 3931 688 4011 sunt,
719 3931 784 3992 et
821 3926 998 4016 quod
1037 3931 1350 4017 tanquam
1376 3923 1699 4015 exemplar
1727 3919 2161 3992 communiter
2206 3919 2345 3988 DD.
2380 3921 2461 3992 dc

195 4067 232 4107 α
259 4042 388 4108 hac
431 4040 698 4110 materia
741 4048 1026 4131 agentes,
1076 4042 1350 4132 allegare
1415 4040 1663 4125 solent3
1694 4059 1851 4108 cum
1906 4037 1975 4106 in
2024 4057 2101 4106 eo
2156 4035 2461 4106 mulieres

199 4182 236 4222 ι
264 4157 598 4250 primarias
645 4139 998 4230 nobilitatis
1065 4157 1609 4250 exemplarissime
1685 4155 1809 4226 sub
1873 4154 2161 4226 nimium
2206 4160 2459 4224 austero
2501 4213 2505 4218 .

197 4273 556 4344 «instituto
591 4275 838 4355 vivant,
881 4274 1304 4346 fundatricem
1363 4273 1673 4342 habentes
1708 4277 1999 4340 sanctam
2040 4267 2457 4340 Franciscam

200 4411 240 4454 ι
265 4385 628 4460 Romanam
651 4395 768 4475 ;,et
793 4396 1008 4462 tamen
1063 4411 1284 4462 revera
1311 4389 1651 4470 moniales,
1702 4407 1775 4458 ac
1802 4407 2089 4478 personae
2142 4387 2457 4482 religiosas
