2834 4959
395 333 522 392 520
591 307 596 313 ’
969 341 1308 390 moruus
1353 343 1434 390 os
1476 341 1627 389 mnu
1666 339 2083 390 asumma.

389 463 871 534 declarationes.
905 463 1064 544 Quae
1089 485 1271 550 cum,
1315 469 1388 530 ut
1428 462 1743 546 vidimus,
1794 463 1991 530 variae
2038 461 2302 552 fuerint,
2340 464 2667 534 incertam

389 600 528 652 rem
553 578 768 648 adhuc
795 579 1164 668 relinquere
1185 579 1515 646 videntur.

479 694 856 764 Pnorosmo
911 693 1086 764 V11·.
1137 731 1226 746 -—
1269 691 1743 762 Concludenda
1768 704 1871 762 est
1891 703 2201 760 votorum
2240 715 2289 761 a
2328 694 2667 784 pra-dictis

388 810 607 902 Belqii
633 809 1045 878 monialibus
1065 808 1455 877 emissorum
1482 807 1901 876 solemnica-³.
1922 845 2017 859 —
2070 805 2383 896 Sequitur
2399 831 2471 876 ex
2500 831 2667 899 prae-

391 925 605 996 missis
661 923 1226 1015 propositionibus.
1260 921 1402 992 Hoc
1456 923 1599 1014 ipso
1650 945 1886 1013 nempe
1926 922 2105 1012 quod
2138 943 2277 990 non
2306 930 2556 992 constet
2590 925 2669 992 de

391 1039 728 1112 Pontificio
765 1040 1118 1122 voluntate,
1168 1045 1312 1108 vota
1337 1039 1479 1106 haec
1513 1040 1653 1127 jam
1682 1059 1805 1128 pro
1836 1036 2240 1106 solemnibus
2270 1059 2405 1107 non
2434 1061 2666 1130 accep·

391 1161 588 1240 tante,
617 1173 1020 1246 perseverare
1046 1153 1364 1222 censenda
1391 1159 1487 1220 est
1506 1153 1687 1239 prior
1714 1153 1880 1220 sedis
1908 1151 2293 1242 Apostolicae
2320 1151 2617 1222 voluntas
2642 1177 2664 1238 ;

389 1291 520 1362 qua
545 1270 788 1340 scilicet
821 1269 1112 1338 instituta
1159 1269 1300 1338 haec
1349 1267 1793 1359 approbando,
1850 1267 2051 1336 semel
2082 1289 2201 1357 pro
2229 1289 2491 1358 semper
2524 1275 2665 1338 tan·

393 1409 592 1478 quam
631 1385 946 1454 solemnia
977 1385 1326 1474 acceptavit
1357 1389 1503 1452 vota
1538 1384 1784 1469 omnia,
1810 1405 1957 1472 quae
1982 1384 2052 1450 iu
2081 1383 2317 1452 iisdem
2362 1382 2669 1453 institutis

391 1503 514 1571 rite
543 1501 1008 1569 emitterentur.
1047 1497 1234 1568 Unde
1283 1521 1361 1566 ex
1407 1505 1585 1588 parte
1616 1496 1969 1567 Pontificiae
2000 1497 2367 1582 voluntatis,
2413 1521 2547 1568 non
2576 1507 2669 1568 est

395 1634 515 1683 cur
571 1635 610 1680 a
681 1612 1084 1682 solemnitate
1164 1614 1471 1682 defecisse
1536 1613 2016 1682 existimentur.
2058 1611 2351 1680 ‚Aliunde
2402 1633 2522 1681 nec
2584 1635 2667 1682 ex

396 1726 540 1796 aliis
584 1728 974 1813 rationibus,
1029 1750 1174 1817 quae
1221 1729 1575 1818 excogitari
1628 1733 1921 1819 possunt,
1982 1727 2349 1816 deneganda
2398 1734 2493 1796 est
2542 1749 2665 1796 so·-

395 1843 732 1928 lemnitas3
788 1851 986 1936 prout
1037 1847 1316 1914 rationes
1365 1845 1507 1912 illas
1559 1845 1949 1913 recensendo
1998 1843 2438 1934 probavimus.
2488 1843 2671 1932 Ergo

397 1981 618 2030 revera
669 1982 787 2052 pro
847 1959 1248 2030 solemnibus
1293 1958 1593 2030 habenda
1622 1967 1775 2030 sunt
1814 1959 2139 2028 dictarum
2167 1959 2376 2050 Belgii
2424 1961 2672 2028 monia·

399 2075 566 2148 lium
585 2085 752 2146 vota.
977 2069 982 2076 ’

1397 2343 1441 2430 g
1464 2341 1651 2411 vm.

399 2577 636 2628 moniales
653 2577 844 2640 Gallias,
863 2590 978 2641 quae
1000 2589 1061 2628 cx
1077 2581 1310 2630 instituto
1334 2592 1364 2630 a
1383 2579 1507 2631 sede
1529 2579 1811 2644 Apostolica
1839 2576 2113 2644 approbato
2136 2579 2385 2630 solemnia
2406 2583 2529 2630 vota
2542 2581 2677 2630 anit·

461 2667 568 2716 tere
597 2665 854 2729 deberent,
889 2670 1084 2718 etiamsi
1115 2667 1363 2731 simplicia
1391 2667 1642 2718 duntaxat
1668 2669 1751 2728 (ob
1792 2667 1979 2718 dictam
2006 2666 2321 2718 Pontificum
2342 2665 2675 2729 voluntatem)

462 2753 612 2804 hodie
639 2756 890 2818 emittant,
909 2759 1073 2807 status
1091 2757 1312 2821 religiosi
1335 2758 1609 2808 essentiam
1637 2755 1826 2806 hahere
1849 2755 2111 2807 consendae
2134 2759 2277 2808 sunt.

487 2989 657 3062 Nam
693 2995 775 3065 ad
815 3001 1014 3064 status
1063 2994 1351 3084 religiosi
1403 2994 1753 3062 essentiam
1808 3015 1941 3065 nou
1988 2995 2349 3086 requiritur
2377 3001 2671 3069 votorum

401 3111 809 3195 solemnitas;
841 3111 952 3179 sed
977 3116 1140 3180 stare
1169 3114 1376 3202 potest
1401 3115 1531 3178 tota
1578 3115 1776 3178 status
1806 3111 2091 3200 religiosi
2142 3113 2309 3182 ratio
2336 3133 2497 3180 cum
2528 3111 2677 3178 votis

401 3226 827 3324 simplicibus.
857 3226 929 3295 Id
959 3247 1246 3318 expresse
1267 3225 1396 3294 defi
1407 3227 1571 3292 nivit
1604 3225 1961 3314 Gregorius
1982 3225 2133 3296 xm
2156 3227 2361 3317 quoad
2390 3226 2677 3294 scholas-

399 3343 558 3412 ticos
609 3342 922 3410 societatis
943 3341 1120 3425 Jesu,
1152 3361 1338 3431 quos,
1385 3341 1503 3409 etsi
1530 3340 1692 3408 votis
1746 3340 2157 3434 simplicibus
2182 3343 2489 3412 duntaxat
2510 3340 2675 3430 liga-

401 3462 520 3543 tos,
555 3477 672 3547 pro
699 3457 862 3526 veris
889 3464 951 3526 et
981 3457 1234 3549 proprie
1270 3456 1463 3526 dictis
1492 3455 1817 3545 religiosis
1850 3479 1987 3526 esse
2024 3457 2356 3527 habendos
2382 3457 2675 3526 laudatus

399 3571 684 3645 Pontifex
705 3573 1074 3642 declaravit.

486 3688 572 3759 Ut
598 3694 817 3757 autem
845 3687 1012 3756 adsit
1037 3692 1236 3756 status
1268 3685 1566 3775 religiosi
1590 3686 1865 3756 essentis
1904 3707 2061 3755 cum
2083 3687 2289 3756 tribus
2322 3689 2493 3756 votis
2514 3687 2669 3756 sim-

397 3801 700 3894 plicibus,
749 3801 1017 3887 sufficit,
1066 3807 1141 3870 ut
1196 3807 1338 3872 vota
1403 3801 1541 3870 haec
1582 3810 1896 3892 perpetua
1940 3801 2101 3890 sint,
2156 3805 2217 3872 et
2260 3803 2535 3870 nomine
2562 3798 2671 3868 Eo-

257 3997 268 4006 ,
395 3917 606 3990 clesiae
633 3919 754 3986 rite
793 3920 1222 4008 acceptentur.
1253 3916 1400 3986 Jam
1456 3937 1608 3985 vero
1659 3915 1724 3985 id
1778 3937 1913 3985 non
1957 3915 2135 3984 deest
2180 3915 2253 3983 in
2288 3913 2666 3984 monialium

395 4031 723 4121 institutis,
755 4033 835 4102 de
856 4033 1096 4124 quibus
1118 4033 1493 4132 loquimur.
1526 4029 1845 4116 Fuerunt,
1871 4052 1947 4100 ex
1989 4030 2363 4122 hypothesi,
2390 4028 2667 4098 instituta

394 4147 535 4220 haec
587 4150 964 4240 approbata,
1011 4157 1074 4219 et
1101 4149 1267 4218 facta
1305 4149 1501 4218 etiam
1532 4147 1659 4217 fuit
1704 4146 1905 4216 semel
1936 4167 2055 4238 pro
2088 4167 2346 4238 semper
2371 4139 2668 4233 legitimis

395 4263 834 4356 superioribus
883 4265 1169 4356 facultas,
1202 4273 1346 4335 vota
1409 4265 1485 4333 in
1536 4266 1615 4334 iis
1646 4261 2026 4346 emittenda,
2086 4261 2203 4331 Dei
2258 4268 2324 4330 et
2375 4254 2667 4329 Ecclesiae

396 4381 664 4448 nomine
707 4383 1104 4470 acceptandi.
1175 4382 1486 4464 Quamvis
1535 4387 1755 4452 autem
1797 4378 2139 4452 cessaverit
2190 4377 2373 4449 sedes
2398 4377 2665 4466 Aposto-
