2834 4959
1124 343 1278 392 rans
1323 349 1566 400 mam.
2354 365 2474 424 319

175 472 406 522 unum
453 451 746 540 collecta,
789 463 854 524 et
901 457 1226 550 adjunctis
1269 471 1608 562 nonnuliis
1634 473 1831 560 edita,
1860 480 1967 550 die
1994 483 2085 555 20
2112 487 2471 568 decembris

173 564 386 648 1616,
439 587 478 633 a
526 565 722 636 Sacra
767 567 1276 666 Congregatione
1315 582 1793 678 Episcoporum
1830 599 1893 664 et
1930 601 2374 700 regularium3
2411 621 2476 682 et

167 690 330 752 sunt
357 684 610 753 tenoris
637 688 968 776 sequentis
1013 714 1032 758 :
1487 699 1493 705 ’
1960 724 1967 737 ·

270 822 309 862 ιι
339 794 538 866 Sacra
581 797 1004 894 Congregatio
1045 807 1519 902 Cardinalium,
1573 824 1851 912 negotiis
1898 827 2371 928 Episcoporum
2414 852 2475 914 et

178 934 220 976 a
245 911 660 1000 regularium
693 921 1212 1014 praepositorum,
1261 929 1341 998 ad
1389 931 1707 1011 tollendas
1748 961 1975 1014 omnes
2030 957 2469 1030 contentiones

185 1049 228 1090 a
255 1026 433 1094 inter
462 1025 813 1122 Episcopus
851 1041 914 1112 et
939 1040 1304 1128 superiores
1337 1048 1769 1144 regularium,
1814 1078 2013 1152 super
2063 1065 2473 1143 immunitate

187 1165 227 1206 α
255 1149 328 1211 et
371 1144 763 1236 exemptione
811 1146 1303 1245 Tertiariarum,
1358 1185 1505 1252 qnae
1554 1169 1631 1236 in
1682 1173 1951 1263 privatis
2002 1178 2313 1256 domibus
2359 1187 2473 1260 de-

193 1280 235 1323 «
259 1263 458 1346 gunt,
503 1261 691 1351 vulgo
737 1262 1180 1361 Pinzoohorae,
1205 1297 1332 1352 ,seu
1371 1279 1498 1352 alio
1538 1287 1769 1373 quovis
1810 1293 2077 1364 nomine
2124 1319 2469 1396 nuncupa·-

191 1397 232 1438 α
259 1378 506 1458 tarum,
531 1377 882 1468 ,imprimis
929 1389 996 1460 et
1037 1393 1189 1458 ante
1247 1394 1469 1464 omnia
1514 1397 1587 1466 in
1638 1407 2023 1478 memoriam
2066 1426 2319 1486 revocat
2367 1443 2465 1510 ea,

189 1511 224 1552 a
253 1511 408 1578 quae
430 1490 624 1564 Sacra
664 1494 1092 1590 Congregatio
1110 1503 1555 1582 cardinalium
1580 1518 1842 1589 concilii
1870 1519 2235 1600 Tridentini
2270 1535 2471 1606 iuter-

180 1625 216 1665 α
240 1610 542 1694 pretum,
571 1607 644 1676 in
667 1611 962 1684 eamdem
987 1621 1376 1692 sententiam
1404 1633 1759 1719 respondit,
1790 1636 2090 1710 videlicet
2130 1667 2150 1714 :

265 1740 302 1780 α
321 1715 535 1788 Sacra
578 1720 1004 1817 Congregatio
1037 1729 1487 1808 Cardinalium
1534 1745 1797 1816 eoncilii
1843 1748 2212 1826 Tridentini
2258 1761 2464 1832 inter-

180 1854 212 1894 «
237 1840 537 1923 pretum,
591 1819 824 1929 saepius
875 1847 1232 1937 respondit,
1297 1854 1575 1924 minime
1630 1881 1815 1950 posse
1856 1869 2213 1939 sacerdotes
2266 1895 2461 1963 regu-

183 1970 218 2009 s
239 1945 416 2016 lares
455 1950 818 2024 mulierum
853 1957 1057 2032 Tertii
1093 1961 1358 2036 Ordinis
1385 1990 1547 2059 quas
1588 1973 1669 2042 de
1716 1979 2119 2072 poenitentia,
2170 1988 2271 2075 vel
2312 1989 2467 2059 Pin·

184 2085 218 2125 «
237 2062 554 2135 zochoras
613 2077 868 2161 vocant,
944 2077 1374 2152 confessiones
1435 2093 1935 2163 sacramentales
2008 2099 2259 2185 audire,
2336 2105 2463 2174 nisi

179 2195 212 2235 α
233 2171 496 2244 fuerint
537 2176 623 2248 ab
659 2177 1002 2254 Ordinario
1045 2189 1383 2281 approbati
1425 2196 1509 2264 ad
1549 2198 1987 2276 confessiones
2030 2229 2463 2299 ,personarum

181 2309 212 2350 α
235 2289 662 2365 saecularium
705 2296 1077 2388 audiendas,
1126 2309 1705 2404 quemadmodum,
1760 2340 1883 2391 nec
1939 2343 2125 2412 posse
2175 2327 2305 2398 illis
2360 2353 2465 2401 sa·-

183 2427 214 2466 «
237 2415 658 2478 orosanctum
719 2411 1146 2488 Eucharistiae
1189 2433 1677 2502 sacramentum
1731 2433 2194 2510 administrare
2235 2443 2307 2514 in
2358 2447 2464 2517 die

181 2543 214 2585 «ι
239 2518 604 2606 paschatis,
677 2533 1162 2606 resurrectionis
1235 2542 1627 2614 sanctissimi
1689 2546 1959 2625 Domini
2031 2555 2249 2628 Nostri
2310 2560 2461 2632 Jesu

186 2659 218 2700 α
244 2633 535 2709 Christi..
569 2639 846 2733 Verum,
895 2650 1118 2736 quoad,
1171 2655 1605 2746 sepulturam,
1650 2667 1843 2752 atque
1912 2668 2043 2740 alia
2095 2676 2457 2768 privilegia,

190 2775 226 2814 α
251 2751 484 2820 iratres
519 2753 884 2846 Tertiarios,
907 2762 1330 2856 matellam,
1383 2769 1800 2863 Corrigiatos,
1851 2779 2141 2872 aliosque
2188 2789 2458 2877 similes,

190 2890 226 2932 α
252 2868 344 2936 ita
372 2867 632 2956 demum
657 2874 948 2966 Ordinis,
995 2885 1186 2973 cujus
1231 2887 1447 2956 tertiae.
1487 2887 1735 2977 regulae
1762 2889 2069 2966 habitum
2098 2919 2462 2994 assumpse-

189 3005 224 3048 α
251 2991 433 3074 runt,
459 2988 819 3080 privilegiis
845 2997 1066 3086 potiri,
1095 3005 1158 3068 et
1186 2999 1268 3071 ab
1293 2998 1628 3074 ordinarii
1650 3005 2461 3110 jurisdictione2exemptos

183 3123 218 3164 α
243 3121 410 3187 esse,
454 3104 510 3172 si
564 3104 689 3175 viri
719 3109 1156 3202 .oollegialiter
1192 3117 1441 3206 vivant,
1479 3139 1596 3190 seu
1646 3141 1803 3192 cum
1854 3125 2302 3200 claustralibus
2350 3134 2465 3202 ha-

181 3237 214 3278 «
241 3214 504 3302 bitem,
549 3225 616 3290 et
670 3224 976 3296 mulieres
1044 3228 1433 3321 virginalem
1488 3254 1602 3305 seu
1666 3235 1991 3322 coelibem,
2050 3249 2163 3312 aut
2220 3251 2461 3316 castam

185 3353 222 3392 ι
243 3331 576 3406 vidualem
636 3359 928 3430 expresso
955 3349 1148 3430 Noto,
1219 3354 1282 3416 et
1339 3349 1465 3418 sub
1526 3350 1699 3420 dicto
1744 3345 1999 3438 habitu,
2071 3358 2271 3430 vitam
2328 3368 2461 3434 tra-

185 3468 218 3508 «
243 3445 602 3541 duxeiint3
679 3457 1232 3545 quemadmodum
1321 3468 1585 3536 cavetur
1654 3468 2117 3542 constitutione
2197 3477 2461 3548 concilii

179 3587 214 3628 κ
244 3561 698 3639 Lateranensis
732 3571 855 3641 sub
883 3572 1100 3644 Leone
1121 3575 1210 3664 X,
1241 3599 1390 3667 quae
1417 3578 1695 3650 habetur
1740 3581 2021 3652 sessione
2056 3588 2170 3666 21,
2204 3591 2275 3656 in
2300 3591 2453 3660 fine.

177 3701 210 3742 α
241 3677 387 3749 Hoc
441 3687 660 3754 autem
718 3692 863 3757 voto
913 3691 1302 3780 mulierum,
1359 3693 1485 3764 alia
1536 3695 1665 3766 duo
1697 3749 1717 3782 ,
1770 3696 2013 3768 scilicet
2067 3706 2459 3790 paupertatis

182 3813 217 3852 α
245 3799 309 3860 et
353 3793 762 3886 obedientiae,
781 3823 1196 3895 nequaquam
1230 3805 1511 3888 includi3
1562 3810 1863 3900 quinimo
1892 3811 2274 3902 hujusmodi
2297 3837 2458 3884 mu-

179 3927 213 3966 «
243 3903 476 3998 lieres,
490 3911 546 3980 si
576 3913 780 3992 vitam
808 3916 1228 4010 virginalem,
1281 3927 1394 3992 aut
1440 3922 1743 3994 coelibem
1767 3924 2154 4018 simpliciter
2192 3947 2459 4019 expres-

178 4043 212 4084 «
236 4042 445 4114 seque
473 4015 817 4120 juverim,
867 4032 1064 4102 etiam
1135 4034 1210 4104 in
1287 4038 1948 4128 consanguineorum,
2028 4049 2090 4120 et
2160 4041 2459 4112 affinium
2598 4123 2607 4131 ,

178 4159 210 4200 τι
241 4158 544 4230 suorum,
608 4153 725 4216 aut
801 4147 1077 4240 propriis
1137 4147 1468 4236 domibus,
1545 4152 1647 4243 vel
1712 4174 2005 4222 seorsum
2069 4155 2455 4242 habitantes,

181 4278 212 4318 α
237 4257 630 4348 supradictis
666 4260 1024 4355 privilegiis
1051 4262 1338 4354 Ordinis,
1382 4268 1569 4356 cujus
1616 4267 1819 4336 tertiae
1867 4269 2111 4359 regulae
2158 4269 2458 4342 habitum

183 4393 214 4432 α
240 4372 570 4458 deferunt,
651 4377 1184 4470 exemptioneque
1255 4386 1336 4450 ab
1409 4381 1739 4452 Ordinarii
1805 4383 2259 4475 jurisdictione
2328 4388 2458 4458 frui
