2834 4959
328 303 454 361 382
889 309 1196 358 TRACTATU
1201 309 1230 356 S
1276 308 1356 355 DE
1398 307 1551 356 sm
1588 306 2007 376 neumam.

340 457 372 498 «
417 430 766 520 regulares,
795 430 994 500 etiam
1019 436 1372 520 exemptos,
1405 429 1476 497 in
1505 427 1823 496 territorio
1851 425 2205 496 Gallicanas
2232 427 2628 520 reipublicae

337 573 372 612 (ε
415 547 771 631 existentes,
805 546 882 616 in
915 545 1236 638 proesenti
1259 555 1471 631 statu,
1512 543 1597 612 ab
1632 542 1997 613 obedientia
2034 563 2311 612 suorum
2344 567 2631 638 respec-

339 691 370 728 «
419 662 548 731 tive
597 661 842 732 ordinis
895 661 1311 754 superiorum
1357 659 1595 729 liberos
1649 663 1713 728 et
1754 657 1995 727 solutos
2045 679 2220 743 esse3
2260 679 2503 751 eosque
2540 664 2619 732 in

339 805 372 842 «
417 777 641 846 habitu
699 777 991 846 saeculari
1037 776 1302 846 decente
1351 773 1743 860 incedentes,
1797 772 1991 842 firmo
2046 779 2269 842 tamen
2318 775 2607 866 singulis

339 917 374 958 t(
417 898 790 961 remanente
841 889 1118 961 solemni
1179 895 1511 982 perpetuae
1568 889 1875 958 castitatis
1942 891 2091 958 voto
2116 939 2139 974 ‚
2218 893 2283 957 et
2352 896 2613 960 servato

337 1031 371 1070 ε(
419 1012 740 1097 quantum
784 1007 854 1076 in
897 1027 974 1076 eo
1019 1011 1183 1076 statu
1229 1005 1568 1076 commode
1620 1003 1761 1072 fieri
1805 1004 2038 1095 poterit
2080 1007 2229 1073 voto
2264 1009 2617 1094 pauperta-

337 1147 372 1185 «
414 1123 518 1207 tis,
559 1121 680 1190 sub
715 1119 1084 1191 obedientia
1109 1126 1172 1189 et
1187 1119 1641 1211 jurisdictione
1679 1115 2011 1188 Ordinarii
2040 1117 2612 1207 (communionem

339 1263 372 1300 α
429 1243 491 1304 et
513 1237 786 1326 gratiam
823 1237 994 1306 sedis
1025 1233 1410 1328 Apostolicae
1448 1232 1797 1324 habentis),
1840 1233 1911 1301 in
1960 1232 2153 1321 cujus
2180 1233 2448 1302 dioeeesi
2478 1253 2615 1302 mo-

343 1376 376 1418 «
419 1353 548 1420 rari
593 1351 959 1444 contigerit,
999 1351 1368 1422 immediate
1397 1349 1723 1438 subjectos
1752 1368 1889 1418 esse
1928 1354 1992 1416 et
2020 1369 2310 1437 manere,
2344 1355 2612 1420 contra-

342 1491 376 1530 «
423 1466 538 1534 riis
573 1466 1076 1556 quibuscunque
1115 1487 1249 1535 non
1295 1464 1727 1535 obstantibus.
1768 1489 1807 1531 ιι
1840 1463 2023 1534 Nihil
2064 1465 2137 1533 in
2182 1464 2305 1535 hoc
2348 1466 2607 1536 decreto

333 1581 724 1668 continetur,
771 1579 952 1672 ‘quod
1019 1582 1423 1678 regularium
1480 1581 2002 1672 suppressionem
2070 1585 2406 1670 supponat,
2474 1587 2595 1649 aut

324 1696 582 1785 jurium
620 1695 697 1764 ad
738 1696 910 1788 ipsos
947 1696 1416 1788 pertinentium
1458 1694 1873 1766 ablationem.
1934 1693 2191 1764 Etenim
2224 1700 2423 1786 potest
2452 1693 2591 1765 Ro·

335 1832 572 1880 manus
625 1810 944 1899 Pontifex,
997 1811 1160 1902 quin
1201 1811 1537 1901 religiosos
1580 1808 1976 1901 supprimat,
2026 1815 2140 1879 aut
2188 1829 2414 1880 eorum
2450 1812 2600 1900 jura

333 1925 602 2007 auferat,
648 1947 754 1996 eos
797 1947 916 2017 pro
951 1931 1240 2017 tempore
1281 1947 1414 2016 quo
1452 1925 1716 1994 durabit
1746 1924 2023 1994 violenta
2054 1923 2397 2015 dispersio,
2444 1925 2605 1993 obe-

334 2023 591 2110 dientioe
641 2041 1144 2112 ordinariorum
1187 2042 1587 2127 submittere.
1632 2040 1715 2110 Et
1756 2045 2061 2110 notentur
2103 2039 2303 2110 verba
2348 2040 2485 2110 haec
2522 2041 2593 2108 in

323 2156 651 2245 praesenti
672 2167 880 2236 statu,
915 2157 1158 2246 quibus
1191 2158 1605 2247 restringitur
1636 2155 1969 2246 dispositio
1996 2155 2137 2224 haec
2168 2155 2249 2224 ad
2276 2153 2599 2224 calamito-

336 2289 435 2338 sas
483 2269 662 2338 illius
705 2272 1012 2362 temporis
1057 2271 1621 2342 circumstantias:
1672 2271 1912 2362 quibus
1962 2271 2254 2357 mutatis,
2294 2269 2421 2340 hoc
2468 2270 2601 2363 ipso

333 2384 455 2453 sub
501 2387 1006 2476 respectivorum
1052 2386 1300 2455 ordinis
1339 2386 1443 2455 sui
1492 2387 1904 2478 praelatorum
1948 2386 2381 2490 obedientiam
2436 2385 2603 2457 rein·

333 2497 544 2566 cidere
566 2499 884 2568 debebant
909 2501 1154 2590 singuli
1185 2500 1537 2591 regulares.

421 2613 757 2700 Praeterea,
787 2617 858 2684 in
901 2617 1095 2688 modo
1121 2618 1312 2686 citata
1337 2616 1603 2707 epistola
1629 2617 1706 2686 ad
1745 2615 2155 2691 Gubernium
2184 2615 2439 2704 Galliae,
2468 2615 2589 2686 diei

335 2728 416 2796 18
451 2732 706 2820 augusti
749 2731 946 2818 1803,
979 2731 1276 2824 queritur
1303 2733 1479 2802 idem
1516 2731 1879 2802 Cardinalis
1910 2732 2214 2824 Legatus,
2250 2753 2367 2823 per
2390 2733 2597 2802 unde·

331 2846 582 2916 cimum
603 2868 680 2915 ex
701 2847 994 2918 articulis
1020 2850 1343 2939 organicis
1371 2852 1743 2918 attentatam
1771 2847 1967 2917 fuisse
1994 2869 2033 2916 a
2063 2848 2237 2917 dicto
2264 2846 2599 2917 Gubernio

331 2962 787 3054 religiosorum
810 2963 1254 3034 institutorum
1275 2963 1833 3055 suppressionem3
1854 2964 2113 3047 etdioit,
2142 2961 2355 3032 solius
2370 2964 2599 3033 Eccle-

327 3073 443 3141 siae
488 3086 632 3142 erat
663 3097 888 3144 eorum
925 3076 1448 3167 suppressionem
1474 3074 1833 3145 decernere.
1868 3074 2039 3164 Ergo
2078 3077 2183 3146 die
2219 3077 2305 3145 18
2342 3077 2595 3166 augusti

335 3187 503 3258 1803
586 3192 851 3282 putabat
927 3190 1221 3260 nondum
1283 3192 1657 3261 auctoritate
1728 3191 2153 3260 ecclesiastica
2224 3211 2585 3284 suppressos

330 3302 526 3370 fuisse
569 3305 893 3395 regulares
925 3332 942 3376 z
987 3326 1140 3396 ergo
1185 3325 1320 3374 non
1359 3294 1761 3376 existimabat
1787 3307 1931 3375 illos
1964 3309 2106 3397 jam
2134 3326 2172 3374 a
2212 3309 2421 3398 seipso
2448 3325 2595 3397 sup-

330 3439 578 3508 pressos
607 3418 802 3488 fuisse
839 3421 944 3491 die
971 3421 1015 3489 4
1036 3421 1210 3510 junii
1235 3420 1527 3511 ejusdem
1564 3423 1749 3507 anni,
1783 3443 1897 3513 per
1922 3422 2195 3492 citatum
2232 3421 2589 3499 decretum,

327 3555 458 3624 quo
504 3555 634 3620 eoS‚
681 3558 798 3628 pro
845 3536 1260 3628 dispersionis
1303 3541 1616 3626 tempore,
1672 3535 1827 3605 Ordi
1837 3538 2172 3606 uariorum
2216 3533 2587 3605 obedientie

326 3647 710 3739 subjecerat.

413 3763 788 3852 Pnorosmo
808 3764 940 3834 111⁸.
973 3801 1064 3817 -
1079 3764 1379 3834 Articuli
1403 3763 1727 3856 orqanici,
1750 3785 1867 3833 nec
1890 3763 2303 3856 supprimere
2322 3761 2589 3854 reliyiof

247 3933 255 3938 .
324 3902 422 3950 sos
445 3880 730 3969 ordineS,
763 3903 878 3951 nec
895 3903 1123 3950 eorum
1126 3881 1298 3971 jura
1316 3880 1617 3948 minuere
1629 3890 2023 3971 potuerunt.
2066 3915 2150 3930 -
2172 3875 2501 3968 Equidem
2522 3879 2582 3944 in

321 3997 962 4086 ejusmodiarticulis,
987 3995 1122 4068 sola
1135 3996 1427 4067 saeculari
1437 3993 1837 4081 auctoritate,
1850 3994 2231 4065 coneordato
2244 3993 2409 4062 anni
2426 3989 2573 4061 1801

321 4113 612 4203 adjectis,
641 4113 918 4184 habetur
959 4113 1082 4183 sub
1105 4133 1380 4182 numero
1413 4111 1523 4198 10,
1558 4131 1754 4179 omne
1767 4109 2226 4203 privileqium,
2258 4109 2586 4198 conferens

319 4227 805 4319 eze-emptionem
835 4227 919 4297 ab
954 4223 1310 4320 episcopali
1309 4223 1806 4318 jurisdictione,
1840 4236 1961 4294 aut
1990 4221 2287 4316 ejusdem
2308 4222 2588 4291 attribu·

325 4344 604 4425 tionem,
628 4341 958 4412 abolitum
991 4365 1148 4413 esse.
1193 4341 1276 4412 Et
1299 4341 1423 4412 sub
1450 4359 1729 4410 numero
1755 4341 2075 4430 sequenti,
2106 4334 2439 4408 confertur
2462 4335 2588 4405 Ar·
