2834 4959
1000 369 1151 416 sans
1195 371 1411 417 rama,
2216 364 2336 422 129

134 517 164 554 ι
203 489 382 578 gelicis
422 487 710 556 consiliis
760 488 1074 578 consistit)
1121 489 1603 580 adjunguntur.
1648 488 1779 572 Qui
1822 489 2089 580 quidem
2136 493 2336 578 modi,

135 633 164 669 ι
199 603 280 672 vel
299 603 370 672 ad
407 601 832 670 undecimum
859 623 1064 692 usque
1105 604 1419 673 saeculum
1460 611 1521 672 et
1565 603 1737 673 ultra
1771 603 1951 672 fuere
1992 603 2149 674 adeo
2180 609 2341 676 varii

132 747 160 782 ι
193 725 354 808 atque
377 716 748 796 mutabiles,
789 721 862 784 ut
889 717 994 785 vix
1036 723 1148 788 aut
1187 739 1271 786 ne
1302 717 1406 786 vix
1460 717 1673 786 ullum
1702 719 1869 786 inter
1900 737 2007 788 eos
2036 719 2346 808 repereris

135 861 160 898 ιι
195 834 298 922 qui
325 831 605 900 ordinem
649 831 1029 920 religiosum
1059 834 1315 923 proprie
1352 833 1605 901 dictum
1650 832 2075 918 constituisse,
2106 833 2349 904 nedum

137 975 165 1011 ιι
203 947 306 1014 toti
340 945 618 1015 Ecclesia
665 946 1025 1037 propositus
1090 946 1286 1016 fuisse
1336 947 1467 1015 dici
1511 953 1739 1036 queat3
1790 947 1905 1014 etsi
1964 952 2163 1016 status
2201 947 2350 1017 reli-

141 1089 170 1126 «
213 1061 422 1151 giosns,
445 1062 666 1131 nonin
691 1061 1056 1145 abstracto,
1084 1061 1194 1130 sed
1223 1063 1292 1130 in
1321 1075 1619 1131 concreto
1648 1062 1895 1154 utique,
1927 1069 2060 1131 tota
2086 1063 2349 1132 interim

141 1205 176 1244 α
217 1176 282 1245 in
305 1175 552 1246 Ecclesia
581 1178 850 1264 vigeret.
885 1201 922 1242 s

219 1290 530 1362 Psorosmo
551 1292 724 1365 VIP.
762 1327 851 1344 —
885 1290 1126 1382 Opinio
1154 1312 1301 1380 quae
1331 1302 1507 1359 tenet
1530 1291 1911 1382 reliqiosum
1938 1303 2199 1360 statum
2224 1315 2353 1362 esse

135 1408 418 1478 duntaxat
447 1393 888 1478 instimtion'is
915 1405 1390 1490 ecclesiasticae,
1426 1429 1545 1477 nec
1571 1408 1905 1499 pericula,
1948 1431 2065 1478 nec
2094 1411 2355 1478 temeri-

133 1533 256 1590 tate
287 1547 494 1596 vacare
536 1521 824 1592 videtur.
867 1560 958 1574 —
999 1521 1080 1590 Et
1131 1523 1193 1589 1⁰
1243 1522 1427 1591 facile
1478 1528 1649 1614 patet
1670 1525 1995 1608 ejusmodi
2032 1524 2359 1616 opinionis

131 1630 469 1718 periculum.
497 1629 595 1700 Ea
620 1629 800 1699 enim
846 1627 1042 1698 semel
1065 1627 1371 1713 admissa,
1399 1628 1715 1699 latissime
1742 1633 2029 1722 aperitur
2046 1633 2247 1721 janua
2280 1633 2361 1701 iis

135 1747 518 1835 novatoribuS,
566 1747 686 1836 qui
733 1745 857 1814 sub
911 1743 1190 1834 Josepho
1241 1741 1298 1810 ΙΙ
1349 1746 1420 1812 in
1483 1743 1857 1832 Germania,
1912 1747 2081 1813 inter
2130 1753 2357 1818 caetera

135 1873 322 1936 contra
339 1865 680 1936 Ecclesiam
705 1864 1074 1946 molimina,
1106 1862 1467 1932 evertendis
1495 1865 1821 1953 praecipue
1848 1865 2162 1952 religiosis
2184 1865 2362 1933 ordi-

137 1980 312 2048 nibus
363 1981 814 2050 adlaborarunt.
870 1977 1132 2047 Etenim
1172 1979 1226 2046 si
1281 1981 1481 2046 status
1533 1977 1875 2067 religiosus
1916 1985 2011 2044 est
2051 1978 2365 2046 institutio

137 2115 293 2164 mere
331 2095 762 2179 ecclesiastica,
796 2101 966 2164 recte
1012 2089 1403 2162 contendent
1445 2091 1769 2182 ejusmodi
1802 2089 2107 2162 Ecclesiae
2154 2093 2367 2162 hostes

139 2231 288 2299 posse
309 2217 530 2280 statum
569 2211 755 2279 hunc
780 2210 863 2279 ab
887 2207 1176 2279 Ecclesia
1203 2208 1539 2298 abrogari;
1590 2215 1783 2298 atque
1808 2208 1991 2296 ade0,
2037 2209 2122 2278 ob
2152 2209 2369 2277 nescio

139 2347 266 2414 quas
287 2327 564 2418 politicas
585 2327 890 2407 rationes,
918 2345 1140 2416 reapse
1162 2345 1298 2394 esse
1327 2323 1802 2415 abrogandum.

208 2440 262 2506 2ο
311 2441 426 2512 Sed
474 2462 686 2531 neque
730 2442 1088 2510 temeritate
1151 2446 1326 2508 caret
1400 2439 1573 2510 dicta
1624 2440 1870 2530 opinio.
1931 2439 2185 2509 Etenim
2210 2492 2229 2523 ‚
2300 2447 2376 2507 ut

145 2558 522 2644 propositione
573 2557 638 2625 5·
684 2555 992 2640 vidimus,
1043 2555 1436 2624 concordant
1476 2554 1763 2624 doctores
1808 2554 2109 2625 catholici
2136 2557 2207 2625 in
2246 2560 2375 2624 tra-

146 2668 348 2758 dendo,
373 2679 686 2762 tanquam
724 2672 997 2739 omnino
1048 2675 1301 2739 certum
1339 2677 1403 2737 et
1444 2668 1823 2756 tenendum,
1867 2668 2153 2740 divinam
2182 2671 2377 2739 fuisse

149 2781 388 2872 religiosi
425 2792 626 2858 status
669 2785 1162 2856 institutionem.
1215 2785 1433 2873 Atque
1470 2805 1547 2851 ea
1594 2781 1788 2850 etiam
1837 2781 1958 2850 suit
2004 2789 2376 2854 sanctorum

150 2896 372 2969 Panum
411 2902 784 2972 communis
833 2900 1148 2985 doctrina.
1220 2898 1436 2980 Quam
1514 2899 1749 2988 pariter
1814 2899 2084 2966 omnino
2136 2905 2378 2966 certam

151 3019 410 3107 supponit
433 3018 592 3087 Pius
628 3015 746 3102 vl,
781 3017 942 3085 dum
977 3017 1050 3085 in
1076 3016 1258 3084 brevi
1294 3013 1665 3104 dogmatico
1696 3009 1891 3093 Quod
1913 3011 2372 3103 aliquantum,

147 3128 216 3197 de
245 3134 662 3224 Reqularium
710 3131 1095 3216 abolitione,
1123 3131 1216 3200 sic
1253 3130 1478 3198 asserit
1519 3151 1537 3196 t
1578 3124 1795 3196 Laedit
1818 3138 2077 3195 statum
2090 3126 2383 3218 publicae

143 3249 534 3334 professionis
573 3246 1006 3318 consiliorum
1051 3244 1579 3336 evanqelicorum
1597 3265 1625 3326 ;
1666 3240 1855 3310 laedit
1882 3242 2153 3312 vivendi
2172 3244 2385 3314 ratio-

144 3381 288 3426 nem
307 3362 374 3428 in
389 3364 676 3434 Ecclesia
699 3359 1256 3442 commendatam,
1289 3371 1617 3450 tanquam
1644 3357 2043 3450 Apostolicae
2069 3357 2387 3430 doctrina,²

141 3491 644 3549 consentaneam.
676 3477 876 3547 Porro
899 3481 1122 3546 contra
1148 3475 1469 3566 ejusmodi
1500 3474 1903 3544 auctoritates
1932 3479 2167 3546 sentire
2191 3482 2387 3546 teme-

141 3597 374 3663 rarium
407 3601 534 3684 est3
567 3615 689 3663 nec
717 3593 844 3662 alia
869 3593 947 3661 de
973 3610 1166 3661 causa
1187 3591 1529 3658 temeraria
1552 3595 1645 3659 est
1672 3588 1888 3680 aliqua
1914 3591 2159 3682 opini0,
2186 3610 2385 3680 quam

86 3643 92 3805 N
143 3711 292 3796 quod
323 3710 472 3780 tales
495 3713 720 3780 contra
747 3729 812 3778 se
835 3707 1240 3778 auctoritates
1261 3703 1513 3774 habeat.

1044 3925 1320 3998 CAPUT
1376 3928 1457 3999 11.

213 4141 286 4186 DE
333 4139 566 4188 STA‘rus
609 4135 908 4185 nEumosI
943 4133 1230 4183 Exonmls
1272 4135 1384 4181 sm]
1430 4130 1674 4185 QUANDO
1716 4132 1794 4177 m·
1836 4125 2055 4185 QUIBUS
2096 4127 2315 4178 Pontus

765 4233 1062 4283 tinnulos}
1108 4231 1406 4280 Exlsmnn
1448 4227 1791 4276 cOEPEan.

223 4417 456 4488 Mirum
478 4413 698 4485 ‚videri
737 4417 940 4504 potest
982 4411 1408 4501 quaestionem
1454 4402 1706 4474 institui
1758 4401 1838 4472 de
1889 4409 2177 4495 tempore
2214 4425 2393 4472 exor-

375 4549 425 4595 1.
2136 4533 2163 4580 s

2730 787 2732 794 .
2728 730 2731 744 -
2712 501 2729 680 Α,--
2720 465 2722 478 -
