2834 4959
333 218 411 273 12
899 226 1235 275 TRACTATUS
1272 230 1352 275 m:
1395 230 1547 275 JURE
1590 224 2004 275 REGULAmUM.

326 350 531 417 solent
577 346 791 416 vocari
820 347 1112 437 perfecti,
1159 351 1266 418 sed
1318 373 1354 418 e
1393 356 1617 418 contra
1662 345 2068 437 imperfecti3
2118 346 2271 435 quia
2318 367 2589 438 nempe,

318 464 501 553 juxta
545 468 875 550 receptum
929 462 1124 551 hujus
1163 466 1339 557 vocis
1377 484 1673 549 sensum,
1716 460 1995 555 perfecti
2036 469 2455 549 opponuntur
2498 461 2600 531 di-

326 579 446 645 ctis
518 577 886 645 christianis
953 579 1218 645 remisse
1286 577 1681 663 viventibus„
1749 573 2197 665 expugnandis
2246 575 2411 643 vitiis
2466 578 2600 645 suis

327 714 558 783 parum
601 692 1033 777 studentibus»,
1082 692 1229 761 licet
1277 698 1617 785 peccatum
1660 692 1927 761 mortale
1954 690 2260 773 devitent,
2304 697 2367 758 et
2396 694 2598 780 parati

327 806 460 875 sint
510 810 678 874 mori
757 806 967 897 potius
1038 828 1232 895 quam
1287 806 1501 875 Deum
1550 806 1907 875 mortaliter
1955 804 2300 871 offendere.
2360 802 2432 870 ln
2496 802 2600 871 his

327 944 518 1011 porro
604 923 996 1013 imperfectis
1057 922 1433 990 christianis
1504 921 1681 989 adest
1748 920 2026 988 charitas
2080 917 2471 1001 essentialiS‚
2530 917 2600 985 id

323 1044 443 1123 est,
487 1040 613 1105 tota
659 1038 930 1121 essentia
972 1038 1323 1106 charitatis.
1380 1034 1463 1105 Et
1518 1035 1816 1126 quamvis
1860 1034 2138 1103 charitas
2194 1033 2331 1103 haec
2388 1044 2603 1124 posset

325 1150 611 1219 multum
652 1152 970 1219 intensive
1015 1159 1076 1219 et
1129 1152 1447 1219 extensive
1496 1170 1806 1234 crescere,
1860 1155 2079 1216 tamen
2134 1148 2205 1217 in
2244 1146 2355 1217 illo
2404 1148 2601 1215 etiam

323 1266 531 1356 gradu
575 1265 688 1354 qui
737 1264 1047 1333 omnibus
1085 1264 1461 1333 christianis
1503 1265 1899 1354 praecipitur,
1948 1270 2011 1331 et
2065 1262 2149 1331 ad
2200 1284 2601 1353 consequen-

323 1378 478 1445 dam
533 1376 810 1447 salutem
859 1386 1166 1447 aeternam
1225 1378 1623 1447 necessarius
1664 1385 1795 1461 est,
1856 1374 2069 1445 adhuc
2110 1381 2400 1445 remanet
2452 1397 2605 1443 vera

326 1491 631 1579 charitas,
683 1499 746 1559 et
791 1494 1064 1561 essentia
1113 1494 1443 1562 charitatis
1492 1491 1749 1585 proprie
1794 1492 2005 1561 dictae.
2052 1490 2219 1561 Cum
2269 1514 2423 1581 ergo
2460 1514 2606 1582 per·

323 1604 473 1673 fecti
526 1627 658 1675 non
703 1607 1004 1675 dicantur
1049 1608 1170 1698 qui
1209 1609 1279 1676 in
1331 1608 1507 1677 dicto
1554 1608 1847 1676 inferiori
1896 1606 2227 1676 charitatis
2275 1607 2481 1697 gradu
2508 1606 2605 1675 si-

323 1730 526 1808 stunt,
608 1723 840 1791 merito
911 1724 1332 1792 concluditur·
1395 1714 1475 1791 ad
1550 1723 2011 1813 perfectionem
2096 1743 2228 1789 non
2312 1720 2605 1791 sufficere

321 1837 702 1907 charitatem
777 1838 1176 1909 essentialem
1202 1893 1221 1925 ,
1290 1838 1402 1909 sed
1479 1840 1724 1929 requiri
1798 1838 2081 1927 aliquem
2154 1838 2432 1927 gradum
2490 1860 2607 1907 seu

267 1948 280 1963 ‘
325 1954 597 2023 modum
653 1954 1008 2039 charitati8‚
1058 1957 1177 2044 qui
1225 1974 1651 2023 communem
1685 1952 2189 2023 christianorum
2216 1956 2479 2021 remisse
2504 1955 2608 2021 vi-

318 2070 611 2136 ventium
662 2068 1040 2137 charitatem
1067 2073 1354 2157 (superet.
1409 2068 1597 2148 Quod
1641 2069 2058 2137 ratiocinium
2086 2074 2294 2157 potest
2332 2070 2426 2137 sic
2454 2068 2607 2135 bre-

319 2182 466 2249 vius
514 2182 801 2250 exhiberi
837 2205 855 2249 t
899 2182 1140 2253 Omnes
1187 2182 1528 2251 christiani
1576 2184 1693 2275 qui
1742 2189 2001 2273 peccato
2050 2182 2311 2253 mortali
2361 2184 2608 2251 immu-

321 2318 437 2366 nes
494 2306 670 2375 sunt,
721 2297 1098 2367 charitatem
1143 2298 1545 2366 essentialem
1602 2298 1842 2367 habent
1901 2326 1919 2369 ι
1964 2301 2142 2391 atqui
2192 2306 2408 2368 tamen
2473 2321 2609 2367 non

323 2422 475 2481 sunt
513 2434 740 2481 omnes
783 2412 1042 2503 perfecti
1067 2434 1088 2503 3
1117 2434 1269 2502 ergo
1315 2413 1394 2482 ad
1424 2413 1880 2505 perfectionem
1926 2436 2059 2484 non
2102 2414 2345 2483 sufficit
2389 2436 2612 2483 essen-

325 2527 494 2595 tialis
517 2526 820 2596 charitas.

417 2640 790 2711 Puerosmo
821 2641 956 2710 111⁸.
985 2680 1074 2694 -
1101 2643 1429 2733 Per-sectio
1480 2664 1617 2712 non
1651 2642 1951 2711 consistit
1978 2643 2053 2710 in
2074 2644 2305 2735 aliquo
2333 2642 2440 2713 vel
2477 2644 2610 2712 ali-

321 2758 570 2849 quibus
611 2758 1016 2827 transitoriis
1035 2758 1389 2828 charitatis
1411 2759 1691 2843 actibus,
1726 2758 1928 2827 etiam
1965 2759 2026 2826 si
2042 2760 2181 2827 sint
2204 2782 2485 2851 maqnoe,
2498 2760 2614 2829 vel

325 2874 642 2943 maoeimae
693 2874 1128 2943 intensitacis.
1179 2914 1270 2927 -
1313 2878 1478 2945 Nam
1518 2876 1660 2944 fieri
1701 2880 1905 2965 potest
1950 2883 2024 2942 ut
2050 2876 2221 2964 quis,
2256 2896 2333 2943 ex
2382 2875 2609 2963 gratiae

327 2988 645 3079 impulsu,
696 3011 908 3059 unum
953 2998 1061 3058 aut
1121 2990 1337 3080 plures
1375 2990 1977 3059 vehementissimos
2040 2989 2407 3060 dilectionis
2485 2988 2607 3060 Dei

331 3108 512 3169 actus
537 3104 777 3190 eliciat,
811 3110 876 3170 et
919 3110 1136 3171 tamen
1187 3110 1404 3194 postea
1460 3126 1693 3193 parum
1754 3106 2007 3174 studeat.
2034 3106 2313 3175 venialia
2354 3115 2619 3197 peccata

333 3214 612 3283 devitare
636 3270 654 3301 ,
739 3216 1120 3308 cupiditates
1199 3239 1346 3285 suas
1420 3219 1763 3289 refraenare
1797 3272 1818 3307 ,
1894 3227 1961 3288 et
2032 3221 2619 3311 supererogationis

331 3350 526 3420 opera
563 3352 710 3419 quae
759 3330 891 3399 Deo
945 3333 1226 3401 maxime
1263 3333 1523 3424 placent
1588 3356 1799 3425 agere.
1854 3332 2055 3404 Porro
2106 3336 2163 3403 is
2196 3356 2613 3429 nequaquam

331 3446 504 3514 inter
529 3446 840 3537 perfectos
865 3448 1328 3517 recensebitur.

311 3598 323 3607 ·
384 3562 389 3567 ’
423 3562 562 3630 Imo
605 3564 874 3631 sustinet
899 3562 1134 3633 Suarez
1165 3562 1268 3657 (de
1307 3564 1673 3655 Reliqione,
1704 3572 1977 3635 tractatu
2003 3568 2069 3650 7,
2104 3567 2151 3635 l.
2184 3568 2246 3647 1,
2272 3590 2334 3636 c.
2378 3567 2443 3655 4)
2474 3589 2619 3636 non

337 3678 680 3747 consistere
735 3678 1186 3767 perfectionem
1233 3680 1302 3746 in
1343 3680 1650 3749 charitate
1700 3680 2063 3759 habituali.
2106 3694 2435 3773 quatenus
2476 3704 2623 3749 cer·-

337 3802 484 3857 tum
509 3791 798 3881 qradum
828 3793 1232 3863 intensitatis
1259 3793 1561 3865 habente.
1598 3822 1633 3861 α
1660 3793 1819 3864 Dico
1852 3797 2101 3865 nullam
2128 3806 2370 3865 certam
2399 3798 2627 3866 inten-

350 3931 384 3971 t(
413 3906 656 3975 sionem
725 3909 1054 3977 charitatis
1128 3910 1479 4001 habitualis
1550 3910 1629 3979 ad
1706 3912 1875 3980 hanc
1945 3890 2403 4003 perfectionem
2474 3934 2625 3986 esse

353 4046 386 4085 α
417 4027 836 4093 necessariam
867 4076 886 4113 ,
964 4046 1040 4094 ac
1113 4024 1392 4094 subinde
1447 4048 1565 4097 nec
1634 4027 1837 4097 solam
1905 4029 2331 4097 intensionem
2388 4030 2619 4119 letiam

356 4162 392 4200 α
417 4156 550 4205 non
597 4139 932 4232 magnam)
971 4138 1053 4209 ad
1090 4140 1260 4209 hanc
1305 4142 1763 4232 perfectionem
1810 4144 2127 4231 sufficere,
2160 4166 2279 4213 nec
2318 4146 2619 4234 requiri;

357 4276 390 4315 α
417 4254 760 4342 quamvis,
809 4256 1051 4325 caeteris
1093 4255 1389 4346 paribus,
1456 4256 1742 4328 multum
1788 4260 1869 4329 ad
1932 4260 2105 4331 banc
2149 4261 2623 4351 perfectionem
