2834 4959
394 344 523 399 444
962 348 1303 399 moruus
1346 348 1428 395 DE
1471 348 1622 395 JURE
1663 345 2079 395 anonumum.

394 480 623 560 sentia,
680 479 815 545 sive
868 477 1249 547 obventura.
1310 471 1391 541 Et
1463 472 1676 540 valere
1735 470 2116 560 hujusmodi
2183 471 2682 543 ecclesiasticam
2816 460 2817 469 ¹

394 590 631 681 legem,
704 591 1215 684 independenter
1272 610 1310 657 a
1368 586 1659 678 qualibet
1719 585 2013 656 saeculari
2086 590 2430 677 potestate,
2497 610 2686 683 supra
2816 602 2817 607 ’

393 707 585 775 etiam
628 705 968 796 probatum
1010 711 1126 775 est.
1186 702 1311 773 Sed
1358 724 1474 793 per
1509 698 1826 771 sancitam
1863 722 1900 770 a
1937 699 2079 791 lege
2127 700 2434 772 saeculari
2463 702 2680 774 Galliae

394 818 630 889 dictam
674 820 1127 909 religiosorum
1172 816 1438 887 civilem
1481 826 1791 905 mortem,
1833 814 1958 885 hoc
1991 816 2144 905 jure
2187 818 2574 888 succedendi
2611 821 2678 889 in

394 936 613 1003 locum
648 935 1099 1026 religiosorum
1146 934 1582 1031 professorum
1637 929 2098 1000 fraudabantur
2139 936 2674 1017 communitates3

292 1122 299 1129 ,
394 1072 550 1139 ergo
586 1072 660 1121 ex
700 1051 821 1120 hac
850 1052 1043 1120 etiam
1076 1054 1256 1141 parte
1292 1048 1508 1119 civilis
1539 1046 1651 1116 illa
1677 1047 2010 1138 dispositio
2045 1046 2292 1138 injusta
2339 1049 2468 1117 fuit
2497 1060 2678 1140 atque

397 1164 605 1253 irrita,
652 1166 781 1236 nisi
830 1188 907 1234 ex
954 1164 1121 1235 sedis
1171 1162 1559 1255 Apostolicae
1605 1160 2094 1231 confirmatione
2143 1162 2321 1232 valor
2361 1164 2427 1233 ei
2467 1184 2674 1234 acces-

396 1280 575 1351 serit.

490 1393 802 1465 Existimo
830 1414 953 1485 ego
978 1392 1307 1486 praefatam
1332 1402 1614 1460 mortem
1639 1390 1938 1481 civilem,
1965 1412 2094 1482 qua
2115 1390 2402 1483 religiosi
2427 1394 2678 1465 ordines

399 1509 470 1579 in
496 1510 727 1599 Gallia,
766 1510 1030 1579 notabili
1065 1510 1415 1585 bonorum,
1447 1506 1570 1576 sibi
1615 1506 1696 1575 de
1726 1508 1876 1597 jure
1905 1510 2245 1577 communi
2281 1508 2676 1599 debitorum,

402 1626 590 1715 copia
630 1625 903 1694 fraudati
952 1631 1132 1710 sunt,
1188 1624 1455 1692 initium
1497 1622 1760 1713 aliquod
1807 1623 2004 1693 fuisse
2053 1631 2234 1714 atque
2279 1624 2669 1715 praeludium

401 1743 683 1831 ingentis
724 1742 903 1811 illius
944 1742 1301 1812 subsecutae
1346 1739 1772 1833 spoliationiS,
1833 1762 1987 1831 qua,
2034 1762 2172 1810 nou
2209 1742 2478 1831 regulari
2519 1746 2669 1811 tan-

406 1861 577 1941 tum,
612 1858 721 1927 sed
758 1862 821 1925 et
866 1858 1161 1929 saeculari
1208 1857 1379 1925 clero
1422 1856 1850 1946 possessiones
1893 1876 2122 1925 omnes
2159 1855 2467 1947 sacrilega
2497 1853 2678 1924 inva-

406 1973 585 2043 sione
624 1974 943 2067 subrepta».
995 1973 1279 2044 fuerunt.
1324 1972 1540 2060 Quod,
1591 1994 1674 2041 an
1715 1993 1948 2042 verum
1983 1972 2088 2057 sit,
2132 1992 2358 2041 rerum
2399 1971 2672 2043 ecelesia·

404 2089 711 2158 sticarum
736 2089 965 2159 Galliae
996 2088 1335 2159 historiam
1360 2088 1798 2159 scribentibus
1837 2088 2339 2181 expendendum
2369 2088 2666 2177 relinquo.

1324 2414 1606 2487 CAPUT
1641 2418 1764 2488 Vl.

410 2618 837 2680 INCAPACITAS,
908 2617 1175 2681 boumn,
1238 2620 1315 2665 An
1370 2618 1513 2667 von
1577 2620 1990 2667 PAUPER'I'ATIS
2047 2620 2514 2669 somnm'ramu
2567 2623 2673 2669 1³13-

492 2716 757 2776 QUISITA,
824 2716 1014 2764 STARE
1084 2714 1307 2763 POTES'I'
1380 2719 1503 2763 CUM
1571 2716 1653 2765 IIS
1723 2718 1983 2765 ACTIBUS
2055 2717 2300 2765 nomm!
2363 2720 2668 2767 urniorum

408 2864 415 2875 ¹
490 2816 711 2875 mens»,
775 2813 879 2868 QUI
920 2812 1105 2861 mum·
1148 2814 1228 2859 Ex
1272 2816 1634 2861 FACULTATE
1687 2814 2064 2874 PONTIFICIA,
2120 2817 2162 2860 A
2207 2816 2539 2865 RELIGIOSIS
2585 2818 2670 2865 SO-

491 2912 803 2960 mumma
847 2911 1177 2961 PROFESSIS.

498 3108 640 3179 Sub
678 3109 891 3202 prima
942 3115 1249 3181 tractatus
1293 3114 1472 3202 parte
1524 3108 1942 3201 probavimus
1985 3110 2546 3201 voti.paupertatis
2583 3132 2673 3180 so·

408 3224 813 3294 lemnitatem
884 3246 1021 3295 esse
1080 3224 1504 3295 institutionis
1557 3244 1734 3293 mere
1787 3222 2256 3310 ecclesiasticae,
2309 3247 2440 3310 seu,
2501 3226 2666 3316 quod

412 3338 581 3406 idem
618 3345 736 3425 est,
779 3342 1116 3430 provenire
1156 3362 1239 3417 ‚ex
1278 3339 1578 3409 Ecclesiae
1618 3337 2075 3428 dispositione3
2111 3360 2242 3429 qua
2271 3360 2500 3431 nempe
2535 3346 2674 3409 voto

410 3452 799 3545 paupertatis
848 3456 917 3524 in
966 3456 1359 3546 quibusdam
1401 3452 1826 3543 religionibus
1872 3453 1997 3523 rite
2041 3456 2305 3540 emisso,
2357 3456 2666 3546 alligatam

412 3571 697 3643 Ecclesia
766 3574 971 3643 voluit
1030 3582 1407 3665 perpetuam
1477 3568 1758 3642 dominii
1823 3570 2340 3661 incapacitatem.
2408 3573 2670 3645 Ecclesia

413 3696 629 3758 autem
682 3691 892 3779 potuit
934 3690 1113 3757 illam
1154 3688 1431 3758 dominii
1475 3686 1967 3775 incapacitatem
2015 3692 2163 3756 voto
2211 3688 2480 3756 solemni
2527 3708 2673 3777 pau·

418 3806 678 3895 pertatis
708 3804 996 3893 alligare,
1027 3824 1103 3873 eo
1134 3826 1329 3873 sensu
1358 3802 1532 3893 quod
1570 3799 1910 3891 religiosus
1937 3798 2288 3891 professus,
2315 3825 2400 3873 ex
2421 3802 2672 3871 obtenta

415 3918 749 4007 facultate
772 3921 827 3989 A
832 3918 1179 4012 postolica,
1212 3926 1424 4011 posset
1450 3918 1664 3987 varios
1686 3915 1960 3985 dominii
1983 3924 2166 3987 actus
2188 3918 2394 3989 valide
2411 3936 2670 4001 exereoe,

418 4052 551 4101 non
576 4044 795 4104 autem
820 4056 903 4103 ex
914 4036 1195 4129 propria
1216 4033 1619 4104 auctoritate
1641 4035 1756 4101 aut
1779 4052 1862 4099 ex
1879 4032 2297 4121 superiorum
2321 4052 2582 4103 suonam
2597 4028 2674 4098 ti·

416 4148 659 4216 centia.
1899 4228 1918 4250 .
2423 4190 2432 4203 ·

508 4262 709 4333 Porro
754 4265 879 4334 sub
920 4264 1219 4357 praesenti
1252 4266 1460 4357 capite
1501 4266 1632 4337 duo
1665 4270 1934 4357 probare
1973 4267 2371 4337 intendimus
2412 4286 2430 4333 z
2467 4262 2528 4329 1⁰
2567 4258 2676 4328 Ec·

420 4376 687 4449 clesiam
728 4400 951 4451 revera
992 4381 1165 4450 dicto
1210 4402 1403 4451 sensu
1454 4384 1580 4452 voti
1633 4384 2026 4477 paupertatis
2079 4382 2538 4453 solemnitatem
2585 4376 2680 4441 in·
