2834 4959
1156 346 1308 394 Pus
1341 346 1560 394 PRIMA.
2362 348 2385 401 1
2404 347 2483 404 07

219 485 440 558 nempe
491 465 779 534 decrevit
837 471 912 533 ut
969 464 1279 556 religiosi,
1337 471 1775 558 paupertatem
1842 470 1909 536 in
1976 472 2165 540 certis
2212 473 2477 564 religio-

213 583 399 654 nibus
455 587 786 665 voventes,
839 581 996 650 fiant
1041 580 1168 650 hoc
1213 581 1354 671 ipso
1409 583 1687 651 dominii
1732 583 2091 675 incapaces,
2132 584 2483 660 dicendum

207 699 321 768 erit
371 697 556 765 illam
615 696 1108 788 incapacitatem
1157 695 1412 781 induci,
1458 697 1561 764 vel
1611 697 1676 765 vi
1728 699 1931 786 ipsius
1988 701 2140 787 voti,
2197 702 2297 769 vel
2350 703 2481 774 ritu

205 834 388 882 sacro
452 817 675 878 votum
727 831 842 879 seu
902 811 1366 902 professionem
1432 813 1929 899 concomitante,
1982 815 2082 884 vel
2142 816 2481 888 traditione

203 948 414 1020 quam
438 925 772 1016 religiosus
806 926 960 994 facit
985 926 1316 1018 suiipsius
1350 947 1751 1017 suorumque
1774 929 2097 1000 bonorum
2141 939 2203 1000 et
2223 931 2479 1023 jurium

209 1041 528 1132 religiosae
566 1040 1018 1110 communitati
1066 1041 1136 1109 in
1201 1061 1328 1131 qua
1397 1041 1857 1133 professionem
1913 1045 2200 1114 emittit:
2256 1045 2478 1116 nullus

209 1157 458 1248 quippe
497 1157 660 1225 alius
725 1157 1116 1246 excogitatus
1169 1157 1291 1225 t‘uit
1329 1157 1563 1226 modus
1617 1158 2004 1249 explicandi,
2066 1161 2135 1227 in
2182 1183 2313 1250 quo
2358 1169 2477 1234 stet

210 1274 346 1342 voti
384 1272 771 1364 paupertatis
813 1270 1206 1342 solemnitas.
1234 1271 1433 1364 Atqui
1462 1271 1689 1364 primo
1729 1273 1983 1343 admitti
2016 1275 2245 1366 nequit
2268 1276 2476 1367 hypo·

212 1388 429 1458 thesis·
469 1409 614 1478 quae
683 1387 1168 1475 incapacitatem
1231 1387 1506 1456 dominii
1566 1396 1875 1480 repeteret
1928 1412 2002 1458 ex
2061 1391 2127 1458 vi
2172 1390 2305 1460 sola
2344 1393 2475 1462 voti

201 1502 638 1596 paupertatis:
697 1523 848 1570 nam
917 1508 1164 1572 certum
1219 1508 1316 1572 est
1363 1502 1503 1572 dari
1558 1524 1739 1594 posse
1796 1512 2021 1574 votum
2080 1509 2473 1598 paupertatis

196 1619 498 1712 simplex,
557 1639 673 1686 seu
721 1639 851 1706 quo
901 1638 1032 1686 non
1082 1619 1410 1688 auferatur
1474 1619 1836 1690 dominium
1889 1628 1952 1690 et
2008 1622 2323 1711 capacitas
2361 1621 2473 1692 do·

197 1733 430 1818 minii3
478 1752 557 1800 ac
602 1731 876 1822 proinde
921 1737 1142 1801 votum
1197 1735 1617 1824 paupertatis,
1638 1755 1753 1824 per
1778 1755 1845 1802 se
1868 1740 2103 1819 solum,
2150 1756 2265 1802 seu
2294 1756 2369 1802 ex
2396 1757 2471 1804 eo

195 1847 336 1918 solo
381 1846 557 1936 qnod
605 1847 686 1915 sit
732 1852 954 1916 votum
1000 1849 1421 1939 paupertatis,
1455 1869 1587 1916 non
1627 1847 1983 1916 necessario
2022 1867 2239 1915 secum
2277 1849 2471 1918 trahit

195 1962 686 2052 incapacitatem
757 1963 1028 2032 dominii
1101 1982 1212 2029 seu
1285 1960 1783 2030 solemnitatem.
1863 1958 2177 2029 Praeterea
2248 1967 2469 2031 votum

193 2076 592 2167 paupertatis
635 2097 838 2167 quam
891 2075 1172 2146 maxime
1214 2076 1599 2167 perfectum,
1658 2097 1773 2168 per
1822 2097 1889 2146 se
1935 2074 2174 2156 solum,
2211 2082 2271 2144 et
2324 2073 2468 2144 abs-

189 2189 508 2260 trahendo
551 2191 637 2260 ab
685 2193 828 2280 ejus
876 2192 1270 2280 executione,
1311 2191 1478 2259 nihil
1530 2189 1707 2260 aliud
1752 2196 1843 2260 est
1883 2210 2083 2280 quam
2118 2189 2467 2281 promissio

191 2306 532 2378 abdicandi
589 2307 912 2376 bonorum
963 2309 1260 2378 omnium
1297 2307 1753 2400 temporalium
1808 2308 2285 2400 proprietatem.
2341 2307 2467 2378 Sed

191 2423 589 2512 promittere
613 2422 938 2492 honorum
961 2443 1228 2492 suorum
1257 2423 1729 2494 abdicationem
1758 2445 1893 2492 non
1920 2432 2015 2492 est
2038 2445 2115 2494 ea
2141 2423 2460 2494 abdicare.

195 2538 322 2619 Qui
365 2538 506 2610 Deo
567 2539 905 2630 promisit,
950 2537 1126 2608 verbi
1177 2539 1408 2630 gratia,
1466 2539 1615 2608 dare
1666 2537 2061 2630 pauperibus
2124 2542 2467 2630 pecuniam

201 2673 404 2741 suam,
441 2656 572 2724 hoc
615 2653 752 2722 solo
777 2658 922 2723 actu
945 2652 1394 2744 promittendi
1436 2675 1548 2722 seu
1586 2650 1883 2733 vovendi,
1912 2653 2256 2742 pecuniam
2280 2675 2465 2722 suam

203 2789 338 2838 non
385 2770 678 2858 alienat3
732 2769 840 2838 sed
897 2768 1266 2839 dominium
1324 2774 1387 2836 et
1442 2766 1893 2859 proprietatem
1950 2766 2155 2857 ipsius
2207 2770 2461 2848 retinet,

207 2904 410 2974 usqne
469 2886 638 2954 dnm
693 2885 1040 2975 pecuniam
1087 2886 1166 2956 de
1218 2886 1384 2954 facto
1434 2881 1827 2974 pauperibus
1878 2879 2227 2949 tradiderit.
2281 2877 2467 2950 Unde

207 2998 568 3070 solemnitas
597 3023 676 3070 ex
701 3001 878 3069 nudo
905 3001 1056 3092 ipso·
1082 3005 1225 3069 voto
1249 2998 1639 3092 paupertatis
1665 2996 1916 3066 desumi
1947 2992 2193 3082 nequit.

285 3115 620 3202 SecundO,
653 3137 776 3185 nec
817 3115 1021 3206 repeti
1066 3119 1272 3207 potest
1310 3114 1682 3182 solemnitas
1718 3132 1794 3181 ex
1840 3110 2313 3181 consecratione
2356 3118 2467 3179 aut

199 3227 640 3300 benedictione
699 3230 904 3300 aliove
947 3221 1129 3299 ‘sacro
1180 3229 1336 3313 ritu,
1390 3235 1689 3298 votorum
1743 3226 2157 3296 emissionem
2208 3232 2269 3296 et
2305 3247 2460 3317 pro-

201 3344 532 3417 fessionem
557 3347 934 3438 religiosam
966 3347 1459 3417 concomitante.
1493 3343 1567 3412 Id
1591 3363 1787 3436 supra
1813 3341 2252 3434 probavimus

293 3463 529 3548 Tertzb,
563 3485 687 3532 nec
737 3463 996 3534 tandem
1049 3463 1421 3554 reponenda
1450 3467 1545 3529 est
1580 3458 1955 3529 solemnitas
1994 3459 2065 3528 in
2119 3460 2461 3528 traditione

195 3577 590 3663 omnimoda,
622 3599 754 3670 qua
796 3578 1130 3667 religiosus
1159 3598 1227 3646 se
1267 3597 1344 3646 ac
1383 3575 1557 3644 bona
1583 3581 1647 3644 et
1674 3578 1827 3664 jura
1872 3594 1987 3644 sua
2015 3574 2237 3644 omnia
2264 3573 2460 3640 donat

197 3695 650 3764 communitati
689 3693 1002 3784 religiosae
1041 3693 1113 3762 in
1153 3713 1282 3783 qua
1323 3689 1685 3783 profitetur.
1738 3689 1872 3760 Etsi
1908 3691 2089 3760 enim
2124 3687 2235 3757 illa
2259 3685 2459 3778 hypo-

200 3805 388 3878 thesis
425 3810 711 3901 aliquam
769 3809 902 3878 veri
945 3809 1225 3900 speciem
1273 3829 1408 3900 prae
1461 3828 1528 3878 se
1566 3807 1747 3895 ferat,
1805 3812 1868 3875 et
1912 3826 2043 3875 non
2086 3802 2313 3893 paucis
2348 3801 2459 3871 do-

199 3922 478 3994 ctoribus
505 3925 816 4010 arriserit,
848 3945 990 3994 eam
1033 3929 1254 3994 tamen
1281 3923 1486 3994 solido
1516 3923 1775 3994 destitui
1804 3920 2227 3992 fundamento
2266 3935 2459 4008 supra

201 4039 386 4109 etiam
433 4041 858 4111 ostendimus.

286 4153 596 4228 Remanet
641 4178 795 4247 ergo
843 4160 917 4224 ut
963 4154 1239 4225 dominii
1289 4154 1700 4248 incapacitas,
1733 4175 1847 4224 seu
1888 4150 2016 4220 voti
2064 4147 2455 4240 paupertatis
2537 4151 2543 4158 '

208 4263 584 4352 solemnitas,
615 4289 692 4338 ex
733 4267 988 4337 decreto
1031 4265 1334 4338 Ecclesiae
1372 4267 1709 4359 provenire
1746 4262 2023 4360 dicatur,
2046 4260 2226 4350 juxta
2272 4279 2454 4328 com-

207 4385 558 4454 muniorem
579 4385 912 4454 doctorum
941 4382 1342 4455 sententiam.
