2834 4959
1205 377 1356 425 rans
1402 375 1665 436 Qun-n.
2440 379 2580 450 543,

279 525 314 566 α
341 504 476 584 tur,
533 496 727 566 licere
771 493 1008 564 clerico
1049 494 1461 584 beneficiato,
1509 500 1707 571 etiam
1762 503 2243 575 contradicente
2294 505 2571 600 Episco-

279 638 314 680 ι
343 633 454 706 po,
487 609 888 680 beneficium
925 610 1316 702 relinquere,
1349 615 1508 684 etin
1538 619 2009 688 monasterium
2050 641 2185 690 sese
2218 624 2506 716 recipere
2545 653 2564 699 ε

281 753 316 798 ε(
344 727 423 797 Si
450 726 598 818 quis
635 721 878 794 homin
919 724 990 795 in
1017 726 1282 795 ecclesia
1312 727 1435 796 sub
1468 728 1805 822 Episcopo
1842 735 2181 826 populum
2206 738 2471 830 retinet,
2503 757 2572 814 et

281 874 320 918 α
343 845 754 918 εωοαῖαήεω·
769 845 972 931 vivit,
989 845 1050 913 si
1059 846 1346 938 afflatus
1361 849 1639 940 Spiritu
1656 854 1935 937 Sancto,
1958 855 2032 924 in
2056 857 2281 949 aliquo
2300 883 2569 935 monas·

283 989 322 1031 α
351 963 534 1050 ter-io,
579 961 692 1032 vel
731 960 1036 1051 requlari
1081 962 1392 1049 canonia,
1438 965 1699 1036 salvare
1738 989 1807 1036 se
1850 969 2165 1056 voluerit,
2210 977 2373 1065 quia
2424 979 2570 1073 leqe

281 1107 316 1146 «
335 1080 613 1172 privata
644 1075 942 1162 ducitur,
975 1075 1178 1146 nulla
1211 1078 1390 1147 ratio
1417 1071 1654 1170 erhiqit,
1691 1093 1771 1151 ut
1800 1082 1946 1176 leqe
1958 1085 2246 1178 publica
2280 1087 2571 1161 obstrin-

282 1217 316 1260 ι(
337 1205 564 1285 qatur.
591 1193 885 1284 Diqnior
903 1193 1080 1262 enim
1101 1204 1198 1261 est
1214 1193 1326 1261 lex
1348 1195 1621 1284 privata
1646 1219 1851 1288 quam
1876 1201 2224 1292 publica...
2255 1206 2566 1299 Quisquis

277 1333 316 1374 α
341 1308 443 1400 iqi
446 1319 560 1377 tur
582 1307 702 1378 hoc
719 1308 970 1400 spiritu
994 1305 1290 1395 ducitur,
1315 1308 1525 1378 etiam
1544 1312 1879 1406 Episcopo
1902 1338 2021 1386 suo
2044 1320 2557 1410 contradicente,

279 1451 316 1493 α
342 1438 448 1496 eat
472 1426 668 1515 liber,
694 1437 932 1496 nostra
957 1424 1392 1518 auctoritate.
1424 1451 1459 1492 ι»

363 1542 702 1612 Probatur
715 1545 884 1612 Πρω
897 1540 1224 1612 unanimi
1233 1538 1583 1611 doctorum
1602 1543 2091 1616 catholicorum
2103 1553 2561 1624 sententia.—

276 1681 312 1724 «
343 1655 620 1728 Sanctus
656 1659 938 1728 Thomas
993 1657 1086 1749 (2,
1132 1657 1201 1738 2,
1247 1680 1314 1746 q.
1363 1657 1517 1742 189,
1561 1682 1624 1728 a.
1668 1661 1739 1751 7)
1773 1665 2195 1752 quaestionem
2234 1671 2560 1760 proponit,

276 1797 308 1842 α
335 1786 568 1842 utrum
602 1773 976 1865 presbyteri
1019 1771 1246 1841 curati
1273 1772 1545 1864 possint
1588 1771 1769 1843 licite
1804 1776 2194 1868 reliqionem
2229 1781 2499 1874 inqredi
2538 1805 2565 1854 .·

277 1913 314 1954 ε(
341 1907 618 1978 eamque
667 1889 1048 1960 affirmative
1083 1890 1389 1973 resolvit3
1436 1911 1511 1958 ea
1568 1891 1817 1960 ratione
1866 1894 2125 1978 ductus,
2160 1899 2335 1984 quod
2376 1900 2561 1972 nulla

279 2027 317 2070 α
339 2001 486 2092 lege
529 2001 904 2092 obligantur
953 2009 1084 2074 toto
1129 2007 1274 2073 vitae
1321 2011 1613 2096 tompore
1660 2027 1889 2077 curam
1934 2011 2303 2079 animarum
2357 2015 2561 2084 susti-

275 2139 312 2184 α
338 2137 514 2186 nere.
562 2116 934 2187 Articulum
975 2141 1128 2189 vero
1165 2121 1256 2189 ita
1293 2120 1621 2190 concludit
1663 2144 1683 2191 ς
1738 2120 1927 2190 Unde
1960 2124 2391 2216 manifestum
2430 2139 2555 2216 est,

273 2255 306 2296 α
329 2233 514 2321 quod
541 2229 1030 2338 archidiaconis
1059 2244 1124 2302 et
1157 2234 1563 2325 presbyteris
1600 2235 1851 2304 curatis
1878 2235 2027 2306 licet
2058 2237 2153 2306 ad
2173 2239 2558 2332 reliqionem

271 2371 308 2414 α
333 2347 641 2416 transire.
674 2345 756 2415 Et
773 2348 968 2438 paulo
993 2349 1166 2417 infra
1196 2372 1212 2415 :
1249 2347 1616 2418 Dicendum
1644 2349 1827 2442 quod
1838 2353 2221 2444 presbyteri
2246 2358 2466 2427 curati
2484 2369 2557 2428 et

273 2485 310 2527 ι
335 2460 792 2530 archidiaconi
807 2460 1283 2553 obliqaverunt
1305 2485 1372 2532 se
1391 2463 1487 2532 ad
1502 2487 1734 2534 curam
1754 2465 2089 2559 aqendam
2112 2467 2554 2562 subditorum,

269 2597 310 2640 α
336 2575 642 2666 quandiu
655 2575 952 2646 detinem'
969 2575 1590 2646 archidiaconatum
1608 2581 1720 2650 vel
1726 2584 2123 2672 parochiam
2132 2607 2165 2671 ,·
2179 2609 2312 2655 non
2330 2602 2557 2659 autem

267 2715 308 2756 α
333 2691 800 2784 obliqavcmnt
827 2715 896 2762 se
923 2691 1019 2761 ad
1049 2693 1194 2779 hoc,
1229 2691 1410 2784 quod
1441 2704 1767 2784 perpetuo
1804 2698 2425 2772 archidiaconatum
2455 2704 2565 2773 vel

269 2829 310 2871 (ε
331 2806 727 2897 parochiam
761 2808 1116 2878 retineant.
1159 2807 1316 2878 Haec
1354 2831 1392 2878 a
1426 2815 1609 2878 santo
1648 2809 1979 2879 Antonino
2007 2813 2077 2880 in
2107 2835 2225 2881 sua
2266 2819 2555 2888 Summa

271 2943 312 2984 α
339 2921 538 3010 (parte
557 2920 625 3005 3,
655 2920 753 2990 tit.
788 2921 896 3007 16,
925 2945 1070 3014 cap.
1100 2923 1172 3005 2,
1199 2925 1240 3014 ξ
1265 2923 1362 3014 2),
1393 2923 1511 2992 ubi
1544 2928 1855 3014 praeterea
1880 2923 2059 2992 addit
2084 2925 2387 3018 Episcopi
2430 2930 2559 3002 dis-

271 3061 308 3102 «
337 3055 600 3104 sensum
625 3037 900 3106 minime
927 3037 1181 3108 obstare
1214 3062 1231 3107 :
1262 3037 1765 3108 Archidiaconis
1790 3051 1858 3107 et
1867 3037 2275 3132 presbyteris
2305 3045 2553 3114 curatis

269 3175 308 3218 t<
335 3150 484 3220 licet
509 3151 606 3221 ad
635 3151 1036 3245 reliqionem
1067 3154 1382 3236 transire,
1425 3154 1631 3223 etiam
1670 3154 1999 3246 Episcopo
2032 3154 2550 3229 contradicente.

267 3293 304 3336 α
331 3267 492 3350 Quae
522 3267 714 3338 verba
739 3267 1036 3340 similiter
1059 3269 1372 3360 leguntur
1393 3273 1567 3361 apud
1596 3269 1889 3360 Sylvium
1916 3269 2012 3359 (2,
2039 3269 2106 3359 2,
2134 3293 2203 3361 q.
2234 3271 2389 3360 189,
2420 3280 2541 3344 art.

184 3437 194 3442 .
268 3409 304 3452 «
335 3383 426 3472 7).
461 3383 539 3452 Et
557 3386 872 3476 quoniam
893 3385 1094 3454 alicui
1115 3384 1186 3453 in
1211 3392 1497 3454 mentem
1518 3386 1743 3454 venire
1766 3390 2031 3476 poterat,
2062 3387 2177 3477 huj
2188 3389 2443 3459 usmodi
2467 3389 2549 3458 li-

265 3523 304 3564 «
330 3499 644 3569 bertatcm
693 3501 1068 3570 transeundi
1121 3501 1200 3569 ad
1253 3501 1552 3584 claustra,
1608 3521 1759 3591 quoe
1802 3501 2225 3572 saecularibus
2274 3503 2550 3593 presby-

264 3639 302 3684 «
328 3615 480 3684 teris
519 3637 558 3684 a
615 3615 968 3686 canonibus
1027 3615 1424 3697 conceditur,
1496 3615 1717 3684 locum
1764 3615 2001 3685 habere
2054 3614 2365 3684 duntaxat
2434 3639 2553 3709 pro

266 3758 304 3800 (ε
331 3731 624 3802 claustris
663 3731 1168 3816 monachorum,
1217 3731 1298 3799 de
1339 3729 1579 3820 quibus
1620 3732 1747 3822 ipsi
1792 3752 2071 3801 canones
2110 3753 2405 3822 expresse
2452 3733 2553 3801 lo-

267 3873 305 3916 «
331 3853 644 3937 quuntur,
679 3845 854 3916 idem
893 3846 1153 3938 Sylvius
1193 3845 1360 3935 (loco
1409 3843 1631 3935 citato)
1670 3846 1950 3916 affirmat
1988 3867 2132 3916 eam
2180 3846 2551 3915 facultatem

267 3987 304 4028 (ι
330 3984 512 4054 aeque
571 3967 958 4055 competere,
1029 3962 1162 4032 sive
1225 3961 1306 4030 de
1383 3963 1678 4030 instituto
1747 3965 1975 4050 agatur
2038 3967 2292 4030 contem
2301 3961 2553 4052 plativae

265 4105 304 4146 ε(
333 4081 482 4150 vitae
546 4079 738 4148 unice
786 4077 1025 4161 dedito,
1081 4078 1216 4146 sive
1281 4077 1360 4144 de
1415 4097 1493 4146 eo
1560 4077 1633 4145 in
1685 4097 1817 4166 quo
1878 4073 2025 4144 vitoe
2070 4077 2293 4146 activae
2354 4097 2554 4167 opera

269 4222 304 4263 α
333 4199 796 4266 exerceantur:
819 4197 1109 4263 Possunt
1131 4191 1523 4282 reliqionem
1546 4190 1752 4259 etiam
1774 4188 1969 4258 illam
1992 4189 2281 4280 inor-edi,
2305 4211 2459 4282 quoe
2478 4191 2551 4261 in

271 4335 306 4375 (ι
335 4310 481 4380 vita
529 4333 708 4380 mere
753 4308 1304 4400 contemplativa,
1351 4316 1474 4374 aut
1516 4303 1952 4398 potissimum
1986 4304 2059 4374 in
2098 4304 2551 4397 corporalibus

265 4453 302 4496 «
331 4427 494 4497 vitoe
515 4427 749 4498 activoe
766 4425 1013 4520 officiis
1040 4425 1131 4494 sit
1151 4432 1520 4513 occupata;
1546 4420 1865 4514 quoniam
1877 4420 2043 4514 plus
2064 4421 2318 4493 excedit
2334 4433 2554 4493 status
