2834 4959
1052 343 1205 390 PARS
1246 341 1540 394 SECUNDA.
2315 345 2438 400 919

182 461 301 530 tini
318 459 621 528 omnibus
646 459 917 550 quidem
936 461 1341 532 monialibus
1364 464 1750 534 clausuram
1781 468 2150 560 injunqunt
2161 492 2191 554 ;
2213 471 2328 540 sed
2345 475 2442 541 lo-

174 587 456 667 quuntur
484 574 833 644 duntaxat
856 574 933 644 de
950 577 1387 668 reliqionibus
1408 581 1638 649 stricte
1665 587 1976 674 sumptis,
2027 585 2101 653 id
2132 601 2252 676 est,
2288 601 2443 657 vota

170 692 479 760 solemnia
490 691 915 771 habentibus,
930 715 1065 760 non
1078 704 1301 760 autem
1317 693 2030 787 deeonqreqationibus
2041 702 2444 770 monialium

174 821 328 876 vota
348 807 679 898 simplicia
702 807 1187 876 emittentium.
1220 847 1311 860 -
1362 837 1395 874 t(
1416 808 1598 878 Nulli
1625 835 1880 895 earum,
1923 815 2138 906 inquit
2178 817 2442 887 'Bonifa-

183 951 221 988 «ι
266 924 401 990 cius
422 921 593 1005 vul,
626 921 731 988 rel
734 922 1049 1011 iqionem,
1074 926 1257 990 tacite
1280 925 1378 990 vel
1408 947 1698 1016 expresse
1719 931 2062 1020 professae,
2085 933 2168 999 sit
2187 934 2288 999 vel
2311 955 2444 1002 esse

192 1063 229 1104 a
250 1037 517 1106 valeat...
550 1039 937 1104 monasteria
954 1039 1089 1127 ipsa
1116 1038 1420 1129 deinceps
1443 1041 1814 1128 egrediendi
1833 1043 2120 1111 facultas.
2147 1071 2180 1109 n
2206 1047 2444 1136 (Capite

182 1149 563 1234 Periculose,
598 1148 769 1216 tituli
790 1147 869 1216 de
888 1150 1551 1238 Statu-requlerium,
1583 1155 1653 1218 in
1677 1153 1774 1244 6.)
1803 1152 1882 1220 Et
1902 1155 1970 1222 in
1995 1156 2272 1225 concilio
2294 1157 2444 1225 Tri·-

195 1266 437 1334 dentino
461 1267 640 1355 (sess,
676 1265 763 1333 25
806 1263 884 1332 de
919 1264 1385 1355 Reqularibus,
1435 1289 1492 1334 c.
1538 1267 1604 1358 5)
1631 1269 1726 1337 sic
1762 1269 2076 1338 habetur:
2120 1269 2442 1340 «Nemini

196 1407 231 1446 «
260 1389 459 1450 autem
486 1380 1075 1450 sanctimonialium
1100 1382 1311 1463 liceat,
1334 1395 1490 1474 post
1505 1385 2008 1476 professionem,
2031 1387 2206 1456 exire
2232 1410 2269 1455 a
2301 1409 2442 1455 mo-

194 1523 227 1564 «
250 1499 535 1566 nestorio,
568 1523 607 1562 ³>
663 1495 943 1564 Nomine
989 1497 1375 1566 monialium
1421 1501 1904 1591 professionem
1961 1502 2440 1584 emittentium,

182 1617 321 1681 tunc
340 1613 654 1702 temporis
676 1633 807 1680 non
832 1610 975 1680 alim
990 1611 1522 1702 intelligebantur
1541 1637 1740 1704 quam
1769 1621 1916 1682 vota
1937 1617 2248 1685 solemnia
2258 1621 2448 1686 emit-

186 1725 387 1796 tentes.
420 1725 621 1796 Unde
674 1726 1057 1805 dicendum,
1110 1727 1237 1794 sub
1271 1727 1526 1815 legibus
1569 1731 1706 1797 istis
1761 1732 2258 1821 comprehensas
2315 1755 2448 1802 non

192 1840 365 1909 [uisse
406 1841 747 1930 religiosas
805 1841 1157 1910 mulierum
1213 1844 1773 1930 congregationes,
1827 1845 1992 1912 votis
2049 1845 2450 1916 solem-nibus

194 1966 485 2026 carentes.
512 1945 729 2047 Atque
757 1961 1028 2026 omnino
1058 1957 1125 2024 id
1158 1959 1369 2048 palam
1404 1959 1550 2025 fecit
1581 1958 1646 2028 S.
1681 1958 1834 2027 Pius
1861 1959 1950 2041 V,
1990 1962 2450 2028 constitutione

201 2071 373 2141 ceca
404 2073 815 2165 pastoralis,
854 2073 943 2141 29
988 2074 1141 2141 maii
1172 2073 1385 2142 1566.
1426 2072 1769 2161 Postquam
1816 2075 1994 2142 enim
2049 2074 2454 2142 confirmavit

195 2185 467 2298 Pontifex
506 2188 719 2278 quoad
768 2187 1103 2264 unium-sas
1134 2201 1197 2256 et
1234 2188 1542 2279 sinqulas
1580 2188 1903 2258 moniales
1937 2191 2254 2258 clausurae
2285 2211 2451 2280 prae-

194 2310 465 2392 ceptum,
495 2325 867 2372 sermonem
912 2311 1291 2371 convertens
1314 2304 1391 2372 ad
1431 2304 1758 2390 mulieres,
1791 2327 1938 2396 quoe
1971 2303 2324 2372 Tertiarioe
2351 2298 2454 2371 di-

194 2431 445 2504 cuntur‚
476 2427 539 2486 et
574 2441 721 2508 quae
746 2421 819 2487 in
862 2419 1369 2507 conqreqatione
1405 2420 1696 2488 viventes
1738 2420 2110 2489 clausuram
2151 2442 2280 2490 non
2311 2441 2452 2490 ser-

196 2534 441 2618 nibem,
472 2556 589 2602 nec
618 2546 849 2602 votum
875 2533 1159 2602 solemne
1196 2535 1598 2618 emittebant,
1651 2537 1734 2602 de
1757 2538 1839 2602 iis
1865 2537 2180 2615 decernit,
2221 2544 2318 2617 ut,
2353 2535 2454 2604 vel

200 2647 503 2716 solemnia
540 2655 683 2718 vota
722 2650 1049 2736 emittant,
1107 2656 1167 2714 et
1194 2671 1327 2716 sese
1356 2650 1673 2716 clausurae
1711 2648 2083 2735 subjiciant,
2141 2652 2242 2718 vel
2273 2652 2456 2720 nulla

205 2764 275 2830 in
324 2772 637 2852 posterum
671 2765 872 2856 possit
920 2765 991 2832 in
1020 2763 1311 2854 ipsarum
1358 2760 1786 2830 conventibus
1835 2764 2076 2830 novitia
2129 2765 2355 2851 recipi.
2384 2763 2456 2830 Si

207 2878 507 2950 clausnrae
528 2887 919 2974 praeceptum
940 2881 1013 2950 in
1056 2877 1385 2948 moniales
1408 2877 1642 2961 latum,
1669 2875 2013 2966 attigisset,
2042 2897 2174 2942 non
2200 2881 2454 2942 tantum

206 2997 709 3084 congregationes
760 3001 907 3064 vota
946 2993 1263 3062 solemnia
1302 2991 1688 3075 emittente5‚
1751 2989 1860 3058 sed
1917 2987 2111 3055 etiam
2163 3008 2268 3054 eas
2309 3009 2458 3076 quae

202 3110 507 3202 simplicia
530 3112 843 3182 duntaxat
886 3110 1128 3178 habent
1168 3115 1335 3194 vota,
1383 3104 1618 3175 inutile
1645 3105 1864 3174 suisset
1893 3103 1972 3172 de
1999 3103 2462 3192 posterioribus

206 3227 317 3296 hoc
340 3229 599 3318 speciali
620 3228 880 3296 decreto
906 3227 1269 3314 disponere.

290 3343 650 3414 Pnomsmo
688 3343 887 3410 11·-
921 3339 1283 3431 Dispositio
1315 3337 1536 3406 sancti
1569 3336 1682 3404 Pii
1717 3336 1776 3402 V
1772 3331 2164 3424 ,prohibens
2188 3355 2460 3424 eonqre·
2539 3389 2544 3392 .

200 3460 485 3548 qationes
514 3456 1001 3526 Tertianarum
1024 3455 1266 3545 absque
1294 3454 1606 3520 clausuro
1627 3462 1692 3519 et
1717 3449 1881 3518 votis
1904 3448 2317 3518 solemnibus
2343 3447 2464 3515 de-

199 3578 517 3662 qentium,
554 3575 679 3644 etsi
712 3593 1005 3664 expresse
1028 3570 1203 3639 alias
1242 3567 1488 3636 similes
1531 3564 2068 3656 eonqreqationes
2113 3587 2248 3631 non
2277 3584 2462 3629 com-

190 3691 579 3778 prehendat,
598 3689 693 3758 ad
708 3711 819 3758 eas
846 3699 1069 3756 tamen
1092 3683 1351 3752 videtur
1369 3680 1806 3750 exten-denda.
1837 3719 1928 3734 -
1947 3678 2268 3768 Equidem
2294 3677 2464 3744 dicta

196 3805 555 3874 constitutio
580 3805 757 3875 eirca
772 3801 1151 3896 pastoralis
1180 3799 1257 3866 de
1289 3797 1618 3866 Tertiariis
1646 3796 1958 3865 duntaxat
1985 3794 2312 3883 loquitur‚·
2341 3811 2462 3858 nec

200 3920 399 3990 ullam
452 3925 848 3992 ment-ionem
892 3920 1049 3989 facit
1102 3917 1179 3988 de
1224 3916 1369 3984 aliis
1419 3915 1774 3984 mulierum
1825 3907 2458 4002 congregationibuS,

200 4034 497 4106 clausura
520 4043 581 4106 et
610 4036 747 4106 voti
770 4035 1175 4106 solemnitate
1204 4031 1594 4101 carentibus.
1621 4028 1752 4098 Nec
1781 4030 2052 4112 mirum,
2081 4045 2234 4092 cum
2265 4023 2463 4090 nullae

204 4153 335 4225 alia
360 4164 517 4228 tunc
544 4157 879 4247 temporis,
902 4151 1536 4246 -praetenTertiae-iaS,
1577 4149 1918 4218 existerent
1946 4145 2216 4259 huj-usca
2241 4142 2462 4212 formae

208 4271 587 4342 feminarum
618 4272 1176 4362 congregationes,

290 4389 543 4462 Etenim
580 4389 763 4459 valde
792 4388 1133 4458 recentiori
1154 4405 1289 4458 aevo
1331 4383 1596 4454 inducta
1629 4377 1935 4449 videntur
1965 4376 2181 4446 haecce
2221 4371 2462 4442 monia·
