2834 4959
1111 355 1262 402 PARS
1307 357 1525 406 Pium.
2335 355 2363 408 1
2380 351 2459 407 35

203 508 234 546 c
255 478 446 548 millia
485 479 833 570 utriusque
879 499 1068 548 sexus
1107 478 1488 569 hominum,
1516 479 1654 550 solo
1684 478 1927 555 habitu
1972 499 2041 548 se
2089 481 2291 572 ipsius
2312 503 2451 552 esse

195 619 226 658 α
246 594 550 685 propositi
625 591 1019 683 profitentia,
1071 592 1529 664 celsitudinem
1602 601 1667 662 et
1746 615 2053 662 coronam
2119 602 2459 667 consecuta

193 737 222 773 a
245 714 415 778 sunt.
448 707 530 776 Et
561 709 678 798 qui
705 713 866 776 tunc
905 706 1210 777 habitum
1245 708 1386 776 sine
1425 710 1564 799 ipsa
1590 708 1983 798 professione
2018 712 2081 776 et
2108 707 2460 776 sacratione

191 848 222 887 α
250 827 660 912 assumptum
689 821 1090 914 rejiciebant,
1123 834 1457 914 apostatce
1490 823 1975 914 judicabantur.
2004 821 2459 892 lnexcusabilis

195 963 232 1000 α
259 957 410 1025 ergo
451 959 542 1024 es,
601 936 658 1004 si
709 935 950 1006 demis
1011 943 1309 1006 sanctum
1354 937 1781 1029 propositum,
1834 937 2010 1028 quod
2070 937 2185 1006 diu
2234 937 2460 1005 habitu

205 1077 238 1115 α
271 1057 332 1121 et
371 1051 842 1120 conversatione
892 1052 1178 1144 professa
1223 1073 1330 1137 es3
1397 1053 1699 1142 quamvis
1754 1053 2223 1144 professionem
2274 1071 2455 1121 nunc

203 1193 240 1232 α
267 1167 552 1236 usitatam
581 1189 718 1236 non
752 1167 986 1258 legeris
1012 1173 1078 1238 et
1111 1167 1196 1236 ab
1219 1167 1537 1260 Episcopo
1590 1175 1956 1239 consecrata
1992 1189 2125 1238 non
2162 1167 2385 1237 fueris.
2416 1190 2453 1232 ι)

284 1279 498 1351 Merito
559 1285 778 1373 itaque
831 1281 900 1352 S.
949 1281 1182 1352 Petrus
1229 1283 1533 1352 Damiani
1588 1283 1803 1353 dicere
1848 1284 2057 1376 potuit
2092 1307 2109 1350 ε
2172 1307 2207 1350 α
2256 1279 2460 1350 Tanta

205 1423 240 1462 ι
267 1398 690 1481 veneratione,
733 1403 910 1470 tanta
959 1396 1272 1468 custodiae
1327 1421 1601 1469 censura
1648 1399 2108 1470 monachicum
2158 1397 2459 1468 habitum

198 1539 230 1576 α
255 1515 449 1583 sancti
499 1519 719 1584 Patres
771 1512 1051 1603 dignum
1111 1535 1246 1582 esse
1291 1522 1707 1602 censuerunt,
1744 1523 1821 1585 ut
1859 1538 2023 1607 pene
2070 1536 2459 1607 quocunque

195 1653 226 1692 u
249 1627 438 1698 modo
500 1627 701 1705 illum
761 1629 878 1718 qui
917 1627 1123 1696 semel
1185 1627 1510 1713 indueret,
1570 1630 1979 1720 relinquendi
2036 1631 2456 1722 postmodum

195 1768 226 1804 ι
247 1741 588 1812 licentiam
640 1762 774 1811 non
823 1741 1090 1812 haberet
1131 1741 1250 1834 (1).
1301 1767 1336 1808 5>
1403 1768 1439 1808 «
1487 1743 1675 1827 Ecce,
1730 1747 1909 1830 Juxta
1954 1743 2277 1814 Gelasiani
2328 1744 2454 1814 De-

197 1883 230 1922 κ
257 1857 420 1927 creti
475 1858 888 1946 sententiam,
917 1879 1306 1949 quacunque
1355 1859 1712 1942 occasione,
1734 1861 1989 1928 etiamsi
2036 1860 2219 1929 nulla
2254 1862 2459 1928 inter-

205 1996 236 2035 «
260 1973 473 2040 veniat
529 1993 716 2042 mora
767 1971 1192 2064 probationis,
1245 1972 1545 2064 quisquis
1611 1971 1911 2062 religioso
1977 1973 2207 2041 habitu
2256 1976 2456 2043 semel

201 2089 576 2176 «induitur,
605 2087 898 2158 funditus
953 2087 1078 2156 sibi
1125 2089 1441 2158 redeundi
1468 2089 1551 2158 ad
1582 2088 1895 2158 saeculum
1941 2087 2205 2156 licentia
2250 2087 2457 2156 dene·-

201 2229 230 2268 α
257 2213 438 2296 gatar
486 2205 610 2297 (2).
644 2229 678 2271 n
745 2228 783 2270 (ι
809 2203 1112 2294 AEgrotos
1161 2206 1400 2296 pariter
1446 2211 1511 2272 et
1560 2205 1919 2274 incolumes
1970 2203 2193 2274 eadem
2234 2203 2459 2294 regula

195 2345 224 2382 α
259 2318 779 2412 comprehendit,
827 2340 976 2409 quae
1026 2340 1159 2412 non
1209 2320 1419 2388 solum
1472 2321 1856 2409 voluntarie,
1914 2320 2026 2389 sed
2077 2320 2272 2388 etiam
2322 2321 2457 2390 vio-

197 2435 460 2504 «lenter
515 2453 876 2515 conversos,
934 2432 1104 2502 ultro
1171 2433 1368 2502 etiam
1448 2433 1805 2526 deceptoris
1865 2432 2457 2504 machinationibus

198 2570 614 2638 «persuasos,
667 2547 739 2616 in
821 2547 1046 2616 eodem
1093 2551 1422 2640 proposito
1474 2569 1876 2639 perseverare
1925 2549 2217 2619 decernit
2262 2547 2379 2640 (3).
2413 2573 2448 2615 >2

193 2662 332 2732 lino
363 2665 444 2732 ab
477 2665 604 2732 hac
644 2663 868 2755 regula
905 2685 988 2732 ne
1033 2662 1513 2754 excipiebantur
1552 2661 1821 2753 quidem
1856 2662 1906 2730 ii
1943 2665 2060 2753 qui
2097 2665 2169 2731 in
2211 2665 2455 2732 minori

200 2783 400 2864 aetate,
430 2779 530 2846 vel
557 2790 888 2848 tonsuram
931 2778 1034 2846 vel
1081 2789 1325 2847 vestem
1361 2776 1707 2868 reliqionis
1738 2777 1821 2846 ab
1850 2782 2125 2866 utroque
2153 2782 2267 2845 aut
2296 2777 2458 2844 alte-

201 2900 377 2962 rutro
439 2901 690 2987 parente
761 2896 1178 2985 accepissent,
1233 2894 1336 2962 vel
1398 2894 1615 2984 palam
1678 2891 1799 2960 sub
1862 2897 2207 2984 parentum
2251 2889 2455 2957 oculis

201 3008 478 3080 tulissent
517 3011 608 3103 (4)
655 3034 674 3078 ε
745 3010 1172 3080 censebantur
1228 3012 1473 3100 quippe
1538 3015 1829 3098 parentes
1894 3028 2012 3097 pro
2070 3005 2173 3072 his
2232 3003 2454 3074 liberis

177 3118 435 3195 'tacitam
491 3126 958 3217 professionem
1026 3125 1272 3209 fecisse,
1321 3145 1505 3215 aeque
1574 3145 1651 3192 ac
1708 3122 1758 3191 ii
1826 3121 1943 3212 qui
2001 3140 2231 3211 pueros
2308 3139 2461 3188 suos

199 3243 584 3312 monasteriis
619 3241 1000 3329 offerebant,
1031 3263 1374 3331 nunquam
1422 3240 1655 3310 exinde
1698 3237 1782 3307 ad
1815 3236 2129 3306 saeculum
2160 3255 2455 3304 reversu-

199 3377 334 3428 ros:
387 3359 460 3428 de
523 3359 770 3449 quibus
834 3357 1005 3425 inter
1083 3357 1242 3426 alios
1316 3365 1612 3425 auctores
1662 3353 1917 3423 consuli
1982 3362 2250 3444 possunt
2296 3351 2459 3422 Sua·

193 3472 386 3542 roeius
405 3473 526 3564 (5),
558 3473 888 3542 Haeftenus
918 3471 1034 3563 (6),
1067 3471 1351 3544 Martene
1377 3471 1468 3560 (7)
1500 3476 1564 3538 et
1588 3469 2054 3538 Thomassinus
2083 3467 2197 3558 (8).

251 3721 316 3782 (1)
335 3721 526 3784 opusc.
561 3725 638 3782 16,
659 3733 772 3785 cap.
807 3725 853 3783 ’1,
872 3725 998 3772 tom.
1021 3723 1052 3771 3
1073 3718 1316 3784 operum,
1347 3729 1463 3780 pag.
1502 3717 1607 3767 185.

257 3808 484 3870 mihim,
515 3823 568 3862 c.
604 3811 654 3869 4,
679 3822 728 3872 p.
756 3811 866 3860 183.

253 3895 560 3958 (3)1bid.,c.
602 3899 729 3962 6,p.
767 3899 883 3949 185.

261 3979 325 4042 μ)
362 3979 574 4044 lbtd.,c.
607 3985 656 4045 5,
679 3995 738 4045 p.
772 3984 882 4044 183,
905 3993 968 4032 ex
1007 3979 1203 4032 Concil.
1237 3977 1396 4029 Tolct.
1437 3981 1516 4039 10,
1539 3989 1657 4028 can.
1695 3976 1748 4026 6.
1788 4001 1848 4012 -
1884 3973 1993 4024 Cfr.
2024 3968 2208 4030 Labbe,
2241 3967 2465 4036 Com-ih,

198 4069 233 4118 t.
255 4069 304 4130 ⁶,
321 4067 418 4119 col.
447 4072 554 4123 463.

259 4158 324 4220 (5)
355 4155 524 4209 Tract.
556 4163 608 4218 7,
631 4157 723 4211 lib.
756 4163 806 4220 5,
839 4171 955 4224 cap.
987 4165 1030 4220 1,
1063 4161 1094 4208 2
1118 4160 1172 4208 et
1192 4160 1246 4208 3.

255 4247 320 4308 (Β)
340 4247 549 4312 nisque.
573 4251 824 4309 monast„
853 4247 948 4298 ub.
983 4249 1033 4305 4,
1059 4249 1207 4297 tract.
1241 4247 1284 4306 1,
1307 4257 1423 4308 pag.
1460 4246 1546 4295 351
1572 4247 1625 4294 et
1655 4253 1800 4303 seqq.

259 4336 324 4396 (1)
345 4335 536 4388 Comm.
571 4338 627 4388 iu
647 4335 824 4402 Requl.
852 4337 914 4388 S.
945 4337 1294 4399 Bened.,cap.
1327 4337 1406 4393 59,
1432 4347 1547 4398 pag.
1592 4335 1676 4384 ¹181
1704 4335 1913 4392 etseqq.

265 4424 334 4485 (Β)
353 4423 451 4488 Op.
477 4429 594 4486 cit..
619 4430 757 4490 part.
801 4427 847 4486 1,
873 4424 960 4475 lib.
992 4427 1042 4486 a,
1071 4433 1188 4488 cap.
1219 4425 1282 4473 56
1302 4426 1354 4471 et
1379 4433 1523 4484 seqq.
