2834 4959
1032 335 1183 384 rsns
1230 336 1526 386 stonum.
2293 337 2418 396 283

45 529 47 536 ,
163 464 265 542 tes,
305 457 419 548 qui
470 453 599 524 sub
650 453 968 546 priorum
1014 463 1077 526 et
1133 470 1650 550 procuratorum
1715 459 2242 536 denominatione
2293 467 2424 538 nbn

162 569 807 666 comprehenduntur.

244 687 371 758 Nec
438 685 797 776 requiritur
836 685 1273 778 parochorum
1334 709 1686 759 consensus
1729 689 1800 758 in
1857 712 1934 761 eo
1982 693 2220 764 decreti
2257 695 2424 785 loco,

162 803 265 873 ubi
301 807 657 874 occurrunt
681 821 867 896 yoces
906 801 962 869 is
970 807 1069 886 tae,
1104 823 1185 871 ac
1236 803 1369 872 tali
1392 805 1708 874 erectioni
1755 809 2217 878 consensu-int.
2258 809 2425 882 Nam

45 931 48 968 ¹
168 941 341 990 voces
362 922 495 988 istae
540 917 915 986 reseruntur
953 919 1033 986 ad
1062 939 1365 1010 personas
1412 921 1484 988 in
1509 919 1728 1012 phrasi
1756 933 2189 996 enumeratas.
2225 925 2428 1008 Porro

45 1041 50 1128 ξι
172 1033 241 1104 in
264 1033 491 1126 phrasi,
512 1054 731 1124 neque
754 1031 880 1102 sub
918 1035 1183 1127 proprio
1210 1034 1498 1126 nomine,
1525 1057 1644 1106 nec
1665 1037 1859 1106 etiam
1883 1038 2008 1108 sub
2031 1040 2426 1112 denomina-

45 1139 48 1220 ἰ
169 1149 339 1218 tione
402 1149 737 1218 uiterresse
809 1147 1225 1236 habentium,
1297 1157 1746 1222 memorantur
1807 1155 2098 1246 parochi.
2177 1156 2430 1228 Dicitur

45 1275 47 1282 '
169 1284 411 1356 nempe,
432 1263 565 1332 nisi
586 1263 877 1332 aliorum
900 1277 1338 1334 conventuum
1350 1268 1614 1358 priores
1635 1289 1750 1336 seu
1769 1281 2232 1360 procuratores
2255 1295 2426 1343 erec-

45 1371 48 1414 ·⁵
173 1380 334 1450 timii
382 1381 815 1450 consen-seruit
826 1403 853 1466 ;
878 1387 941 1450 et
970 1388 1111 1472 post
1134 1381 1329 1452 verba
1354 1383 1612 1474 priores
1628 1405 1742 1452 seu
1769 1397 2258 1476 procuratores,
2292 1411 2424 1461 non

169 1493 405 1564 additur
431 1508 497 1564 et
512 1495 805 1586 parochi
820 1517 847 1578 ;
878 1496 1013 1564 imo
1040 1517 1161 1565 nec
1200 1497 1482 1583 additur,
1512 1509 1578 1566 et
1605 1498 1735 1567 alii
1757 1498 2062 1570 interesse
2083 1503 2424 1576 habentes.

244 1611 379 1696 Ast,
404 1612 653 1702 inquis,
683 1612 879 1682 verba
916 1612 1061 1682 haec
1082 1624 1147 1680 et
1183 1611 1315 1682 alii
1336 1612 1646 1684 interesse
1691 1614 2004 1686 habentes
2036 1616 2132 1685 ibi
2179 1619 2424 1691 subau-

168 1729 381 1796 dienda
440 1737 613 1800 sunt.
652 1765 747 1782 —
792 1727 967 1815 Esto,
1012 1727 1460 1799 subaudienda
1517 1731 1670 1814 sint,
1717 1741 2036 1818 quatenus
2087 1735 2428 1826 designant

168 1855 415 1913 coeteros
456 1845 792 1936 reliqiosos
840 1845 1145 1913 interesse
1168 1842 1500 1924 habentes,
1536 1849 1766 1935 praeter
1795 1847 2046 1936 priores
2097 1853 2160 1914 et
2188 1870 2426 1938 procu-

45 2027 47 2030 ,
170 1963 423 2028 ratores.
492 1959 575 2028 At
628 1980 797 2050 nego
862 1980 997 2028 esse
1066 1957 1536 2042 subaudienda,
1599 1964 1918 2046 quatenus
2001 1963 2428 2050 comprehen-

169 2069 383 2142 derent
426 2075 753 2166 parochos.
796 2073 991 2160 Nam,
1012 2079 1089 2142 ut
1136 2093 1332 2165 supra
1372 2071 1802 2160 ostendimus,
1831 2073 2073 2142 harum
2111 2075 2430 2144 constitu-

167 2185 405 2256 tionum
466 2195 633 2258 totus
687 2209 923 2279 scopus
975 2194 1039 2256 et
1094 2191 1428 2256 contextus
1498 2187 1568 2255 in
1655 2185 1724 2255 id
1780 2183 2084 2274 intendit,
2148 2193 2222 2256 ut
2291 2190 2430 2274 jam

168 2305 549 2374 existentium
592 2309 1031 2377 conventuum
1084 2302 1260 2372 laesio
1305 2302 1650 2390 devitetur,
1681 2309 1744 2370 et
1793 2323 2114 2373 novorum
2167 2323 2427 2394 prospe-

168 2419 319 2488 ritati
353 2423 763 2502 consulatur;
822 2443 899 2490 ac
941 2441 1026 2489 ne
1070 2420 1267 2490 verbo
1312 2421 1580 2512 quidem
1639 2420 2016 2512 exprimunt
2055 2417 2422 2508 Pontifices,

172 2553 233 2600 se
264 2555 435 2622 agere
463 2536 545 2604 de
587 2535 851 2604 vitando
888 2533 1302 2604 saecularium
1332 2533 1788 2622 parochiarum
1816 2535 2226 2605 detrimento.
2287 2535 2430 2606 Hoc

174 2651 463 2739 posterius
481 2653 622 2743 juri
670 2649 1006 2720 communi
1047 2651 1203 2739 (quo
1252 2647 1648 2716 sufficienter
1681 2649 1762 2715 de
1801 2649 1926 2716 hoc
1973 2655 2304 2740 provisum
2335 2659 2450 2740 est·

178 2769 255 2827 ut
282 2783 407 2832 mox
452 2765 799 2856 videbitur)
842 2765 1267 2854 reliquerunt.
1322 2759 1536 2845 Unde,
1572 2761 1688 2830 ubi
1732 2760 2082 2851 Gregorius
2118 2764 2243 2834 XV
2269 2785 2428 2832 con-

180 2899 413 2953 sensum
457 2884 732 2975 requirit
763 2883 1079 2975 priorum
1129 2903 1241 2950 seu
1278 2890 1794 2972 procuratorum
1831 2878 2110 2949 aliorum
2152 2901 2432 2950 conven-
2509 2863 2514 2872 ¹

182 3004 373 3084 tuum,
416 3007 619 3096 gratis
658 3013 721 3074 et
765 3003 1018 3074 absone·
1054 3001 1326 3091 fingitur
1368 2999 1894 3070 subaudiendum
1922 3019 2058 3069 esse
2102 3011 2170 3068 et
2205 3023 2427 3092 paro-

268 3231 419 3306 Bene
465 3237 671 3328 potuit
713 3233 1003 3308 Pontifex
1056 3229 1500 3318 subaudiendo
1528 3230 2014 3323 praetermittere
2062 3248 2252 3300 voces
2289 3228 2430 3300 illas

186 3357 253 3413 et
293 3349 427 3418 aliis
442 3353 751 3422 interesse
780 3349 1207 3430 habentibus,
1238 3354 1556 3438 quatenus
1605 3346 1946 3437 designant
1984 3352 2243 3418 caeteros
2269 3369 2430 3440 prae-

186 3459 333 3532 latos
362 3468 719 3558 regularem
756 3469 911 3557 quia
936 3463 1271 3535 nonnullis
1312 3463 1738 3548 enumeratiS,
1767 3459 1950 3530 facile
1996 3462 2170 3534 idem
2195 3461 2432 3532 intelli-

186 3578 432 3666 gebatur
493 3583 573 3652 de
627 3583 873 3652 caeteris
940 3579 1281 3670 religiosis,
1362 3598 1482 3668 pro
1544 3577 1680 3647 suis
1747 3575 2095 3666 respective
2158 3573 2430 3658 muniis,

182 3692 453 3768 interl-sse
496 3697 911 3767 habentibus.
964 3694 1050 3763 At
1082 3715 1235 3764 vero
1296 3694 1347 3761 si
1383 3692 1760 3762 intendisset
1803 3697 1866 3760 et
1901 3689 2216 3783 parochos
2252 3708 2434 3756 com-

186 3809 580 3902 prehendere,
630 3833 1039 3902 nequaquam
1109 3811 1177 3880 id
1238 3808 1766 3879 subaudiendum
1830 3806 2222 3898 reliquisset,
2280 3825 2432 3872 cum

184 3923 399 3996 nullibi
442 3927 525 3997 de
576 3925 836 3996 vitando
881 3925 1337 4018 parochiarum
1382 3923 1769 3994 detrimento
1817 3941 2110 4013 expresse
2181 3919 2435 3988 locutus

184 4048 344 4112 antea
384 4043 601 4114 fuerit.
656 4043 873 4132 Atque
938 4041 1006 4110 id
1064 4042 1273 4132 magis
1340 4039 1732 4131 patefaciunt
1802 4038 2092 4128 proxime
2147 4033 2434 4103 subnexa

185 4157 381 4246 verba,
428 4185 467 4226 α
517 4157 623 4228 vel
662 4157 821 4228 alias
875 4155 1234 4226 ordinariis
1300 4154 1600 4224 locorum
1651 4153 2032 4239 constiterit,
2101 4151 2436 4240 religiosos

189 4291 219 4332 α
242 4280 587 4343 conventus
617 4271 909 4363 erigendi
940 4271 1183 4362 absque
1208 4269 1606 4339 detrimento
1647 4265 2108 4357 reliqiosorum
2154 4268 2225 4335 in
2275 4263 2434 4334 locis

186 4405 218 4446 s
250 4383 623 4476 hujusmodi
648 4386 1025 4480 deqentium
1048 4386 1131 4456 ali
1179 4405 1383 4475 posse.
1402 4409 1440 4448 ι)
1495 4381 1638 4452 Νοιι
1677 4379 1914 4450 dicitur
1958 4381 2200 4474 absque
2227 4381 2435 4450 detri-
