2834 4959
411 402 535 459 488
984 409 1325 458 mcu'rus
1368 408 1450 457 DE
1485 408 1635 457 mut
1681 406 2097 457 nemun.

410 530 629 615 luerit,
668 529 765 599 vel
816 528 1012 599 fuerit
1052 529 1361 599 solemne⁴
1384 550 1538 599 cum
1591 534 1834 598 retenta
1871 527 2150 597 dominii
2196 528 2545 618 capacitate,
2583 551 2660 599 ex

414 645 628 715 nescio
646 666 777 735 qua
798 664 1104 737 expressa
1130 645 1239 715 vel
1265 642 1604 737 implicita
1629 643 1794 713 sedis
1823 641 2210 733 Apostolicae
2239 642 2649 734 dispositione,

410 782 611 853 quam
646 760 942 828 divinans
972 760 1331 851 praesumit.
1377 760 1474 829 En
1519 760 1722 851 ipsius
1766 758 2004 829 verba:
2045 782 2084 823 α
2113 757 2328 827 Posset
2357 760 2652 850 (summus

424 904 459 943 α
509 876 849 965 Pontifex),
880 874 979 945 vel
1022 882 1084 947 1⁰
1132 896 1480 968 agnoscere
1530 881 1602 943 ut
1647 876 1932 945 solemne
1993 880 2214 943 votum
2269 875 2653 966 paupertatis,

421 1022 458 1058 a
480 994 673 1063 etiam
730 1001 971 1064 retento
1019 995 1336 1075 dominio,
1392 998 1455 1061 et
1488 990 1779 1063 abdicato
1831 1013 1956 1061 usu
2004 992 2173 1082 juris
2225 998 2476 1061 tantum
2519 1016 2536 1075 ;
2573 992 2661 1061 vel

426 1136 462 1175 a
490 1108 560 1176 2⁰
584 1115 788 1179 stante
832 1110 1117 1203 simplici
1146 1116 1395 1178 tantum
1428 1106 1819 1200 paupertatis
1848 1113 2020 1188 voto,
2052 1106 2178 1175 alia
2199 1106 2356 1192 duo,
2389 1106 2663 1177 castitatis
2800 1154 2801 1157 ,

428 1250 461 1292 a
488 1232 553 1295 et
576 1224 955 1296 obedientiae
979 1246 1097 1317 pro
1118 1224 1520 1293 solemnibus
1547 1221 1817 1309 habere3
1861 1220 1964 1291 vel
1991 1220 2058 1291 3⁰
2088 1221 2345 1291 efficere
2378 1226 2453 1291 ut
2488 1223 2666 1291 etiam

428 1366 461 1403 (ι
493 1360 648 1410 cum
674 1339 881 1411 tribus
903 1342 1065 1411 votis
1091 1338 1494 1432 simplicibus
1523 1344 1645 1407 stet
1668 1358 1820 1408 vera
1845 1341 1909 1407 et
1935 1336 2194 1428 proprie
2223 1337 2395 1406 dicta
2429 1336 2662 1427 religio.

428 1488 461 1525 a
493 1462 587 1529 Et
604 1460 821 1551 reipsa
834 1460 1375 1551 praesumendum
1405 1469 1502 1529 est
1527 1456 1668 1527 tale
1691 1454 1954 1551 aliquid
1960 1468 2312 1550 peractum
2330 1456 2544 1546 fuisse
2565 1476 2672 1525 ex·
2800 1462 2801 1539 3

430 1602 462 1639 ι
488 1597 708 1665 presse
724 1576 833 1645 vel
848 1576 1178 1667 implicite
1196 1572 1422 1668 quoad
1438 1576 1759 1667 reqiones,
1767 1572 2196 1668 principibus
2213 1570 2541 1640 hoerettbis·
2556 1582 2676 1640 aut
2800 1584 2801 1589 ’

430 1722 463 1760 α
496 1693 871 1785 infidelibus
904 1694 1261 1787 subjectas,
1292 1696 1359 1763 in
1388 1694 1630 1786 quibus
1655 1692 1860 1785 agniti
1887 1698 2328 1786 supponuntur
2363 1690 2494 1758 veri
2522 1688 2676 1759 reli-
2800 1724 2801 1727 ¹

428 1839 464 1877 α
492 1813 681 1903 giosi.
730 1838 766 1879 »
804 1813 924 1905 (De
957 1804 1268 1897 Iustitia,
1306 1834 1371 1881 n.
1414 1810 1602 1901 224.)
1640 1807 1839 1879 Porro
1885 1829 2220 1879 erroneam
2260 1827 2508 1899 prorsus
2540 1827 2676 1875 esse

420 1928 600 1997 illam
630 1927 885 1998 domini
908 1926 1200 1997 Carriere
1227 1927 1584 1996 doctrinam
1613 1924 1705 1994 sic
1731 1926 1956 2017 paucis
1981 1922 2230 1993 ostendi
2260 1928 2457 2014 potest
2484 1945 2502 1989 :

519 2047 581 2114 1⁰
616 2042 1035 2136 Nequaquam
1071 2038 1598 2134 praesumendum
1624 2048 1718 2111 est
1746 2040 2134 2133 paupertatis
2171 2048 2421 2123 votum,
2448 2059 2484 2106 a
2515 2058 2674 2129 prae-

434 2160 575 2227 fatis
614 2160 933 2249 religiosis
989 2160 1326 2242 emissum,
1368 2156 1566 2226 fuisse
1635 2155 1920 2226 solemne
1981 2154 2225 2245 absque
2280 2150 2676 2243 incapacitate

434 2272 735 2357 dominii,
762 2292 837 2339 ex
862 2270 1081 2362 aliqua
1112 2271 1372 2361 speciali
1414 2272 1582 2341 sedis
1623 2270 2005 2362 Apostolicoe
2048 2267 2483 2361 dispositione.
2521 2262 2678 2333 Nam

434 2387 742 2477 praesumi
767 2386 993 2475 nequit
1012 2407 1051 2453 a
1072 2384 1219 2454 sede
1240 2385 1612 2476 Apostolica
1638 2386 1903 2473 iactum,
1927 2384 2100 2474 quod
2125 2390 2220 2453 est
2249 2380 2674 2475 impossibile:

436 2500 615 2587 atqui
650 2498 1047 2588 impossibile
1072 2504 1191 2581 est,
1220 2505 1284 2567 et
1308 2504 1559 2588 pugnat
1585 2499 1655 2567 in
1703 2498 2021 2589 terminis,
2051 2503 2276 2568 votum
2305 2496 2677 2590 paupertatis

436 2632 571 2681 esse
597 2614 881 2683 solemne
909 2636 1063 2683 cum
1104 2598 1459 2683 retentione
1487 2615 1790 2701 dominii,
1821 2621 2011 2707 prout
2037 2635 2240 2705 supra
2273 2636 2426 2683 cum
2451 2610 2676 2681 Suare-

438 2728 535 2799 sio
562 2727 999 2822 probavimus.
1050 2730 1371 2800 Caeterum
1419 2730 1595 2821 quod
1639 2732 1895 2823 proprie
1925 2731 2096 2800 dicta
2145 2730 2274 2799 voti
2315 2726 2674 2821 paupertatis

441 2844 832 2931 solemnitas,
870 2849 1133 2939 praecise
1176 2868 1253 2917 ex
1296 2847 1499 2937 hujus
1558 2848 1996 2939 incapacitatis
2039 2844 2276 2915 effectu
2325 2850 2489 2913 recte
2525 2840 2673 2911 aesti-

444 2968 681 3051 metur,
712 2969 804 3031 est
854 2963 1183 3033 unanimis
1216 2962 1556 3031 doctorum
1604 2962 1943 3032 sententia.
1967 2960 2102 3031 Etsi
2133 2962 2316 3029 enim
2367 2958 2524 3029 varii
2566 2958 2680 3025 sint

443 3077 602 3146 dum
637 3076 1004 3169 expendunt
1044 3076 1117 3146 in
1152 3098 1282 3169 quo
1314 3079 1578 3170 praecise
1622 3076 1988 3169 reponenda
2025 3076 2108 3145 sit
2148 3074 2563 3145 solemnitatis
2593 3092 2676 3139 es-

444 3194 668 3277 sentia,
700 3194 890 3287 plane
911 3199 1127 3263 tamen
1157 3195 1570 3264 consentiunt
1591 3214 1727 3263 esse
1758 3191 2100 3262 intrinsece
2131 3213 2244 3261 seu
2275 3186 2681 3260 essentialiter

448 3308 731 3377 solemne
757 3316 978 3379 votum
1029 3311 1443 3402 paupertatis,
1482 3309 1738 3398 quando
1784 3308 2278 3400 incapacitatem
2303 3300 2557 3375 dominii
2577 3298 2681 3367 in-

448 3422 666 3507 ducit3
724 3444 862 3524 esse
928 3433 1139 3493 autem
1188 3424 1531 3493 intrinsece
1584 3446 1698 3493 seu
1751 3421 2185 3493 essentialiter
2241 3419 2526 3512 simplex,
2567 3416 2676 3485 hoc

449 3540 587 3632 ipso
611 3539 783 3629 quod
810 3539 1107 3610 effectum
1144 3538 1323 3609 hunc
1349 3562 1482 3609 non
1527 3539 1858 3631 producat.
1901 3538 1992 3607 Ex
2018 3559 2150 3628 quo
2177 3536 2392 3630 palam
2425 3534 2493 3601 fit
2515 3532 2680 3602 adac-

445 3662 585 3723 tum
634 3654 831 3723 fuisse
875 3655 1217 3724 dominum
1246 3654 1558 3737 Carriere,
1593 3659 1666 3723 ut
1702 3654 1937 3723 falsum
1965 3674 2164 3723 suum
2187 3660 2464 3743 systema
2497 3656 2678 3716 tuere-

314 3804 321 3813 ·
447 3776 575 3853 tur,
606 3768 683 3836 ad
740 3768 1232 3838 subvertendam
1275 3770 1620 3861 ipsammet
1652 3768 1732 3838 de
1780 3768 2182 3839 solemnitate
2209 3774 2274 3836 et
2304 3761 2674 3858 simplicitate

462 3884 587 3953 voti
618 3886 1002 3976 paupertatis
1036 3886 1391 3955 notionem.

531 3998 842 4069 Praeterea
898 4000 1221 4091 proesumi
1264 4001 1488 4091 nequit
1524 4022 1563 4068 a
1615 3998 1762 4071 sede
1804 4000 2170 4092 Apostolica
2219 3998 2458 4067 factum
2493 3992 2570 4076 id,
2599 3989 2670 4055 de

445 4136 574 4207 quo
618 4115 876 4184 nullum
917 4118 1189 4186 omnino
1242 4116 1592 4207 vestigium
1628 4118 1972 4209 reperitur,
2023 4116 2328 4208 quamvis
2373 4113 2448 4203 (si
2481 4120 2672 4178 revera

446 4227 833 4321 contigisset)
888 4230 1389 4323 quamplurimis
1451 4229 1710 4299 deberet
1767 4228 2208 4299 monumentis
2283 4227 2667 4296 innotescere·

448 4338 647 4411 Porro
674 4342 728 4411 si
756 4350 847 4413 tot
873 4346 1153 4435 religiosi
1180 4346 1632 4417 haereticarum
1659 4353 1722 4415 et
1744 4342 2116 4416 infidelium
2143 4344 2508 4433 regionum,
2542 4350 2666 4425 pro·

441 4452 779 4525 sessionem
802 4460 1149 4530 emittendo
1167 4464 1586 4553 capacitatem
1615 4461 1892 4533 dominii
1912 4460 2352 4544 retinuissent,
2379 4463 2440 4527 et
2465 4446 2668 4523 nihilo·
