2834 4959
1143 346 1294 394 rsns
1331 349 1549 396 rmus.
2414 349 2493 408 93

307 473 362 538 1·
409 463 662 538 Votum
705 465 978 557 simplex
1004 439 1404 558 ’paupertatis
1450 490 1587 538 non
1636 469 1871 540 adimit
1917 471 2287 544 dominium
2320 481 2497 569 quod

229 583 524 667 hebetum
561 580 678 652 sed
721 579 964 669 obligat
1006 581 1417 652 solummodo
1458 584 1541 652 ad
1591 583 1756 654 illud
1798 585 2288 660 dimittendum.
2327 593 2527 667 Nam·

224 706 427 769 votum
467 695 636 766 illud
676 694 844 764 nihil
873 694 1052 764 aliud
1079 701 1178 766 est
1209 719 1410 787 quam
1458 698 1801 789 promissio
1847 697 1983 770 Deo
2016 702 2199 772 lacta.
2250 731 2287 770 α
2316 706 2497 780 Ratio

229 841 268 884 α
287 815 436 902 voti,
477 811 658 881 nude
699 817 766 880 et
801 831 964 900 pure
999 817 1285 902 sumpta,
1335 813 1405 882 in
1454 813 1581 884 hac
1612 815 2037 904 promissione
2082 841 2497 894 consumma-

232 935 414 998 «tur.
451 955 490 994 ι
527 925 809 1017 (Suarez,
854 924 935 994 de
975 926 1338 1018 Reliqione,
1388 935 1658 999 tractatu
1704 932 1772 1020 7,
1814 930 1861 999 l.
1897 931 1966 1019 8,
2016 955 2073 1002 c.
2110 935 2183 1020 5,
2229 959 2299 1004 n.
2354 942 2493 1030 14.)

233 1045 424 1134 Igitur
461 1043 570 1134 qui
627 1063 698 1112 se
745 1045 894 1110 voto
943 1041 1236 1133 simplici
1301 1045 1695 1136 paupertatis
1749 1047 2115 1140 obstringit,
2176 1054 2495 1142 promittit

235 1159 476 1250 quidem
525 1181 594 1228 se
635 1157 930 1234 dominia
973 1178 1094 1227 sua
1127 1155 1581 1228 dimissurum.
1625 1159 1749 1230 Sed
1788 1163 1969 1232 aliud
2008 1172 2103 1234 est
2152 1165 2333 1236 illam
2370 1169 2489 1239 do-

235 1276 400 1344 minii
451 1272 922 1344 abdicationem
975 1273 1376 1364 promittere,-
1413 1275 1591 1346 aliud
1644 1277 1819 1346 illam
1868 1281 2115 1372 exequi.
2170 1281 2299 1364 Qui
2339 1307 2489 1375 pro·

231 1393 406 1460 mittit
448 1412 564 1460 seu
611 1396 797 1458 vovet
841 1389 992 1458 dare
1027 1390 1276 1480 aliquas
1331 1391 1641 1480 pecunias
1692 1394 1759 1462 in
1816 1393 2315 1486 eleemosynam,
2368 1401 2489 1474 hoc

222 1507 340 1577 solo
385 1513 536 1576 actu
587 1503 1004 1598 promittendi
1071 1525 1184 1574 seu
1233 1506 1511 1576 vovendi
1562 1529 1665 1576 eas
1720 1529 1851 1578 uon
1900 1511 2047 1602 dat3
2108 1515 2217 1582 sed
2284 1523 2359 1585 ut
2406 1521 2487 1589 de

217 1625 368 1694 facto
407 1623 650 1692 deutur
693 1621 1086 1691 necessarius
1143 1628 1238 1690 est
1287 1641 1497 1691 novus
1552 1629 1759 1710 actus,
1814 1645 1853 1692 a
1899 1629 2326 1715 promissione
2378 1635 2487 1702 di-

217 1761 448 1822 versus,
495 1757 736 1826 nempe
773 1742 950 1804 actus
983 1733 1374 1805 donationis.
1407 1735 1490 1804 Et
1512 1736 1719 1806 donec
1756 1759 1993 1808 vovens
2031 1761 2135 1810 eas
2178 1749 2486 1834 pecunias

219 1851 292 1920 de
313 1851 476 1922 iacto
499 1851 772 1935 dederit,
807 1871 1032 1920 earum
1075 1851 1382 1919 dominus
1431 1858 1745 1920 remanet.
1797 1851 1875 1919 Et
1902 1858 2205 1942 quamvis
2239 1869 2479 1950 peccet,

226 1969 278 2036 si
311 1974 524 2036 votum
545 1968 720 2036 intra
745 1971 1002 2058 tempus
1027 1963 1324 2033 debitum
1353 1985 1489 2032 non
1518 1972 1893 2054 exequatur,
1946 1973 2163 2035 tamen
2192 1973 2481 2057 quandiu

218 2083 508 2176 pecunias
555 2082 704 2152 illas
755 2103 886 2151 nou
929 2080 1216 2163 donavit,
1251 2101 1481 2149 earum
1532 2079 1903 2150 dominium
1938 2081 2191 2150 retinet.
2239 2083 2484 2156 Pariter

217 2201 318 2292 qui
357 2204 540 2270 vovet
589 2197 845 2289 ingredi
897 2197 1308 2287 religionem,
1361 2196 1490 2264 hoc
1540 2195 1674 2266 solo
1724 2202 1872 2266 actu
1906 2218 2039 2266 non
2088 2197 2477 2289 ingreditur,

215 2336 324 2386 nec
359 2316 431 2384 fit
463 2315 840 2404 religiosus3
882 2311 990 2382 sed
1031 2317 1280 2382 tenetur
1332 2317 1591 2380 tantum
1628 2310 2017 2401 religionem
2050 2314 2327 2404 ingredi.
2374 2315 2481 2389 Sic

213 2451 378 2521 ergo,
409 2429 530 2520 qui
557 2437 744 2498 vovet
777 2448 815 2496 a
843 2447 910 2496 se
946 2426 1196 2496 auferre
1233 2426 1609 2496 dominium
1646 2426 1969 2498 honorum
2018 2449 2289 2500 suorum
2316 2436 2482 2502 tem-

219 2546 554 2635 poralium,
598 2545 720 2613 hac
759 2543 894 2612 sola
931 2537 1356 2634 promissione
1399 2541 1767 2622 dominium
1810 2543 1971 2612 illud
2022 2565 2155 2613 non
2202 2547 2413 2616 aufert
2456 2571 2474 2614 :

227 2679 358 2750 ergo
387 2661 764 2732 dominium
811 2658 973 2728 illud
1026 2659 1152 2750 ipsi
1199 2661 1523 2739 remanet,
1578 2677 1711 2724 non
1762 2655 2053 2726 obstante
2101 2637 2249 2730 voto
2300 2664 2482 2731 abso-

231 2774 364 2846 lutae
409 2776 804 2869 paupertatis
827 2829 848 2862 ,
911 2774 1118 2843 donec
1176 2792 1293 2863 per
1351 2775 1569 2840 actum
1630 2790 1671 2838 a
1741 2776 1885 2838 voto
1951 2771 2311 2853 diversum,
2368 2797 2483 2866 per

231 2893 416 2959 aetum
459 2911 702 2982 nempe
742 2884 1175 2965 alienationiS,
1221 2881 1597 2955 dominium
1648 2881 1812 2952 illud
1864 2903 1903 2950 a
1942 2903 2011 2952 se
2064 2884 2474 2954 abdicaverit.

227 3001 388 3076 Unde
433 3013 664 3077 votum
687 2999 1107 3096 ‘paupertatis
1133 3053 1152 3086 ,
1201 3000 1396 3070 etiam
1460 2999 1979 3080 absolutissimae,
2040 3019 2173 3067 nou
2226 3005 2481 3070 tantum

219 3139 335 3190 uon
379 3123 616 3192 adimit
646 3142 928 3214 praesens
977 3117 1374 3200 dominium,
1407 3113 1517 3184 sed
1566 3136 1686 3184 nec
1738 3121 1943 3206 potest
1990 3134 2103 3204 per
2151 3135 2218 3182 se
2262 3115 2477 3186 solum

221 3234 520 3327 adimere3
561 3237 721 3328 quia
749 3233 1006 3306 tandem
1051 3241 1280 3301 votum
1307 3230 1479 3300 nihil
1514 3229 1693 3300 aliud
1734 3235 1827 3297 est
1855 3249 2053 3318 quam
2098 3231 2471 3319 promissi03

222 3352 282 3415 et
323 3353 674 3440 promissio,
718 3370 796 3420 ex
832 3347 1104 3418 essentia
1138 3363 1280 3429 sua,
1319 3351 1415 3414 est
1454 3345 1533 3414 de
1578 3345 1797 3434 aliquo
1842 3349 1989 3412 actu
2038 3343 2368 3432 faciend03
2405 3366 2479 3414 ac

215 3466 464 3554 proinde
499 3488 638 3536 non
671 3471 768 3534 est
810 3465 920 3532 ille
955 3463 1092 3554 ipse
1117 3469 1300 3532 actus
1342 3460 1695 3530 faciendus.
1732 3455 2215 3549 Consequenter
2251 3468 2475 3528 votum

210 3578 562 3651 dimittendi
625 3580 930 3661 dominii,
969 3599 1102 3648 non
1157 3583 1274 3660 est,
1335 3596 1456 3643 nec
1508 3595 1641 3643 esse
1696 3580 1901 3664 potest
1946 3595 2061 3666 per
2110 3597 2177 3644 se
2232 3574 2471 3654 solum,

205 3693 339 3784 ipsa
363 3695 644 3766 dominii
665 3695 978 3764 dimissio.
1009 3690 1344 3783 (Eamdem
1370 3689 1817 3780 probationem
1848 3693 1967 3759 etsi
2004 3690 2151 3758 aliis
2178 3688 2475 3757 terminis

209 3810 546 3896 evolutam,
593 3810 872 3902 reperies
917 3805 1511 3900 apudSuaresium,
1564 3804 1643 3874 de
1682 3805 2051 3898 Reliqione,
2098 3809 2365 3870 tractatu
2403 3804 2471 3888 7,

213 3921 262 3991 l.
300 3923 358 4010 8,
385 3949 443 3996 e.
475 3927 542 4014 5,
573 3948 644 3995 n.
673 3923 812 4013 14.)

302 4039 365 4106 2⁰
411 4040 763 4110 Prael'atum
803 4045 1024 4108 votum
1071 4059 1202 4107 non
1257 4037 1510 4109 inducit
1555 4033 2034 4106 inhabilitatem
2096 4031 2175 4102 ad
2234 4057 2475 4104 novum

209 4161 419 4246 postea
449 4154 920 4246 acquirendum
959 4153 1350 4222 dominium.
1389 4152 1710 4242 Equidem
1755 4148 1869 4238 qui
1906 4144 2263 4218 absolutam
2304 4155 2477 4220 vovit

209 4279 637 4360 paupertatem
671 4321 689 4356 ,
746 4271 872 4340 hoc
917 4269 1057 4360 ipso
1111 4268 1246 4337 Deo
1296 4269 1597 4359 promisit
1648 4263 1914 4330 nullum
1988 4263 2113 4331 sibi
2176 4285 2469 4353 unquam

213 4386 572 4460 dominium
609 4389 970 4480 acquirere,
1015 4408 1092 4456 ac
1137 4385 1406 4477 proinde
1455 4383 1511 4452 si
1550 4381 1851 4472 deinceps
1898 4379 2177 4469 alicujus
2224 4382 2315 4448 rei
2356 4383 2469 4449 do-
