2834 4959
1105 356 1256 404 ruis
1291 359 1535 407 Teum.
2331 359 2453 418 369

161 489 346 554 tates.
379 463 464 549 In
501 479 688 550 brevi
715 483 937 548 autem
969 499 1086 546 suo
1121 476 1511 548 Benedictus
1540 478 1693 550 XIV
1727 481 1819 549 sic
1856 481 2085 554 habet:
2126 487 2461 568 Quoniam

161 611 396 668 autem
425 595 630 664 nulla
645 592 1024 684 reperiatur
1039 593 1298 661 notitia
1325 593 1549 663 simile
1571 597 2047 666 monasterium
2064 603 2463 674 monialium

161 717 230 784 in
249 713 446 782 dicta
467 712 744 780 civitate
765 730 1065 801 unquam
1089 710 1441 794 exstitisse,
1468 709 1665 780 dictoe
1688 726 2089 804 exponentes
2108 715 2189 785 de
2216 718 2465 788 validi-

163 842 306 899 tate
327 825 778 897 restitutionis
799 837 863 893 εἰ
881 825 1228 894 erectionis
1251 826 1647 895 monasterii
1660 829 1940 918 praefati
1958 828 2273 900 dubitant
2282 854 2312 918 ,·
2332 857 2465 924 qua

158 945 246 1014 de
265 967 472 1014 causa
489 967 532 1012 a
548 941 896 1011 nonnullis
911 941 1122 1010 etiam
1142 939 1222 1009 de
1238 939 1590 1011 validitate
1594 945 2019 1034 professionis
2026 969 2151 1039 per
2164 947 2463 1018 eamdem

167 1057 618 1131 Catharinam
645 1057 922 1141 emissoe,
951 1065 1015 1124 e't
1035 1055 1437 1126 admissione
1461 1054 1657 1126 dictoe
1712 1059 1988 1128 novitios
2014 1062 2249 1130 Μανία»
2284 1086 2465 1132 vere-

168 1189 323 1244 tur.
355 1173 449 1242 Ex
477 1174 608 1242 istis
633 1177 850 1240 autem
879 1171 1096 1240 verbis
1122 1172 1214 1241 sic
1241 1173 1619 1261 arguimus:
1645 1171 1789 1242 ideo
1812 1174 2203 1245 dubitationi
2234 1179 2467 1248 merito

167 1275 370 1359 locus
391 1294 548 1371 erat,
573 1287 724 1376 quia
751 1307 884 1354 non
911 1285 1266 1372 constabat,
1302 1285 1464 1354 olim
1498 1287 1591 1356 ibi
1640 1289 1948 1368 exstitisse
1976 1289 2253 1380 hujusce
2280 1293 2475 1362 insti-

171 1406 308 1473 tuti
349 1409 762 1490 conventum,
801 1423 838 1470 e
879 1421 1012 1491 quo
1055 1402 1367 1470 moniales
1428 1403 1493 1472 vi
1536 1403 1817 1495 expulsae
1864 1405 2157 1476 fuissent.
2203 1407 2375 1497 Ergo
2418 1407 2477 1477 si

171 1519 308 1588 hoc
377 1518 786 1604 constitisset,
879 1522 1054 1586 certo
1125 1518 1334 1612 valida
1407 1519 1789 1588 aestimanda
1856 1521 2077 1590 suisset
2153 1522 2475 1608 fundatio,

173 1634 420 1725 absque
459 1632 802 1708 pontificia
828 1633 1272 1726 etepiscopali
1301 1634 1601 1702 facultate
1635 1642 1913 1725 peracta.
1949 1637 2121 1728 Ergo
2149 1638 2475 1728 regulares

171 1753 288 1842 qui
320 1757 721 1820 conventum
748 1750 1118 1819 habuerunt
1169 1751 1238 1819 in
1266 1750 1483 1840 aliqua
1508 1751 1790 1838 civitate,
1815 1756 2118 1843 quamvis
2168 1758 2357 1826 illum
2409 1771 2476 1837 'vi

170 1866 387 1936 coacti
459 1864 882 1946 deseruerint,
941 1869 1214 1958 possunt
1295 1866 1366 1932 in
1443 1864 1669 1932 eadem
1740 1869 2155 1956 postmodum
2228 1873 2477 1940 civitate

169 1979 344 2050 alias
383 1979 550 2048 aedes
589 1980 710 2047 sibi
741 2000 1140 2071 comparare,
1203 1978 1423 2069 ibique
1452 1980 1941 2050 conventualem
1987 1985 2183 2050 vitam
2236 1985 2471 2062 iterum

172 2117 396 2188 agere,
421 2097 588 2186 quin
623 2115 791 2164 nova
825 2099 1058 2183 egeant
1092 2093 1432 2164 ordinarii
1479 2093 1761 2180 licentia,
1808 2102 1922 2164 aut
1970 2097 2475 2168 formalitatibus

175 2191 726 2304 subJaceant‚'pro
751 2211 934 2278 novis
960 2209 1284 2300 erigendis
1308 2209 1741 2278 conventibus
1767 2212 2113 2300 requisitis.

263 2326 614 2397 Probatur
631 2327 878 2394 4⁰eoe-eo
895 2323 1075 2417 quod
1073 2325 1196 2417 jus
1213 2323 1511 2415 alicujus
1528 2326 2070 2416 eonqreqationis
2086 2341 2477 2396 conventum

175 2441 471 2512 habendi
491 2443 566 2510 in
589 2441 818 2531 aliquo
843 2441 1012 2529 loco,
1039 2463 1180 2510 non
1203 2438 1711 2531 intelliqendum
1736 2439 1828 2509 sit
1852 2442 2209 2534 alliqatum
2236 2467 2316 2512 ac
2338 2466 2477 2513 res-

180 2557 466 2626 trictum
487 2556 593 2624 illi
609 2557 985 2648 superficiei
1013 2569 1232 2643 terroe,
1272 2577 1475 2646 quam
1506 2558 1901 2626 monasterii
1924 2558 2095 2628 oedes
2122 2572 2473 2652 occupant.

91 2665 102 2676 ’
175 2711 272 2724 -
291 2671 580 2758 Etenim,
595 2693 672 2740 ex
691 2671 880 2742 dictis
895 2693 1116 2762 supra,
1139 2668 1555 2760 regularibus
1574 2668 1859 2738 liberum
1878 2671 2167 2742 Ecclesia
2184 2676 2475 2766 reliquit,

173 2793 258 2856 ut
311 2793 699 2856 conventum
762 2807 962 2856 suum
1027 2784 1449 2854 transferrent
1500 2783 1581 2850 ad
1630 2781 1859 2850 ‘alium
1920 2787 2121 2853 situm
2184 2789 2479 2875 ejusdem

173 2902 336 2972 loci.
401 2900 574 2990 Ergo
635 2900 847 2970 noluit
894 2902 1010 2990 jus
1069 2901 1366 2992 ipsorum
1430 2894 1742 2964 existendi
1798 2897 1869 2964 in
1924 2896 2140 2984 aliqua
2196 2898 2473 2985 civitate,

176 3020 380 3092 alicui
406 3019 850 3090 determinatae
899 3019 1270 3109 superficiei
1309 3025 1492 3088 terrae
1534 3041 1671 3088 esse
1722 3015 2082 3107 alligatum.
2120 3015 2293 3106 Ergo
2318 3019 2479 3088 dum

179 3135 618 3206 necessariam
689 3134 838 3204 fecit
885 3134 1218 3202 licentiam
1274 3131 1633 3219 Ordinarii,
1690 3153 1765 3202 eo
1812 3153 2002 3202 sensu
2054 3135 2481 3202 necessariam

179 3251 372 3321 illam
417 3251 856 3319 conditionem
901 3248 1128 3336 voluit,
1177 3255 1254 3318 ut
1291 3249 1495 3318 semel
1538 3251 1685 3318 data
1736 3248 1845 3315 illa
1888 3247 2169 3337 licentia,
2211 3249 2323 3338 jus
2360 3249 2478 3320 ha-

181 3368 422 3436 berent
462 3366 788 3456 regulares
835 3366 901 3434 in
949 3363 1078 3433 hoc
1118 3353 1218 3431 rel
1261 3364 1380 3432 ill-o
1430 3365 1723 3452 ejusdem
1776 3364 2049 3432 civitatis
2102 3372 2215 3436 aut
2261 3367 2482 3436 distri-

183 3489 338 3552 ctus
386 3481 526 3550 loco
565 3488 808 3550 coetum
849 3503 1050 3550 suum
1096 3479 1547 3549 constituendi.
1602 3479 1772 3568 Ergo
1808 3478 2139 3568 regulares
2174 3483 2291 3571 qui
2336 3491 2483 3551 ante

181 3597 662 3690 dispersionem
713 3599 785 3665 in
829 3596 1048 3686 aliqua
1099 3595 1354 3663 civitate
1398 3599 1792 3663 conventum
1850 3593 2137 3683 legitime
2192 3603 2481 3664 erectum

181 3713 544 3799 habebant,
575 3714 700 3781 hoc
733 3713 872 3803 ipso
900 3711 1100 3781 simul
1123 3712 1234 3801 jus
1275 3709 1603 3778 habebant
1626 3710 1696 3778 in
1726 3709 1871 3778 aliis
1899 3709 2189 3801 ejusdem
2215 3710 2489 3781 civitatis

181 3825 473 3912 aedibus,
523 3826 761 3894 relictis
823 3826 1179 3917 prioribus,
1236 3824 1743 3894 conventualiter
1800 3825 2103 3915 degendi.
2138 3823 2265 3908 ,Ex
2324 3827 2489 3895 facto

181 3945 416 4009 autem
461 3939 872 4031 dispersionis
911 3943 1024 4032 jus
1057 3940 1223 4010 illud
1257 3961 1388 4008 non
1431 3941 1819 4009 amiserunt.
1862 3939 2037 4030 Ergo
2074 3940 2291 4008 adhuc
2338 3963 2493 4032 pos-

183 4059 348 4124 sunt
376 4053 620 4145 absque
649 4078 816 4125 nova
855 4055 1184 4123 Ordinarii
1227 4055 1485 4124 licentia
1522 4055 1803 4124 diversas
1844 4077 1881 4123 a
1919 4055 2134 4146 prisco
2184 4076 2301 4124 suo
2337 4077 2495 4125 con·-

186 4175 392 4238 ventu
445 4170 614 4239 aedes
659 4171 965 4241 incolere.
1016 4169 1098 4238 Et
1150 4177 1322 4261 patet
1385 4171 1550 4240 ratio
1614 4190 1732 4237 cur
1807 4170 2175 4259 requiratur
2232 4171 2495 4241 licentia

187 4283 502 4392 Episcopi
555 4291 629 4356 ut
689 4307 896 4356 novus
934 4293 1288 4356 conventus
1331 4287 1398 4356 in
1448 4285 1665 4376 aliqua
1702 4284 1957 4354 civitate
1998 4285 2309 4376 erigatur,
2364 4309 2495 4357 non

195 4405 422 4470 autem
501 4409 598 4490 ut,
685 4403 858 4471 intra
913 4401 1210 4471 eamdem
1261 4401 1585 4472 civitatem
1662 4399 1765 4469 vel
1824 4398 2215 4488 districtum,
2296 4403 2495 4472 situm

489 4525 537 4570 1.
2186 4525 2254 4570 ει
