2834 4959
423 323 545 380 136
993 335 1333 384 TRACTATUS
1379 337 1459 387 DE
1494 339 1643 384 mitt
1689 339 2103 386 anonumum.

509 449 698 531 Quod
741 454 822 522 de
869 467 1156 524 tonsuroe
1209 479 1246 525 a
1307 458 1529 548 pueris
1592 465 1849 546 gestatoe
1896 455 2128 526 effectu
2189 457 2375 526 modo
2424 457 2635 526 dictum
2750 455 2752 508 1

423 571 542 652 est,
611 566 784 636 idem
855 589 932 638 ex
998 571 1378 640 testimoniis
1446 594 1487 640 a
1552 571 1622 642 S.
1673 570 1861 641 Petro
1918 571 2218 644 Damiani
2274 571 2525 640 laudatis
2572 572 2635 639 ad

423 680 670 750 adultos
709 704 965 774 quoque
1009 685 1200 755 debet
1235 687 1535 757 extendi:
1588 707 1825 779 nempe
1878 707 1995 778 per
2038 688 2228 778 plura
2262 686 2485 756 saecula
2522 687 2638 754 reli·

425 793 636 884 gionis
673 803 1006 870 tonsuram
1051 801 1228 870 idem
1279 809 1613 893 operatam
1657 803 1859 874 fuisse
1908 825 1985 872 ac
2036 803 2364 894 religionis
2416 807 2635 882 vestem,

423 915 501 977 ut
545 911 942 1004 quicumque
985 937 1062 986 ex
1107 917 1531 988 saecularibus
1580 919 1969 1010 accipientes
2010 919 2445 1010 poenitentiam
2480 939 2537 984 se
2566 929 2640 981 to·

429 1023 820 1117 condissent,
849 1037 914 1098 et
965 1052 1194 1100 rursus
1237 1034 1729 1123 praevaricantes
1766 1034 1920 1103 laici
1956 1034 2112 1103 facti
2150 1038 2376 1117 essent,
2404 1049 2646 1119 compre-

427 1139 616 1210 hensi
665 1143 748 1212 ab
783 1143 1098 1236 Episcopo
1131 1166 1274 1232 sno,
1323 1147 1406 1216 ad
1448 1149 1899 1238 poenitentiam
1958 1154 2451 1228 revocarentur3
2498 1145 2645 1232 sique

427 1255 741 1326 admoniti
789 1258 870 1326 ad
925 1279 1070 1326 eam
1111 1257 1320 1328 redire
1371 1260 1759 1349 abnuerent,
1786 1281 1938 1330 vere
1964 1269 2057 1346 ,ut
2102 1273 2421 1354 apostatoe
2468 1278 2647 1326 coram

423 1369 732 1440 Ecclesia
797 1373 1221 1444 anathematis
1285 1374 1600 1444 sententia
1670 1375 2263 1446 condemnarentur
2330 1375 2465 1466 (1):
2552 1391 2650 1461 quo

431 1487 676 1555 accedit
701 1485 876 1576 qnod
909 1507 1373 1579 nonnusquam
1409 1488 1937 1579 quibuscunque,
1968 1491 2107 1560 sive
2137 1493 2209 1559 in
2240 1491 2523 1560 canonico
2544 1489 2652 1554 sive

431 1600 504 1668 in
547 1601 927 1672 monachico
976 1604 1228 1688 ordine,
1267 1604 1465 1672 etiam
1514 1605 1655 1673 sine
1692 1623 1921 1674 eorum
1972 1609 2331 1687 voluntate,
2358 1601 2654 1674 tonsuratis
2752 1611 2754 1692 ff

431 1735 760 1805 regressus
816 1719 896 1789 ad
941 1719 1258 1788 saeculum
1311 1721 1508 1789 fuerit
1558 1741 1775 1790 severe
1818 1721 2188 1812 prohibitus
2238 1723 2350 1815 (2).
2392 1719 2467 1788 Ut
2502 1724 2657 1784 ante-

435 1832 606 1901 riora
659 1832 860 1922 hujus
913 1835 1008 1902 rei
1049 1836 1342 1926 exempla
1403 1827 2002 1928 praetermittamus,
2054 1833 2658 1908 consuetudinarium

441 1943 774 2027 Beccense,
833 1946 1006 2018 circa
1059 1948 1281 2018 saeculi
1353 1972 1463 2018 xiv
1527 1951 1821 2041 initium,
1892 1958 1965 2020 ut
2026 1952 2309 2038 videtur,
2356 1953 2660 2024 exaratum,

439 2059 682 2128 indicat
719 2063 912 2130 etiam
956 2069 1100 2132 tum
1149 2064 1478 2149 infirmos,
1500 2066 1662 2133 dum
1702 2088 1838 2157 prae
1888 2067 2097 2136 nimia
2140 2067 2457 2138 debilitate
2480 2077 2665 2130 mona-

441 2174 598 2242 stico
632 2175 858 2245 habitu
904 2177 1092 2248 indui
1125 2180 1300 2248 haud
1347 2191 1632 2271 possent,
1674 2183 1817 2252 sola
1849 2196 2152 2268 tonsura,
2203 2205 2323 2253 nec
2352 2180 2479 2250 ullo
2512 2176 2581 2243 ab
2604 2173 2665 2239 iis

447 2287 689 2376 prolato
717 2290 936 2376 verbo,
968 2294 1136 2364 inter
1172 2297 1526 2366 monachos
1559 2298 1756 2368 tuisse
1793 2305 2115 2390 cooptatos
2144 2299 2259 2392 (3).

535 2402 628 2472 De
671 2405 1174 2502 protessionibus
1221 2433 1510 2502 quoque,
1562 2433 1711 2501 quae
1754 2433 1867 2481 ore
1917 2418 2031 2482 aut
2078 2415 2281 2482 etiam
2328 2410 2547 2502 scripto
2586 2403 2669 2469 fie·
2755 2501 2756 2506 ἵ

446 2519 627 2599 bant,
679 2541 880 2608 pauca
909 2524 1270 2594 annotanda
1311 2525 1497 2595 nobis
1542 2533 1717 2611 sunt,
1754 2533 1829 2595 ut
1878 2527 2289 2616 evincamus,
2316 2547 2433 2596 nec
2490 2523 2551 2589 in
2594 2515 2669 2583 his

446 2635 870 2704 necessariam
928 2637 1122 2708 fuisse
1169 2641 1536 2732 explicitam
1580 2643 1786 2712 trium
1838 2633 2281 2712 consiliorum'
2314 2633 2670 2728 evangelico·

449 2769 602 2818 rum
645 2750 1176 2840 designationem.
1235 2757 1447 2848 Supra
1484 2757 1837 2828 didicimus
1880 2757 1950 2828 S.
1988 2757 2233 2830 Basilio
2274 2759 2483 2826 visum
2520 2749 2677 2818 fuisse
2754 2809 2756 2812 Α

449 2871 892 2956 opportunum
935 2876 1050 2965 ‘ut‚
1099 2871 1388 2942 adhibita
1439 2875 1967 2964 interrogatione,
2016 2875 2285 2944 evidens
2330 2871 2679 2961 acciperetur

451 2981 738 3050 virorum
775 2981 1104 3073 professiO.
1133 2985 1330 3056 Hunc
1366 2988 1477 3057 ille
1512 3011 1763 3058 morem
1798 3009 2023 3080 reapse
2060 2991 2196 3060 suis
2232 2986 2493 3080 Regulis
2536 2973 2681 3048 insti·

369 3117 376 3124 ·
455 3096 603 3181 tuit,
648 3099 891 3188 Jubens
937 3102 1247 3191 propositi
1293 3109 1481 3172 testes
1528 3103 1823 3174 adhiberi
1862 3103 2197 3196 praeiectos
2226 3100 2543 3183 Ecclesiae,
2582 3119 2609 3154 α
2630 3091 2685 3153 ῑῑῑ

463 3235 498 3274 ι(
526 3234 639 3299 per
677 3216 846 3304 ipsos
883 3224 948 3284 et
993 3216 1280 3308 corporis
1337 3219 1769 3291 sanctimonia
1814 3219 1991 3289 velut
2040 3241 2142 3288 res
2196 3220 2493 3310 quaedam
2542 3223 2686 3279 sacra

465 3351 502 3392 a
541 3325 675 3395 Deo
705 3329 1054 3418 dedicetur,
1075 3339 1138 3400 et
1181 3334 1373 3403 firma
1411 3335 1496 3402 sit
1534 3335 1675 3404 haec
1716 3336 1882 3404 actio
1918 3357 2034 3428 per
2068 3335 2517 3404 testimonium
2543 3323 2681 3416 (4)·>’

455 3441 617 3530 Agit
663 3447 879 3512 autem
917 3447 1082 3514 inibi
1117 3447 1198 3516 de
1237 3449 1372 3518 solo
1428 3450 1843 3520 continentia}
1895 3451 2225 3540 proposito
2263 3448 2477 3540 palam
2518 3453 2688 3550 enun-

458 3555 678 3626 tiando
695 3580 714 3641 ;
774 3557 933 3626 dum
979 3568 1192 3630 tamen
1259 3565 1783 3634 manifestissime
1828 3570 2073 3635 constat
2118 3563 2325 3654 ipsius
2384 3553 2694 3629 monachos

461 3693 596 3743 non
645 3673 866 3742 minus
915 3675 992 3744 ad
1030 3687 1472 3768 paupertatem
1520 3688 1584 3750 et
1634 3679 2066 3750 obedientiam
2104 3677 2452 3749 colendam
2490 3673 2549 3739 vi
2580 3682 2695 3759 pr0·

465 3789 652 3878 positi
683 3787 783 3857 sui
821 3788 1019 3858 fuisse
1053 3790 1406 3864 obstrictos.
1468 3794 1748 3876 Dehinc,
1808 3795 2048 3866 saeculo
2101 3793 2463 3862 minimum
2506 3782 2696 3876 quinto

462 3903 752 3984 exeunte,
774 3895 982 3986 qualis
1021 3897 1218 3968 fuerit
1254 3903 1322 3970 in
1366 3902 1676 3971 Orientali
1696 3901 2009 3972 -Ecclesia
2044 3897 2467 3994 professionis
2506 3905 2697 3963 mona-

529 4157 600 4218 (ι)
625 4157 682 4208 S.
719 4155 895 4208 Petrus
922 4153 1162 4215 numiam,
1191 4151 1374 4216 Opusc.
1393 4153 1503 4212 ctt„
1536 4163 1649 4215 cap.
1671 4153 1719 4203 5.

533 4246 599 4307 12)
623 4243 731 4307 ld„
754 4243 872 4296 thid.

525 4335 590 4396 (3)
609 4335 844 4394 Mai-tene,
874 4333 938 4383 de
959 4333 1130 4398 Ante'q.
1173 4328 1316 4381 Eccl.
1344 4329 1461 4387 αἳ..
1489 4331 1595 4378 tom
1620 4331 1669 4390 3,
1693 4339 1806 4392 pag.
1836 4328 1920 4387 64,
1938 4325 2067 4377 edtt.
2095 4325 2278 4386 Paris..
2308 4326 2448 4374 17⁰2.

533 4419 602 4480 (⁴)
623 4417 778 4483 Resp.
817 4421 874 4470 15
897 4422 950 4468 tn
973 4417 1173 4481 aequus
1195 4417 1357 4470 fustus
1389 4418 1636 4477 tractatis,
1658 4419 1786 4467 tom.
1815 4411 2181 4478 20per.,peg.
2212 4415 2329 4462 857.
