2834 4959
315 280 443 341 ⁴22
890 288 1231 338 moruus
1274 290 1357 341 DE
1398 290 1551 339 mm:
1594 290 2010 339 montetum.

314 410 611 481 civiliter
642 409 1163 503 proprietariae,
1219 410 1482 481 nullum
1533 432 1764 481 verum
1801 410 2178 481 dominium
2229 412 2490 483 habere
2545 415 2618 485 in

314 526 513 615 bona,
546 547 695 617 quae
731 525 893 617 ipsis
926 546 967 595 a
1008 526 1153 616 lege
1186 525 1658 613 attribuuntur,
1689 531 1942 595 constat
1983 545 2062 593 cx
2099 526 2357 597 decreto
2385 526 2622 601 Sam-ae

265 638 849 733 -Congregationis
918 640 1001 709 de
1050 644 1472 733 propaganda
1541 641 1694 730 fide,
1761 662 1802 710 a
1845 639 2169 731 Gregorio
2232 641 2397 714 XVI
2449 666 2613 713 con-

182 822 194 833 ,
314 756 595 841 firmato,
634 758 711 825 15
750 755 1113 827 decembris
1164 756 1362 827 1840.
1408 756 1760 827 Decretum
1797 755 1962 827 illud
2009 758 2338 850 superiori
2393 762 2608 851 capite

312 872 679 943 retulimus.
714 871 905 955 Quod
931 878 1151 943 autem
1182 872 1486 944 laudatus
1511 871 1806 943 Pontifex
1853 877 1920 942 et
1961 872 2138 943 dicta
2197 872 2402 945 Sacra
2429 874 2610 945 Con-

311 988 601 1079 gregetio
658 1010 1043 1081 persuasum
1090 988 1363 1059 omnino
1412 987 1788 1076 habuerint,
1845 986 2181 1077 religiosos
2237 988 2366 1058 sub
2427 1012 2606 1081 quo-

311 1124 467 1173 rum
532 1106 803 1175 nomine
880 1104 1055 1175 bona
1128 1104 1660 1173 communitatis-
1697 1101 2170 1191 inscribuntur,
2229 1102 2386 1173 licet
2467 1108 2608 1175 sint

312 1218 605 1295 civiliter
662 1220 991 1291 bonorum
1044 1218 1309 1289 illorum
1366 1218 1648 1307 domini,
1677 1216 1944 1287 nullum
1971 1224 2188 1288 tamen
2213 1240 2448 1289 verum
2487 1222 2606 1291 do-

312 1334 601 1406 minium
628 1336 700 1404 in
730 1356 803 1403 ea
826 1335 1091 1418 habere,
1114 1335 1223 1405 sed
1252 1354 1387 1405 esse
1414 1355 1628 1405 meros
1653 1334 1750 1405 rei
1785 1332 2163 1417 monasterii
2183 1342 2602 1405 conservato—

311 1470 441 1531 res,
468 1472 545 1521 ex
570 1450 811 1521 decreti
864 1451 1071 1540 ipsius
1094 1456 1314 1538 tenore
1360 1450 1638 1541 planum
1693 1456 1810 1519 est.
1849 1448 2032 1521 Stare
2063 1470 2212 1541 ergo
2257 1456 2472 1541 potest
2522 1452 2596 1519 in

312 1563 633 1653 religiosis
658 1562 939 1633 dominii
964 1565 1383 1657 incapacitas,
1414 1565 1718 1657 quamvis
1739 1565 1938 1635 etiam
1961 1564 2091 1635 sint
2117 1562 2386 1633 civiliter
2413 1584 2584 1655 pro-

310 1678 624 1769 prietarii.

403 1886 489 1959 X.
550 1888 731 1961 Stare
781 1912 964 1984 posse
1013 1896 1315 1965 votorum
1370 1890 1844 1965 solemnitatem
1899 1912 1976 1963 ac
2015 1887 2309 1961 dominii·
2337 1890 2600 1983 incapa-

314 2003 571 2075 citatem
612 2028 765 2075 cum
808 2006 951 2099 lege
996 2006 1292 2079 saeculari
1356 2029 1502 2079 eam
1556 2028 1692 2078 non
1747 2011 2164 2099 agnoscente,
2211 2005 2444 2097 probat
2487 2005 2596 2073 in-

315 2139 513 2208 super
540 2120 827 2209 conditio
872 2122 944 2190 in
996 2143 1129 2212 qua
1169 2122 1500 2213 regulares
1543 2121 1800 2210 Angliae
1851 2128 1916 2193 et
1943 2119 2280 2191 Hiberniae
2324 2140 2366 2189 a
2395 2118 2596 2189 tribus

315 2232 521 2303 ferme
547 2234 801 2303 saeculis
827 2236 1059 2307 versati
1086 2242 1245 2307 sunt
1274 2243 1335 2305 et
1370 2237 1742 2313 hodiedum.
1759 2243 2120 2309 versantur.
2180 2234 2439 2307 Patebit
2465 2234 2596 2303 hu-

310 2348 495 2436 jusce
532 2348 902 2435 argumenti
952 2352 1077 2431 vis„
1128 2351 1183 2419 si
1239 2372 1389 2421 vera
1449 2352 1803 2443 probentur
1825 2352 1952 2423 tria
1975 2352 2117 2421 haec
2151 2376 2168 2419 ε
2207 2352 2272 2419 1⁰
2321 2356 2456 2419 toto
2481 2350 2596 2420 hoc

316 2460 523 2529 trium
563 2462 951 2533 saeculorum
1020 2470 1231 2535 tractu
1278 2472 1758 2557 perseveranter
1813 2474 1882 2537 et
1917 2468 2080 2539 sine
2131 2464 2600 2555 interruptione

319 2575 609 2647 exstitere
660 2576 987 2647 dictarum
1065 2580 1409 2670 regionum
1489 2582 1844 2673 regular-ee,
1923 2602 2210 2673 quorum
2275 2580 2470 2651 multi
2524 2581 2594 2651 in

319 2689 525 2780 patria
568 2691 761 2761 etiam
812 2714 931 2763 sua
1000 2692 1358 2765 solemnem
1412 2697 1876 2786 professionem
1945 2694 2362 2779 emittebant,
2421 2701 2602 2784 atquc

320 2803 391 2874 in
434 2824 509 2875 ea
552 2805 894 2897 degebant.
964 2808 1034 2877 2⁰
1105 2808 1447 2880 Saecularis
1505 2812 1831 2881 dictarum
1909 2811 2256 2901 regionum
2302 2814 2602 2899 potestas,

320 2926 451 2991 toto
478 2922 685 2991 ferme
716 2922 803 3015 (1)
841 2922 965 2996 hoc
1018 2928 1331 3015 tempore,
1392 2946 1501 2995 eos
1548 2946 1684 2995 non
1725 2914 1990 3015 habuit,
2029 2925 2197 2995 sicut
2245 2945 2375 2993 nec
2419 2922 2601 2996 hodie

324 3056 433 3109 eos
474 3035 691 3125 habet,
742 3043 1051 3129 tanquam
1108 3037 1480 3130 religiosos3
1528 3038 1639 3109 sed
1691 3038 1837 3139 aliis
1896 3038 2330 3131 temporibus,
2381 3058 2487 3107 eos
2525 3034 2604 3105 ad

325 3172 550 3223 necem
596 3153 979 3243 perquisivit
1014 3159 1126 3223 aut
1152 3152 1225 3221 in
1271 3154 1538 3223 exilium
1581 3154 1852 3245 expulit,
1885 3153 2028 3223 aliis
2060 3174 2214 3225 vero
2243 3154 2410 3243 ipsos
2433 3151 2602 3219 intra

327 3266 489 3336 fines
518 3269 739 3357 patria-2
762 3268 996 3359 degere
1022 3269 1313 3359 permisit
1351 3276 1661 3364 tanquam
1728 3290 1940 3342 meros
1993 3268 2188 3355 cives,
2241 3266 2502 3335 nullum
2534 3264 2603 3330 in

330 3381 423 3451 eis
483 3379 756 3452 dominii
820 3383 1307 3475 incapacitatem
1364 3390 1478 3453 aut
1527 3388 1826 3453 votorum
1873 3382 2354 3453 solemnitatem
2407 3398 2602 3469 agno·

331 3518 541 3567 scens.
590 3494 660 3565 3⁰
689 3494 1020 3567 Solemnia
1042 3495 1241 3581 fuisse
1267 3497 1534 3567 illorum
1563 3498 2018 3588 religiosorum
2043 3499 2192 3565 vota
2228 3510 2596 3585 persuasum

330 3610 479 3701 fuit,
548 3618 691 3681 tum
744 3612 879 3683 sedi
933 3612 1349 3704 Apostolieae,
1390 3618 1535 3683 tum
1587 3610 1880 3685 romanis
1955 3608 2598 3701 Congregationibus,

332 3732 473 3793 tum
510 3724 826 3817 religiosis
851 3725 1191 3795 ordinibus
1220 3724 1301 3795 ad
1324 3748 1488 3817 quos
1511 3727 1842 3817 regulares
1864 3720 1965 3795 illi
1996 3722 2434 3817 pertinebant,
2468 3726 2598 3787 tum

212 3886 221 3895 ·
330 3841 706 3913 doctoribus
762 3839 1093 3911 catholicis
1146 3841 1477 3911 omnibuS.
1530 3839 1730 3913 Porro
1781 3846 1954 3913 certa
1997 3839 2272 3911 omnino
2313 3856 2446 3919 esse
2473 3833 2598 3901 baec

332 3958 457 4029 tria
488 3959 681 4049 plene
708 3963 1119 4049 compertum
1162 3955 1426 4027 habebit
1459 3956 1682 4047 lector,
1714 3957 1771 4027 si
1819 3955 1924 4027 vel
1973 3956 2251 4024 unicum
2289 3946 2594 4044 pervolvat

400 4172 473 4239 (l)
520 4172 742 4225 Dicimus
780 4174 963 4237 ser-me,
1011 4174 1132 4237 quia
1170 4170 1265 4223 sub
1302 4173 1474 4234 regina
1495 4170 1740 4222 catholica
1767 4171 1940 4230 Maria,
1969 4171 2023 4220 et
2049 4164 2376 4233 postmodum
2397 4158 2490 4211 sub
2507 4156 2596 4208 alto

335 4272 471 4327 rege,
494 4264 559 4315 ad
600 4275 832 4314 normam
864 4262 1101 4315 catholici
1144 4261 1394 4327 dogmatis
1425 4262 1674 4313 restitutae
1707 4272 1789 4313 res
1805 4258 2174 4323 aliquantisper
2195 4254 2335 4308 ruere
2355 4272 2370 4313 ς
2387 4248 2474 4302 sed
2495 4247 2592 4299 hec

336 4362 442 4402 non
467 4350 831 4415 perdurarunt.
1470 4354 1476 4359 ’
