2834 4959
1120 312 1273 359 mus
1317 307 1558 359 unm.
2387 310 2506 371 501

238 428 580 505 nonnullas
626 427 937 496 duntaxat
990 446 1069 495 ex
1132 427 1215 495 iis
1272 425 1816 496 declarationibus
1863 426 1976 499 hie
2033 430 2178 499 subi
2178 431 2510 520 jiciemus.

316 548 487 617 lnter
524 542 651 613 alia
696 540 943 629 dubia,
985 538 1211 609 Galliae
1257 540 1568 609 moniales
1613 542 2046 632 respicientia,
2092 545 2520 635 postulaverat

236 658 737 735 Cenomanensis
764 655 1153 749 EpiscopuS,
1184 657 1254 726 2“’
1280 676 1375 725 an
1406 666 1638 723 votum
1691 655 2108 747 inqrediendi
2131 659 2520 751 reliqionem

232 776 370 847 sedi
428 771 827 868 Apostolicoe
879 768 1101 839 adhuc
1136 762 1224 838 sit
1266 772 1722 838 reservatum?
1759 768 1879 841 Die
1906 781 2122 841 autem
2153 774 2194 841 2
2233 777 2520 865 januarii

241 890 415 961 1836
446 908 827 981 responsum
869 889 964 955 est
1010 910 1027 953 t
1084 884 1197 953 Ad
1229 883 1613 967 secundum,
1643 886 2062 977 affirmative
2090 912 2114 953 .·
2154 888 2270 957 sed
2291 903 2520 961 votum

234 1003 535 1073 mulieris
577 1003 771 1093 eujus
809 1000 1095 1069 intentio
1136 1000 1495 1091 respexerit
1524 1000 1618 1069 ad
1653 1002 2060 1070 monasteria
2086 1016 2300 1095 prout
2341 1028 2520 1077 nunc

236 1120 311 1189 in
342 1118 585 1189 Galliis
621 1116 947 1201 existunt,
1004 1134 1140 1184 non
1184 1128 1284 1184 est
1311 1127 1724 1185 reservatum
1741 1137 1773 1202 ;
1799 1116 1956 1209 quia
1979 1118 2228 1187 scilicet
2255 1143 2522 1191 monas-

241 1233 403 1303 teria
428 1231 655 1301 eadem
695 1252 742 1300 a
786 1228 935 1299 sede
960 1228 1375 1321 Apostolum,
1423 1230 1706 1298 attentis
1745 1230 2199 1321 peculiaribus
2233 1234 2522 1303 circum-

234 1344 531 1434 stantiis,
568 1368 708 1415 non
761 1356 1087 1436 tanquam
1138 1343 1398 1413 ordines
1451 1366 1598 1413 vere
1643 1357 1709 1413 et
1733 1346 2010 1437 proprie
2050 1346 2370 1440 reliqiosi,
2411 1349 2527 1419 sed

234 1465 347 1535 uti
384 1462 857 1554 piissimarum
904 1458 1205 1551 familiae
1252 1460 1676 1551 feminarum
1727 1462 2176 1532 aestimantur.
2228 1464 2523 1535 Notanda

230 1586 451 1651 autem
479 1584 635 1649 sunt
675 1577 893 1659 verba,
924 1598 1073 1666 quae
1114 1580 1250 1645 suis
1292 1576 1472 1645 hisce
1521 1576 1741 1646 dubiis
1789 1579 2191 1668 praemiserat
2225 1558 2522 1653 laudatus

230 1694 741 1765 Cenomanensis
766 1692 1055 1761 Antistes
1100 1712 1121 1761 ε
1168 1692 1359 1777 Cum,
1401 1714 1484 1759 ex
1499 1689 1752 1782 pluries
1795 1690 2043 1774 decisis,
2071 1706 2232 1763 vota
2255 1686 2522 1767 monia·

228 1811 411 1881 lium
454 1810 531 1877 in
562 1789 811 1895 Gallia,
864 1806 975 1875 uti
1011 1806 1351 1899 simplicia
1392 1829 1438 1874 a
1477 1804 1714 1875 saneta
1761 1806 1930 1875 Sede
1965 1809 2406 1899 aestimentur,
2428 1832 2524 1880 se-

232 1924 521 2017 quentia
555 1934 913 1991 nascuntur
940 1922 1231 1995 dubia...
1266 1922 1647 2015 (Gautrelet‚
1675 1907 1852 1991 Etat
1877 1921 2227 2013 reliqieusc,
2260 1930 2416 1993 tom.
2447 1926 2520 2014 2,

236 2061 391 2130 pag.
430 2036 589 2123 271,
619 2038 769 2107 edit.
810 2037 1025 2128 1853).

328 2152 449 2223 Die
489 2154 575 2222 23
614 2155 900 2244 januarii
939 2154 1139 2239 1821,
1170 2152 1250 2222 ad
1284 2153 1616 2244 quoddam
1659 2153 2031 2246 quaesitum,
2064 2175 2100 2222 e
2127 2153 2521 2225 Nannetensi

228 2268 499 2339 dioeeesi
560 2267 954 2361 expeditum,
1006 2269 1339 2360 respondit
1404 2268 1600 2340 Sacra
1661 2252 2140 2341 Poenitentiaria
2202 2291 2219 2336 ε
2301 2270 2524 2340 Novas

238 2381 635 2453 Gallias-um
656 2381 1010 2465 mmiales,
1047 2404 1195 2473 quae
1217 2382 1616 2475 institutum
1666 2382 1944 2476 aliquod
1979 2383 2370 2475 reliqiosum
2395 2404 2526 2454 see·
2639 2364 2646 2371 ’

236 2507 506 2586 tantur,
538 2498 611 2565 in
632 2518 759 2589 quo
786 2496 1145 2572 secundum
1165 2498 1307 2588 ejus
1324 2500 1844 2589 acceptationem
1866 2512 2066 2591 atque
2092 2500 2524 2593 approbatio·-

236 2633 393 2681 nem
415 2612 501 2681 ab
532 2614 585 2680 A
584 2612 917 2703 postoliea
942 2611 1093 2681 sede
1114 2613 1402 2704 factam,
1433 2615 1910 2703 professionem
1937 2617 2288 2685 solemnem
2319 2638 2398 2685 ae
2419 2637 2524 2687 so·

238 2725 495 2795 lemnia
522 2738 687 2795 vota
707 2728 1027 2799 emittere.
1050 2727 1381 2812 deberent,
1404 2741 1471 2796 et
1515 2726 1950 2795 nihilominus
1965 2752 2093 2819 per
2145 2742 2528 2819 temporum

238 2842 808 2925 circumstantias,
860 2854 1061 2933 atque
1104 2864 1188 2911 ex
1213 2842 1524 2934 praefatis
1559 2840 1954 2927 rationibus,
1987 2854 2146 2909 vota
2187 2840 2530 2913 duntaxat

230 2957 581 3049 simplicia
618 2957 813 3027 modo
839 2969 1265 3049 nuncupant,
1298 2957 1621 3026 moniales
1659 2960 1953 3048 profecto
1981 2955 2167 3037 istas,
2197 2954 2351 3023 licet
2377 2978 2528 3025 ma·-

236 3072 437 3141 oeima
478 3070 1043 3141 commendatione
1061 3072 1285 3164 diqnoe
1320 3074 1485 3158 sint,
1517 3070 1696 3149 dum
1704 3072 1830 3141 hac
1854 3070 2088 3139 saltem
2109 3070 2366 3139 ratione
2395 3075 2528 3141 Deo

234 3186 523 3255 interbn
562 3186 810 3255 servire
861 3186 1158 3276 student,
1188 3188 1369 3279 ipsas
1422 3197 1646 3255 tamen
1695 3186 1766 3263 in
1819 3185 2048 3255 ordine
2095 3208 2174 3253 ac
2211 3183 2532 3276 reliqione

234 3330 369 3379 sua
397 3328 543 3375 vere
582 3308 909 3398 professas
945 3307 1084 3377 dici
1112 3330 1193 3375 ac
1234 3307 1480 3377 censeri
1533 3328 1670 3377 non
1681 3328 1898 3399 posse.
1948 3305 2330 3398 (Gautrelet,
2361 3289 2532 3377 Etat

234 3423 603 3513 alifien-v,
650 3428 803 3491 tom.
848 3422 921 3507 2,
964 3444 1113 3513 pag.
1166 3422 1325 3507 281,
1358 3423 1514 3493 edit.
1558 3422 1784 3514 1853.)

332 3536 454 3607 Die
474 3536 563 3605 28
602 3536 972 3607 novembris
1009 3536 1181 3605 1818
1209 3538 1290 3606 ad
1320 3538 1716 3627 superiorem
1747 3536 2174 3607 Nannetensis
2202 3536 2537 3626 seminarii

238 3675 633 3745 responsum
694 3661 839 3723 est:
906 3658 1145 3725 Votum
1185 3656 1642 3747 paupertatis,
1673 3653 1856 3746 quod
1903 3676 2096 3723 novoe
2151 3653 2538 3724 Galliarum

236 3770 593 3861 reliqiosce,
620 3769 977 3840 seeundum
1007 3771 1369 3841 articulum
1400 3795 1444 3839 a
1464 3771 1790 3863 qubernio
1825 3769 2161 3861 adjectum
2192 3770 2535 3854 emittunt,

234 3906 382 3953 non
425 3906 557 3954 esse
583 3884 895 3975 solemne,
926 3909 1079 3955 eum
1107 3910 1229 3979 per
1256 3886 1435 3955 illud
1472 3887 1792 3958 bonorum
1838 3908 2116 3955 suorum
2157 3884 2542 3976 proprieta-

237 4014 381 4073 tem
424 4026 505 4073 ac
528 4003 906 4073 dominium
930 4005 1147 4075 adhuc
1169 4007 1532 4077 retineant.
1583 4005 1870 4077 Proinde
1892 4028 2010 4077 nee
2031 4004 2368 4074 solemnia
2406 4024 2544 4075 esse

236 4119 393 4189 alia
414 4118 549 4189 duo
575 4131 735 4189 vota
776 4122 1107 4191 castitatis
1142 4135 1208 4191 et
1236 4121 1712 4195 obedientioe...
1761 4122 2144 4216 (Gautrelet,
2173 4105 2237 4189 Ε
2241 4131 2346 4189 tat
2393 4116 2546 4189 reli-

242 4232 485 4322 qim,
510 4240 667 4303 tom.
701 4234 775 4321 2,
804 4252 955 4325 pag.
990 4235 1150 4325 270,
1195 4236 1349 4305 edit.
1389 4235 1618 4328 1853.)

334 4346 517 4437 Ergo
568 4371 795 4420 revera
863 4349 1107 4442 pluries
1161 4373 1200 4423 a
1229 4348 1426 4423 Sacra
1456 4350 1940 4423 Poenitentiaria
1973 4352 2384 4423 declaratum
2423 4355 2542 4433 est,
