<?xml version="1.0" encoding="UTF-8"?>
<!DOCTYPE html PUBLIC "-//W3C//DTD XHTML 1.0 Transitional//EN"
    "http://www.w3.org/TR/xhtml1/DTD/xhtml1-transitional.dtd">
<html xmlns="http://www.w3.org/1999/xhtml" xml:lang="en" lang="en">
 <head>
  <title>
</title>
<meta http-equiv="Content-Type" content="text/html;charset=utf-8" />
  <meta name='ocr-system' content='tesseract 3.04.00' />
  <meta name='ocr-capabilities' content='ocr_page ocr_carea ocr_par ocr_line ocrx_word'/>
</head>
<body>
  <div class='ocr_page' id='page_1' title='image "./tractatusdejure01unkngoog_0701.png"; bbox 0 0 2834 4959; ppageno 0'>
   <div class='ocr_carea' id='block_1_1' title="bbox 1219 322 2459 380">
    <p class='ocr_par' dir='ltr' id='par_1_1' title="bbox 1219 322 2459 380">
     <span class='ocr_line' id='line_1_1' title="bbox 1219 322 2459 380; baseline 0.004 -6"><span class='ocrx_word' id='word_1_1' title='bbox 1219 326 1425 376; x_wconf 68' lang='lat' dir='ltr'><strong>mnu.</strong></span> <span class='ocrx_word' id='word_1_2' title='bbox 2336 322 2459 380; x_wconf 81' lang='grc'><strong>683</strong></span> 
     </span>
    </p>
   </div>
   <div class='ocr_carea' id='block_1_2' title="bbox 245 442 2464 869">
    <p class='ocr_par' dir='ltr' id='par_1_2' title="bbox 306 442 2306 513">
     <span class='ocr_line' id='line_1_2' title="bbox 306 442 2306 513; baseline -0.004 -6"><span class='ocrx_word' id='word_1_3' title='bbox 306 451 558 507; x_wconf 82' lang='lat' dir='ltr'><strong>lemnihus</strong></span> <span class='ocrx_word' id='word_1_4' title='bbox 577 447 838 503; x_wconf 56' lang='lat' dir='ltr'><strong>carentem</strong></span> <span class='ocrx_word' id='word_1_5' title='bbox 860 444 935 492; x_wconf 86' lang='lat' dir='ltr'><strong>ita</strong></span> <span class='ocrx_word' id='word_1_6' title='bbox 948 444 1122 493; x_wconf 87' lang='lat' dir='ltr'><strong>tamen</strong></span> <span class='ocrx_word' id='word_1_7' title='bbox 1143 447 1204 494; x_wconf 92' lang='lat' dir='ltr'><strong>ut</strong></span> <span class='ocrx_word' id='word_1_8' title='bbox 1226 442 1290 493; x_wconf 89' lang='lat' dir='ltr'><strong>ab</strong></span> <span class='ocrx_word' id='word_1_9' title='bbox 1309 442 1531 497; x_wconf 82' lang='lat' dir='ltr'><strong>Ecclesia</strong></span> <span class='ocrx_word' id='word_1_10' title='bbox 1550 445 1792 509; x_wconf 67' lang='lat' dir='ltr'><strong>tolerata,</strong></span> <span class='ocrx_word' id='word_1_11' title='bbox 1810 458 1913 497; x_wconf 86' lang='lat' dir='ltr'><strong>nou</strong></span> <span class='ocrx_word' id='word_1_12' title='bbox 1936 450 2109 499; x_wconf 85' lang='lat' dir='ltr'><strong>autem</strong></span> <span class='ocrx_word' id='word_1_13' title='bbox 2124 460 2306 513; x_wconf 88' lang='lat' dir='ltr'><strong>appro-</strong></span> 
     </span>
    </p>

    <p class='ocr_par' dir='ltr' id='par_1_3' title="bbox 245 530 2453 695">
     <span class='ocr_line' id='line_1_3' title="bbox 304 530 2453 591; baseline -0 0"><span class='ocrx_word' id='word_1_14' title='bbox 304 539 434 591; x_wconf 83' lang='lat' dir='ltr'><strong>batae</strong></span> <span class='ocrx_word' id='word_1_15' title='bbox 467 536 660 587; x_wconf 82' lang='lat' dir='ltr'><strong>censeri</strong></span> <span class='ocrx_word' id='word_1_16' title='bbox 687 530 902 583; x_wconf 85' lang='lat' dir='ltr'><strong>debeant</strong></span> <span class='ocrx_word' id='word_1_17' title='bbox 909 563 2293 590; x_wconf 84' lang='grc'><strong>.............................................</strong></span> <span class='ocrx_word' id='word_1_18' title='bbox 2368 540 2453 590; x_wconf 75' lang='grc'><strong>221</strong></span> 
     </span>
     <span class='ocr_line' id='line_1_4' title="bbox 245 620 2308 695; baseline 0 -17"><span class='ocrx_word' id='word_1_19' title='bbox 245 627 533 695; x_wconf 68' lang='lat' dir='ltr'><em>propositio</em></span> <span class='ocrx_word' id='word_1_20' title='bbox 575 622 677 675; x_wconf 63' lang='grc' dir='ltr'><strong>Νι.</strong></span> <span class='ocrx_word' id='word_1_21' title='bbox 727 622 828 671; x_wconf 79' lang='lat' dir='ltr'><strong>Lex</strong></span> <span class='ocrx_word' id='word_1_22' title='bbox 875 620 1241 683; x_wconf 79' lang='lat' dir='ltr'><strong>Ecclesiastica‚</strong></span> <span class='ocrx_word' id='word_1_23' title='bbox 1287 620 1555 685; x_wconf 78' lang='lat' dir='ltr'><strong>prohibens</strong></span> <span class='ocrx_word' id='word_1_24' title='bbox 1592 622 1866 677; x_wconf 85' lang='lat' dir='ltr'><strong>mulierum</strong></span> <span class='ocrx_word' id='word_1_25' title='bbox 1895 629 2308 691; x_wconf 77' lang='lat' dir='ltr'><strong>congregationes</strong></span> 
     </span>
    </p>

    <p class='ocr_par' dir='ltr' id='par_1_4' title="bbox 305 708 2301 778">
     <span class='ocr_line' id='line_1_5' title="bbox 305 708 2301 778; baseline 0 -11"><span class='ocrx_word' id='word_1_26' title='bbox 305 717 538 767; x_wconf 85' lang='lat' dir='ltr'><strong>clausura</strong></span> <span class='ocrx_word' id='word_1_27' title='bbox 551 715 602 763; x_wconf 89' lang='lat' dir='ltr'><strong>et</strong></span> <span class='ocrx_word' id='word_1_28' title='bbox 613 710 744 762; x_wconf 77' lang='lat' dir='ltr'><strong>votis</strong></span> <span class='ocrx_word' id='word_1_29' title='bbox 755 708 1066 761; x_wconf 74' lang='lat' dir='ltr'><strong>solemnibus</strong></span> <span class='ocrx_word' id='word_1_30' title='bbox 1078 711 1308 760; x_wconf 79' lang='lat' dir='ltr'><strong>carentes</strong></span> <span class='ocrx_word' id='word_1_31' title='bbox 1317 746 1332 771; x_wconf 88' lang='lat'><strong>,</strong></span> <span class='ocrx_word' id='word_1_32' title='bbox 1348 724 1451 762; x_wconf 88' lang='lat' dir='ltr'><strong>non</strong></span> <span class='ocrx_word' id='word_1_33' title='bbox 1470 712 1681 775; x_wconf 84' lang='lat' dir='ltr'><strong>impedit</strong></span> <span class='ocrx_word' id='word_1_34' title='bbox 1700 714 1823 777; x_wconf 89' lang='lat' dir='ltr'><strong>quin</strong></span> <span class='ocrx_word' id='word_1_35' title='bbox 1840 726 1985 765; x_wconf 73' lang='lat' dir='ltr'><strong>uovae</strong></span> <span class='ocrx_word' id='word_1_36' title='bbox 2005 714 2094 778; x_wconf 81' lang='lat' dir='ltr'><strong>huj</strong></span> <span class='ocrx_word' id='word_1_37' title='bbox 2102 716 2301 767; x_wconf 77' lang='lat' dir='ltr'><strong>asmodi</strong></span> 
     </span>
    </p>

    <p class='ocr_par' dir='ltr' id='par_1_5' title="bbox 309 796 2464 869">
     <span class='ocr_line' id='line_1_6' title="bbox 309 796 2464 869; baseline 0.001 -13"><span class='ocrx_word' id='word_1_38' title='bbox 309 796 716 869; x_wconf 72' lang='lat' dir='ltr'><strong>congregationes</strong></span> <span class='ocrx_word' id='word_1_39' title='bbox 743 798 1122 852; x_wconf 79' lang='lat' dir='ltr'><strong>ordinariorum</strong></span> <span class='ocrx_word' id='word_1_40' title='bbox 1140 802 1443 852; x_wconf 86' lang='lat' dir='ltr'><strong>auctoritate</strong></span> <span class='ocrx_word' id='word_1_41' title='bbox 1462 803 1584 865; x_wconf 87' lang='lat' dir='ltr'><strong>erigi</strong></span> <span class='ocrx_word' id='word_1_42' title='bbox 1603 802 1807 854; x_wconf 79' lang='lat' dir='ltr'><strong>valeant</strong></span> <span class='ocrx_word' id='word_1_43' title='bbox 1814 837 2296 860; x_wconf 88' lang='grc'><strong>................</strong></span> <span class='ocrx_word' id='word_1_44' title='bbox 2368 810 2464 859; x_wconf 89' lang='grc'><strong>222</strong></span> 
     </span>
    </p>
   </div>
   <div class='ocr_carea' id='block_1_3' title="bbox 184 922 2463 1094">
    <p class='ocr_par' dir='ltr' id='par_1_6' title="bbox 184 922 2463 1094">
     <span class='ocr_line' id='line_1_7' title="bbox 184 922 2311 1009; baseline 0 -12"><span class='ocrx_word' id='word_1_45' title='bbox 184 942 394 997; x_wconf 74' lang='lat' dir='ltr'>CAPUT</span> <span class='ocrx_word' id='word_1_46' title='bbox 427 943 510 993; x_wconf 77' lang='lat' dir='ltr'><strong>lv.</strong></span> <span class='ocrx_word' id='word_1_47' title='bbox 541 940 713 1003; x_wconf 84' lang='lat' dir='ltr'><strong>Qualis</strong></span> <span class='ocrx_word' id='word_1_48' title='bbox 737 938 1030 1003; x_wconf 72' lang='lat' dir='ltr'><strong>requiratur</strong></span> <span class='ocrx_word' id='word_1_49' title='bbox 1050 938 1186 989; x_wconf 81' lang='lat' dir='ltr'><strong>sedis</strong></span> <span class='ocrx_word' id='word_1_50' title='bbox 1201 940 1498 1001; x_wconf 65' lang='lat' dir='ltr'><strong>apostolica</strong></span> <span class='ocrx_word' id='word_1_51' title='bbox 1512 942 1807 1008; x_wconf 80' lang='lat' dir='ltr'><strong>approbatio</strong></span> <span class='ocrx_word' id='word_1_52' title='bbox 1818 943 1884 994; x_wconf 86' lang='lat' dir='ltr'><strong>ad</strong></span> <span class='ocrx_word' id='word_1_53' title='bbox 1898 922 2041 995; x_wconf 61' lang='lat' dir='ltr'><strong>novae</strong></span> <span class='ocrx_word' id='word_1_54' title='bbox 2060 944 2311 1009; x_wconf 81' lang='lat' dir='ltr'><strong>religionis</strong></span> 
     </span>
     <span class='ocr_line' id='line_1_8' title="bbox 309 1028 2463 1094; baseline 0.002 -11"><span class='ocrx_word' id='word_1_55' title='bbox 309 1043 401 1083; x_wconf 87' lang='lat' dir='ltr'><strong>eeu</strong></span> <span class='ocrx_word' id='word_1_56' title='bbox 427 1030 824 1094; x_wconf 78' lang='lat' dir='ltr'><strong>congregationis</strong></span> <span class='ocrx_word' id='word_1_57' title='bbox 843 1028 1088 1090; x_wconf 72' lang='lat' dir='ltr'><strong>religiosae</strong></span> <span class='ocrx_word' id='word_1_58' title='bbox 1114 1029 1489 1081; x_wconf 77' lang='lat' dir='ltr'><strong>institutionem</strong></span> <span class='ocrx_word' id='word_1_59' title='bbox 1494 1064 2299 1087; x_wconf 86' lang='grc'><strong>..........................</strong></span> <span class='ocrx_word' id='word_1_60' title='bbox 2370 1037 2463 1087; x_wconf 80' lang='grc'><strong>223</strong></span> 
     </span>
    </p>
   </div>
   <div class='ocr_carea' id='block_1_4' title="bbox 251 1142 2464 1292">
    <p class='ocr_par' dir='ltr' id='par_1_7' title="bbox 251 1142 2464 1292">
     <span class='ocr_line' id='line_1_9' title="bbox 251 1142 2309 1213; baseline 0.001 -14"><span class='ocrx_word' id='word_1_61' title='bbox 251 1148 282 1213; x_wconf 63' lang='grc' dir='ltr'>ἓ</span> <span class='ocrx_word' id='word_1_62' title='bbox 313 1149 350 1199; x_wconf 88' lang='lat' dir='ltr'><strong>l.</strong></span> <span class='ocrx_word' id='word_1_63' title='bbox 376 1148 568 1210; x_wconf 82' lang='lat' dir='ltr'><strong>Qualis,</strong></span> <span class='ocrx_word' id='word_1_64' title='bbox 589 1158 680 1197; x_wconf 84' lang='lat' dir='ltr'><strong>seu</strong></span> <span class='ocrx_word' id='word_1_65' title='bbox 707 1146 854 1207; x_wconf 78' lang='lat' dir='ltr'><strong>eujus</strong></span> <span class='ocrx_word' id='word_1_66' title='bbox 883 1142 1080 1206; x_wconf 72' lang='lat' dir='ltr'><strong>formae,</strong></span> <span class='ocrx_word' id='word_1_67' title='bbox 1107 1145 1394 1207; x_wconf 82' lang='lat' dir='ltr'><strong>requiratur</strong></span> <span class='ocrx_word' id='word_1_68' title='bbox 1417 1146 1709 1211; x_wconf 82' lang='lat' dir='ltr'><strong>approbatio</strong></span> <span class='ocrx_word' id='word_1_69' title='bbox 1736 1148 2015 1209; x_wconf 73' lang='lat' dir='ltr'><strong>Pontificio,</strong></span> <span class='ocrx_word' id='word_1_70' title='bbox 2040 1153 2099 1199; x_wconf 87' lang='lat' dir='ltr'><strong>ut</strong></span> <span class='ocrx_word' id='word_1_71' title='bbox 2119 1162 2309 1201; x_wconf 79' lang='lat' dir='ltr'><strong>novum</strong></span> 
     </span>
     <span class='ocr_line' id='line_1_10' title="bbox 311 1230 2464 1292; baseline 0.001 -4"><span class='ocrx_word' id='word_1_72' title='bbox 311 1239 602 1288; x_wconf 85' lang='lat' dir='ltr'><strong>institutum</strong></span> <span class='ocrx_word' id='word_1_73' title='bbox 629 1235 768 1285; x_wconf 87' lang='lat' dir='ltr'><strong>licite</strong></span> <span class='ocrx_word' id='word_1_74' title='bbox 791 1231 954 1285; x_wconf 83' lang='lat' dir='ltr'><strong>valeat</strong></span> <span class='ocrx_word' id='word_1_75' title='bbox 981 1230 1206 1283; x_wconf 80' lang='lat' dir='ltr'><strong>inchoari</strong></span> <span class='ocrx_word' id='word_1_76' title='bbox 1217 1266 1641 1289; x_wconf 91' lang='grc'><strong>..............</strong></span> <span class='ocrx_word' id='word_1_77' title='bbox 1662 1280 1674 1291; x_wconf 83' lang='grc'><strong>.</strong></span> <span class='ocrx_word' id='word_1_78' title='bbox 1684 1270 2300 1292; x_wconf 89' lang='grc'><strong>....................</strong></span> <span class='ocrx_word' id='word_1_79' title='bbox 2373 1241 2464 1291; x_wconf 77' lang='grc'><strong>223</strong></span> 
     </span>
    </p>
   </div>
   <div class='ocr_carea' id='block_1_5' title="bbox 251 1346 2471 2388">
    <p class='ocr_par' dir='ltr' id='par_1_8' title="bbox 251 1346 2471 2388">
     <span class='ocr_line' id='line_1_11' title="bbox 252 1346 2310 1415; baseline 0.001 -14"><span class='ocrx_word' id='word_1_80' title='bbox 252 1350 283 1413; x_wconf 68' lang='grc' dir='ltr'><strong>ἓ</strong></span> <span class='ocrx_word' id='word_1_81' title='bbox 309 1352 375 1401; x_wconf 91' lang='lat'><strong>11.</strong></span> <span class='ocrx_word' id='word_1_82' title='bbox 410 1350 582 1415; x_wconf 82' lang='lat' dir='ltr'><strong>Qualis</strong></span> <span class='ocrx_word' id='word_1_83' title='bbox 609 1350 895 1413; x_wconf 68' lang='lat' dir='ltr'>requiratur</span> <span class='ocrx_word' id='word_1_84' title='bbox 915 1346 1049 1397; x_wconf 82' lang='lat' dir='ltr'><strong>sedis</strong></span> <span class='ocrx_word' id='word_1_85' title='bbox 1073 1346 1370 1409; x_wconf 80' lang='lat' dir='ltr'><strong>Apostolicae</strong></span> <span class='ocrx_word' id='word_1_86' title='bbox 1394 1349 1705 1413; x_wconf 73' lang='lat' dir='ltr'><strong>approbatio,</strong></span> <span class='ocrx_word' id='word_1_87' title='bbox 1730 1353 1789 1402; x_wconf 85' lang='lat' dir='ltr'><strong>ut</strong></span> <span class='ocrx_word' id='word_1_88' title='bbox 1809 1366 1999 1403; x_wconf 83' lang='lat' dir='ltr'><strong>novum</strong></span> <span class='ocrx_word' id='word_1_89' title='bbox 2016 1356 2310 1405; x_wconf 83' lang='lat' dir='ltr'><strong>institutum</strong></span> 
     </span>
     <span class='ocr_line' id='line_1_12' title="bbox 315 1434 2465 1502; baseline 0.001 -12"><span class='ocrx_word' id='word_1_90' title='bbox 315 1443 482 1491; x_wconf 77' lang='lat' dir='ltr'><strong>statua</strong></span> <span class='ocrx_word' id='word_1_91' title='bbox 519 1438 738 1502; x_wconf 82' lang='lat' dir='ltr'><strong>religiosi</strong></span> <span class='ocrx_word' id='word_1_92' title='bbox 765 1438 1040 1489; x_wconf 75' lang='lat' dir='ltr'><strong>essentiam</strong></span> <span class='ocrx_word' id='word_1_93' title='bbox 1063 1434 1250 1486; x_wconf 84' lang='lat' dir='ltr'><strong>habeat</strong></span> <span class='ocrx_word' id='word_1_94' title='bbox 1258 1469 2305 1497; x_wconf 88' lang='grc'><strong>..................................</strong></span> <span class='ocrx_word' id='word_1_95' title='bbox 2374 1446 2465 1495; x_wconf 78' lang='grc'><strong>224</strong></span> 
     </span>
     <span class='ocr_line' id='line_1_13' title="bbox 251 1522 2307 1590; baseline 0.002 -13"><span class='ocrx_word' id='word_1_96' title='bbox 251 1526 540 1590; x_wconf 77' lang='lat' dir='ltr'><strong>Propositio</strong></span> <span class='ocrx_word' id='word_1_97' title='bbox 576 1526 636 1576; x_wconf 74' lang='lat'><strong>1⁸.</strong></span> <span class='ocrx_word' id='word_1_98' title='bbox 675 1524 794 1575; x_wconf 75' lang='lat' dir='ltr'><strong>Fuit</strong></span> <span class='ocrx_word' id='word_1_99' title='bbox 834 1522 1198 1575; x_wconf 89' lang='lat' dir='ltr'><strong>nonnullorum</strong></span> <span class='ocrx_word' id='word_1_100' title='bbox 1225 1526 1411 1587; x_wconf 89' lang='lat' dir='ltr'><strong>opinio,</strong></span> <span class='ocrx_word' id='word_1_101' title='bbox 1440 1538 1541 1577; x_wconf 88' lang='lat' dir='ltr'><strong>non</strong></span> <span class='ocrx_word' id='word_1_102' title='bbox 1570 1526 1799 1579; x_wconf 80' lang='lat' dir='ltr'><strong>sufficere</strong></span> <span class='ocrx_word' id='word_1_103' title='bbox 1822 1533 1882 1579; x_wconf 90' lang='lat' dir='ltr'><strong>ut</strong></span> <span class='ocrx_word' id='word_1_104' title='bbox 1902 1530 2160 1581; x_wconf 83' lang='lat' dir='ltr'><strong>Romanus</strong></span> <span class='ocrx_word' id='word_1_105' title='bbox 2183 1530 2307 1583; x_wconf 83' lang='lat' dir='ltr'><strong>Pon-</strong></span> 
     </span>
     <span class='ocr_line' id='line_1_14' title="bbox 309 1611 2312 1683; baseline 0.002 -17"><span class='ocrx_word' id='word_1_106' title='bbox 309 1616 432 1667; x_wconf 74' lang='lat' dir='ltr'><strong>ssfex</strong></span> <span class='ocrx_word' id='word_1_107' title='bbox 461 1614 752 1679; x_wconf 79' lang='lat' dir='ltr'><strong>simpliciter</strong></span> <span class='ocrx_word' id='word_1_108' title='bbox 771 1612 1018 1678; x_wconf 86' lang='lat' dir='ltr'><strong>approbet</strong></span> <span class='ocrx_word' id='word_1_109' title='bbox 1045 1611 1258 1661; x_wconf 85' lang='lat' dir='ltr'><strong>modum</strong></span> <span class='ocrx_word' id='word_1_110' title='bbox 1278 1613 1499 1674; x_wconf 73' lang='lat' dir='ltr'><strong>vivendi,</strong></span> <span class='ocrx_word' id='word_1_111' title='bbox 1520 1625 1613 1665; x_wconf 85' lang='lat' dir='ltr'><strong>seu</strong></span> <span class='ocrx_word' id='word_1_112' title='bbox 1634 1618 1753 1667; x_wconf 79' lang='lat' dir='ltr'><strong>novi</strong></span> <span class='ocrx_word' id='word_1_113' title='bbox 1780 1620 1999 1669; x_wconf 82' lang='lat' dir='ltr'><strong>instituti</strong></span> <span class='ocrx_word' id='word_1_114' title='bbox 2022 1618 2312 1683; x_wconf 78' lang='lat' dir='ltr'><strong>formulam,</strong></span> 
     </span>
     <span class='ocr_line' id='line_1_15' title="bbox 309 1700 2313 1769; baseline 0.002 -15"><span class='ocrx_word' id='word_1_115' title='bbox 309 1706 544 1767; x_wconf 78' lang='lat' dir='ltr'><strong>quamvis</strong></span> <span class='ocrx_word' id='word_1_116' title='bbox 557 1701 778 1753; x_wconf 86' lang='lat' dir='ltr'><strong>formula</strong></span> <span class='ocrx_word' id='word_1_117' title='bbox 789 1701 897 1751; x_wconf 71' lang='lat' dir='ltr'><strong>haic</strong></span> <span class='ocrx_word' id='word_1_118' title='bbox 909 1712 1002 1751; x_wconf 84' lang='lat' dir='ltr'><strong>seu</strong></span> <span class='ocrx_word' id='word_1_119' title='bbox 1016 1700 1215 1749; x_wconf 78' lang='lat' dir='ltr'><strong>vivendi</strong></span> <span class='ocrx_word' id='word_1_120' title='bbox 1230 1700 1414 1751; x_wconf 81' lang='lat' dir='ltr'><strong>modus</strong></span> <span class='ocrx_word' id='word_1_121' title='bbox 1428 1706 1600 1753; x_wconf 88' lang='lat' dir='ltr'><strong>omnia</strong></span> <span class='ocrx_word' id='word_1_122' title='bbox 1620 1708 1783 1756; x_wconf 84' lang='lat' dir='ltr'><strong>status</strong></span> <span class='ocrx_word' id='word_1_123' title='bbox 1798 1706 2011 1769; x_wconf 86' lang='lat' dir='ltr'><strong>religiosi</strong></span> <span class='ocrx_word' id='word_1_124' title='bbox 2032 1708 2313 1759; x_wconf 71' lang='lat' dir='ltr'><strong>essentialia</strong></span> 
     </span>
     <span class='ocr_line' id='line_1_16' title="bbox 311 1774 2315 1857; baseline 0.001 -15"><span class='ocrx_word' id='word_1_125' title='bbox 311 1794 594 1852; x_wconf 83' lang='lat' dir='ltr'><strong>contineat;</strong></span> <span class='ocrx_word' id='word_1_126' title='bbox 621 1790 710 1841; x_wconf 85' lang='lat' dir='ltr'><strong>sed</strong></span> <span class='ocrx_word' id='word_1_127' title='bbox 737 1774 926 1855; x_wconf 84' lang='lat' dir='ltr'><strong>requiri</strong></span> <span class='ocrx_word' id='word_1_128' title='bbox 949 1792 1010 1839; x_wconf 89' lang='grc' dir='ltr'><strong>ιιι</strong></span> <span class='ocrx_word' id='word_1_129' title='bbox 1031 1792 1084 1839; x_wconf 84' lang='grc' dir='ltr'><strong>ιιι</strong></span> <span class='ocrx_word' id='word_1_130' title='bbox 1107 1788 1467 1853; x_wconf 71' lang='lat' dir='ltr'><strong>approbatione</strong></span> <span class='ocrx_word' id='word_1_131' title='bbox 1490 1794 1820 1857; x_wconf 81' lang='lat' dir='ltr'><strong>exprimatur,</strong></span> <span class='ocrx_word' id='word_1_132' title='bbox 1840 1798 2089 1856; x_wconf 81' lang='lat' dir='ltr'><strong>acceptari</strong></span> <span class='ocrx_word' id='word_1_133' title='bbox 2109 1797 2315 1845; x_wconf 82' lang='lat' dir='ltr'><strong>institu-</strong></span> 
     </span>
     <span class='ocr_line' id='line_1_17' title="bbox 313 1877 2319 1949; baseline 0 -17"><span class='ocrx_word' id='word_1_134' title='bbox 313 1885 428 1932; x_wconf 86' lang='lat' dir='ltr'><strong>tum</strong></span> <span class='ocrx_word' id='word_1_135' title='bbox 467 1877 596 1930; x_wconf 77' lang='lat' dir='ltr'><strong>iilud</strong></span> <span class='ocrx_word' id='word_1_136' title='bbox 637 1882 876 1945; x_wconf 76' lang='lat' dir='ltr'><strong><em>tanquam</em></strong></span> <span class='ocrx_word' id='word_1_137' title='bbox 915 1892 1090 1929; x_wconf 79' lang='lat' dir='ltr'><strong>veram</strong></span> <span class='ocrx_word' id='word_1_138' title='bbox 1130 1877 1453 1942; x_wconf 68' lang='lat' dir='ltr'><strong>reliquorum,</strong></span> <span class='ocrx_word' id='word_1_139' title='bbox 1494 1892 1589 1931; x_wconf 88' lang='lat' dir='ltr'><strong>seu</strong></span> <span class='ocrx_word' id='word_1_140' title='bbox 1632 1885 1876 1947; x_wconf 83' lang='lat' dir='ltr'><strong>tanquam</strong></span> <span class='ocrx_word' id='word_1_141' title='bbox 1900 1884 2093 1933; x_wconf 76' lang='lat' dir='ltr'><strong>statum</strong></span> <span class='ocrx_word' id='word_1_142' title='bbox 2112 1883 2319 1949; x_wconf 76' lang='lat' dir='ltr'><strong>proprie</strong></span> 
     </span>
     <span class='ocr_line' id='line_1_18' title="bbox 314 1968 2469 2033; baseline 0.001 -15"><span class='ocrx_word' id='word_1_143' title='bbox 314 1968 602 2033; x_wconf 71' lang='lat' dir='ltr'><strong>reliqiosum</strong></span> <span class='ocrx_word' id='word_1_144' title='bbox 611 2000 2315 2023; x_wconf 84' lang='grc'><strong>.......................................................</strong></span> <span class='ocrx_word' id='word_1_145' title='bbox 2380 1974 2469 2023; x_wconf 74' lang='grc'><strong>224</strong></span> 
     </span>
     <span class='ocr_line' id='line_1_19' title="bbox 259 2055 2316 2124; baseline 0.002 -17"><span class='ocrx_word' id='word_1_146' title='bbox 259 2056 545 2121; x_wconf 68' lang='lat' dir='ltr'><strong>Propoeitio</strong></span> <span class='ocrx_word' id='word_1_147' title='bbox 565 2058 649 2107; x_wconf 70' lang='grc' dir='ltr'><strong>ιιι.</strong></span> <span class='ocrx_word' id='word_1_148' title='bbox 683 2055 892 2119; x_wconf 82' lang='lat' dir='ltr'><strong>Quando</strong></span> <span class='ocrx_word' id='word_1_149' title='bbox 911 2070 1074 2109; x_wconf 80' lang='lat' dir='ltr'><strong>novus</strong></span> <span class='ocrx_word' id='word_1_150' title='bbox 1097 2056 1282 2109; x_wconf 79' lang='lat' dir='ltr'><strong>modus</strong></span> <span class='ocrx_word' id='word_1_151' title='bbox 1310 2059 1531 2121; x_wconf 79' lang='lat' dir='ltr'><strong>vivendi,</strong></span> <span class='ocrx_word' id='word_1_152' title='bbox 1560 2073 1650 2113; x_wconf 83' lang='lat' dir='ltr'><strong>seu</strong></span> <span class='ocrx_word' id='word_1_153' title='bbox 1680 2072 1869 2110; x_wconf 80' lang='lat' dir='ltr'><strong>novum</strong></span> <span class='ocrx_word' id='word_1_154' title='bbox 1894 2062 2208 2121; x_wconf 86' lang='lat' dir='ltr'><strong>institutum,</strong></span> <span class='ocrx_word' id='word_1_155' title='bbox 2224 2072 2316 2124; x_wconf 88' lang='lat' dir='ltr'><strong>pro</strong></span> 
     </span>
     <span class='ocr_line' id='line_1_20' title="bbox 321 2145 2315 2213; baseline 0 -16"><span class='ocrx_word' id='word_1_156' title='bbox 321 2158 424 2209; x_wconf 85' lang='lat' dir='ltr'><strong>quo</strong></span> <span class='ocrx_word' id='word_1_157' title='bbox 450 2146 736 2211; x_wconf 88' lang='lat' dir='ltr'><strong>postulatur</strong></span> <span class='ocrx_word' id='word_1_158' title='bbox 759 2146 1066 2213; x_wconf 85' lang='lat' dir='ltr'><strong>approbatio,</strong></span> <span class='ocrx_word' id='word_1_159' title='bbox 1091 2145 1244 2195; x_wconf 79' lang='lat' dir='ltr'><strong>habet</strong></span> <span class='ocrx_word' id='word_1_160' title='bbox 1269 2148 1366 2197; x_wconf 87' lang='lat' dir='ltr'><strong>tria</strong></span> <span class='ocrx_word' id='word_1_161' title='bbox 1392 2151 1509 2197; x_wconf 78' lang='lat' dir='ltr'><strong>vota</strong></span> <span class='ocrx_word' id='word_1_162' title='bbox 1540 2151 1803 2211; x_wconf 85' lang='lat' dir='ltr'><strong>perpetua,</strong></span> <span class='ocrx_word' id='word_1_163' title='bbox 1822 2160 1941 2198; x_wconf 89' lang='lat' dir='ltr'><strong>cum</strong></span> <span class='ocrx_word' id='word_1_164' title='bbox 1968 2148 2234 2199; x_wconf 74' lang='lat' dir='ltr'><strong>traditione</strong></span> <span class='ocrx_word' id='word_1_165' title='bbox 2250 2147 2315 2198; x_wconf 87' lang='lat' dir='ltr'><strong>ab</strong></span> 
     </span>
     <span class='ocr_line' id='line_1_21' title="bbox 321 2220 2313 2303; baseline 0.001 -20"><span class='ocrx_word' id='word_1_166' title='bbox 321 2232 495 2297; x_wconf 87' lang='lat' dir='ltr'><strong>aliquo</strong></span> <span class='ocrx_word' id='word_1_167' title='bbox 514 2233 578 2284; x_wconf 90' lang='lat' dir='ltr'><strong>ad</strong></span> <span class='ocrx_word' id='word_1_168' title='bbox 597 2233 650 2284; x_wconf 91' lang='lat' dir='ltr'><strong>id</strong></span> <span class='ocrx_word' id='word_1_169' title='bbox 670 2236 1020 2285; x_wconf 84' lang='lat' dir='ltr'><strong>auctoritatem</strong></span> <span class='ocrx_word' id='word_1_170' title='bbox 1036 2234 1256 2287; x_wconf 87' lang='lat' dir='ltr'><strong>habente</strong></span> <span class='ocrx_word' id='word_1_171' title='bbox 1273 2234 1579 2303; x_wconf 75' lang='lat' dir='ltr'><strong>recipienda,</strong></span> <span class='ocrx_word' id='word_1_172' title='bbox 1600 2234 1809 2299; x_wconf 75' lang='lat' dir='ltr'><strong>simplex</strong></span> <span class='ocrx_word' id='word_1_173' title='bbox 1828 2234 2118 2299; x_wconf 79' lang='lat' dir='ltr'><strong>approbatio</strong></span> <span class='ocrx_word' id='word_1_174' title='bbox 2141 2220 2313 2285; x_wconf 61' lang='lat' dir='ltr'><strong>Pontiss</strong></span> 
     </span>
     <span class='ocr_line' id='line_1_22' title="bbox 319 2320 2471 2388; baseline 0 -18"><span class='ocrx_word' id='word_1_175' title='bbox 319 2320 430 2371; x_wconf 81' lang='lat' dir='ltr'><strong>ficia</strong></span> <span class='ocrx_word' id='word_1_176' title='bbox 456 2322 652 2383; x_wconf 80' lang='lat' dir='ltr'><strong>sufficit,</strong></span> <span class='ocrx_word' id='word_1_177' title='bbox 685 2326 742 2372; x_wconf 90' lang='lat' dir='ltr'><strong>ut</strong></span> <span class='ocrx_word' id='word_1_178' title='bbox 764 2325 1054 2375; x_wconf 80' lang='lat' dir='ltr'><strong>institutum</strong></span> <span class='ocrx_word' id='word_1_179' title='bbox 1077 2322 1172 2375; x_wconf 87' lang='lat' dir='ltr'><strong>hoc</strong></span> <span class='ocrx_word' id='word_1_180' title='bbox 1197 2327 1361 2377; x_wconf 82' lang='lat' dir='ltr'><strong>status</strong></span> <span class='ocrx_word' id='word_1_181' title='bbox 1388 2322 1605 2388; x_wconf 88' lang='lat' dir='ltr'><strong>religiosi</strong></span> <span class='ocrx_word' id='word_1_182' title='bbox 1628 2326 1897 2375; x_wconf 71' lang='lat' dir='ltr'><strong>essentiam</strong></span> <span class='ocrx_word' id='word_1_183' title='bbox 1916 2324 2099 2374; x_wconf 88' lang='lat' dir='ltr'><strong>habeat</strong></span> <span class='ocrx_word' id='word_1_184' title='bbox 2108 2358 2308 2376; x_wconf 90' lang='grc'><strong>.......</strong></span> <span class='ocrx_word' id='word_1_185' title='bbox 2378 2323 2471 2371; x_wconf 76' lang='grc'><strong>225</strong></span> 
     </span>
    </p>
   </div>
   <div class='ocr_carea' id='block_1_6' title="bbox 255 2410 2477 2559">
    <p class='ocr_par' dir='ltr' id='par_1_9' title="bbox 255 2410 2477 2559">
     <span class='ocr_line' id='line_1_23' title="bbox 255 2410 2317 2482; baseline 0.002 -21"><span class='ocrx_word' id='word_1_186' title='bbox 255 2410 540 2477; x_wconf 70' lang='lat' dir='ltr'><strong>propositio</strong></span> <span class='ocrx_word' id='word_1_187' title='bbox 567 2412 675 2462; x_wconf 67' lang='lat' dir='ltr'><strong>liin.</strong></span> <span class='ocrx_word' id='word_1_188' title='bbox 701 2414 948 2465; x_wconf 74' lang='lat' dir='ltr'><strong>Doctrinae</strong></span> <span class='ocrx_word' id='word_1_189' title='bbox 971 2418 1311 2481; x_wconf 73' lang='lat' dir='ltr'><strong>propositione</strong></span> <span class='ocrx_word' id='word_1_190' title='bbox 1334 2417 1641 2481; x_wconf 70' lang='lat' dir='ltr'><strong>procedenti</strong></span> <span class='ocrx_word' id='word_1_191' title='bbox 1658 2420 1895 2482; x_wconf 70' lang='lat' dir='ltr'><strong>expositas</strong></span> <span class='ocrx_word' id='word_1_192' title='bbox 1914 2415 2165 2467; x_wconf 81' lang='lat' dir='ltr'><strong>adversari</strong></span> <span class='ocrx_word' id='word_1_193' title='bbox 2186 2412 2317 2465; x_wconf 78' lang='lat' dir='ltr'><strong>vide·</strong></span> 
     </span>
     <span class='ocr_line' id='line_1_24' title="bbox 315 2499 2477 2559; baseline 0.001 -12"><span class='ocrx_word' id='word_1_194' title='bbox 315 2506 404 2550; x_wconf 86' lang='lat' dir='ltr'><strong>tur</strong></span> <span class='ocrx_word' id='word_1_195' title='bbox 435 2499 734 2550; x_wconf 70' lang='lat' dir='ltr'><strong>Benedictus</strong></span> <span class='ocrx_word' id='word_1_196' title='bbox 763 2499 923 2548; x_wconf 72' lang='lat' dir='ltr'><strong>xlv„</strong></span> <span class='ocrx_word' id='word_1_197' title='bbox 1263 2536 1304 2553; x_wconf 88' lang='lat'><strong>..</strong></span> <span class='ocrx_word' id='word_1_198' title='bbox 1546 2540 1777 2559; x_wconf 85' lang='lat'><strong>........</strong></span> <span class='ocrx_word' id='word_1_199' title='bbox 2083 2534 2314 2555; x_wconf 84' lang='grc'><strong>........</strong></span> <span class='ocrx_word' id='word_1_200' title='bbox 2384 2501 2477 2551; x_wconf 80' lang='grc'><strong>230</strong></span> 
     </span>
    </p>
   </div>
   <div class='ocr_carea' id='block_1_7' title="bbox 256 2612 2479 3301">
    <p class='ocr_par' dir='ltr' id='par_1_10' title="bbox 256 2612 2479 3301">
     <span class='ocr_line' id='line_1_25' title="bbox 256 2612 2322 2679; baseline 0.001 -16"><span class='ocrx_word' id='word_1_201' title='bbox 256 2614 288 2678; x_wconf 65' lang='grc' dir='ltr'><strong>ἓ</strong></span> <span class='ocrx_word' id='word_1_202' title='bbox 319 2614 400 2666; x_wconf 86' lang='lat' dir='ltr'><strong>ill.</strong></span> <span class='ocrx_word' id='word_1_203' title='bbox 431 2614 603 2678; x_wconf 83' lang='lat' dir='ltr'><strong>Qualis</strong></span> <span class='ocrx_word' id='word_1_204' title='bbox 628 2615 918 2677; x_wconf 86' lang='lat' dir='ltr'><strong>requiratur</strong></span> <span class='ocrx_word' id='word_1_205' title='bbox 939 2612 1072 2663; x_wconf 80' lang='lat' dir='ltr'><strong>sedis</strong></span> <span class='ocrx_word' id='word_1_206' title='bbox 1095 2614 1394 2677; x_wconf 78' lang='lat' dir='ltr'><strong>Apostoilcae</strong></span> <span class='ocrx_word' id='word_1_207' title='bbox 1411 2620 1725 2679; x_wconf 81' lang='lat' dir='ltr'><strong>approbatio,</strong></span> <span class='ocrx_word' id='word_1_208' title='bbox 1746 2624 1807 2668; x_wconf 90' lang='lat' dir='ltr'><strong>ut</strong></span> <span class='ocrx_word' id='word_1_209' title='bbox 1823 2632 2015 2669; x_wconf 83' lang='lat' dir='ltr'><strong>novum</strong></span> <span class='ocrx_word' id='word_1_210' title='bbox 2032 2621 2322 2669; x_wconf 82' lang='lat' dir='ltr'><strong>institutum</strong></span> 
     </span>
     <span class='ocr_line' id='line_1_26' title="bbox 323 2702 2477 2767; baseline -0.001 -12"><span class='ocrx_word' id='word_1_211' title='bbox 323 2706 544 2767; x_wconf 86' lang='lat' dir='ltr'><strong>erigatur</strong></span> <span class='ocrx_word' id='word_1_212' title='bbox 562 2708 614 2755; x_wconf 88' lang='lat' dir='ltr'><strong>ln</strong></span> <span class='ocrx_word' id='word_1_213' title='bbox 633 2702 928 2765; x_wconf 82' lang='lat' dir='ltr'><strong>religionem</strong></span> <span class='ocrx_word' id='word_1_214' title='bbox 946 2703 1120 2752; x_wconf 84' lang='lat' dir='ltr'><strong>stricte</strong></span> <span class='ocrx_word' id='word_1_215' title='bbox 1139 2707 1416 2766; x_wconf 78' lang='lat' dir='ltr'><strong>sumptam,</strong></span> <span class='ocrx_word' id='word_1_216' title='bbox 1430 2704 1481 2753; x_wconf 92' lang='lat' dir='ltr'><strong>id</strong></span> <span class='ocrx_word' id='word_1_217' title='bbox 1494 2710 1569 2753; x_wconf 85' lang='lat' dir='ltr'><strong>est</strong></span> <span class='ocrx_word' id='word_1_218' title='bbox 1580 2708 1739 2754; x_wconf 83' lang='lat' dir='ltr'><strong>trium</strong></span> <span class='ocrx_word' id='word_1_219' title='bbox 1752 2711 1985 2756; x_wconf 83' lang='lat' dir='ltr'><strong>votorum</strong></span> <span class='ocrx_word' id='word_1_220' title='bbox 2001 2706 2320 2755; x_wconf 72' lang='lat' dir='ltr'><strong>solemnium.</strong></span> <span class='ocrx_word' id='word_1_221' title='bbox 2384 2706 2477 2755; x_wconf 76' lang='grc'><strong>232</strong></span> 
     </span>
     <span class='ocr_line' id='line_1_27' title="bbox 256 2790 2326 2859; baseline -0 -17"><span class='ocrx_word' id='word_1_222' title='bbox 256 2793 541 2858; x_wconf 72' lang='lat' dir='ltr'><strong>propositio</strong></span> <span class='ocrx_word' id='word_1_223' title='bbox 582 2794 643 2845; x_wconf 78' lang='lat'><strong>1⁸.</strong></span> <span class='ocrx_word' id='word_1_224' title='bbox 689 2792 978 2857; x_wconf 82' lang='lat' dir='ltr'><strong>Requiritur</strong></span> <span class='ocrx_word' id='word_1_225' title='bbox 1025 2795 1103 2851; x_wconf 89' lang='lat' dir='ltr'><strong>nt,</strong></span> <span class='ocrx_word' id='word_1_226' title='bbox 1149 2791 1231 2842; x_wconf 82' lang='lat' dir='ltr'><strong>vei</strong></span> <span class='ocrx_word' id='word_1_227' title='bbox 1271 2794 1324 2843; x_wconf 90' lang='lat' dir='ltr'><strong>iu</strong></span> <span class='ocrx_word' id='word_1_228' title='bbox 1355 2796 1571 2856; x_wconf 79' lang='lat' dir='ltr'><strong>ipsamet</strong></span> <span class='ocrx_word' id='word_1_229' title='bbox 1594 2794 1967 2859; x_wconf 76' lang='lat' dir='ltr'><strong>approbationis</strong></span> <span class='ocrx_word' id='word_1_230' title='bbox 1990 2792 2221 2849; x_wconf 85' lang='lat' dir='ltr'><strong>formula,</strong></span> <span class='ocrx_word' id='word_1_231' title='bbox 2245 2790 2326 2841; x_wconf 79' lang='lat' dir='ltr'><strong>rel</strong></span> 
     </span>
     <span class='ocr_line' id='line_1_28' title="bbox 326 2879 2327 2946; baseline -0.002 -13"><span class='ocrx_word' id='word_1_232' title='bbox 326 2886 380 2933; x_wconf 89' lang='grc' dir='ltr'><strong>ιιι</strong></span> <span class='ocrx_word' id='word_1_233' title='bbox 407 2881 625 2934; x_wconf 89' lang='lat' dir='ltr'><strong>formula</strong></span> <span class='ocrx_word' id='word_1_234' title='bbox 650 2884 770 2932; x_wconf 83' lang='lat' dir='ltr'><strong>novi</strong></span> <span class='ocrx_word' id='word_1_235' title='bbox 789 2882 1010 2933; x_wconf 79' lang='lat' dir='ltr'><strong>instituti</strong></span> <span class='ocrx_word' id='word_1_236' title='bbox 1027 2884 1080 2932; x_wconf 88' lang='lat' dir='ltr'><strong>ln</strong></span> <span class='ocrx_word' id='word_1_237' title='bbox 1102 2893 1256 2945; x_wconf 85' lang='lat' dir='ltr'><strong>quam</strong></span> <span class='ocrx_word' id='word_1_238' title='bbox 1275 2882 1415 2933; x_wconf 88' lang='lat' dir='ltr'><strong>cadit</strong></span> <span class='ocrx_word' id='word_1_239' title='bbox 1432 2881 1743 2946; x_wconf 87' lang='lat' dir='ltr'><strong>approbatio,</strong></span> <span class='ocrx_word' id='word_1_240' title='bbox 1754 2884 2065 2945; x_wconf 81' lang='lat' dir='ltr'><strong>exprimatur</strong></span> <span class='ocrx_word' id='word_1_241' title='bbox 2082 2885 2201 2931; x_wconf 77' lang='lat' dir='ltr'><strong>vota</strong></span> <span class='ocrx_word' id='word_1_242' title='bbox 2220 2879 2327 2929; x_wconf 89' lang='lat' dir='ltr'><strong>fore</strong></span> 
     </span>
     <span class='ocr_line' id='line_1_29' title="bbox 319 2968 2479 3026; baseline -0.004 -2"><span class='ocrx_word' id='word_1_243' title='bbox 319 2974 582 3026; x_wconf 88' lang='lat' dir='ltr'><strong>solemnia.</strong></span> <span class='ocrx_word' id='word_1_244' title='bbox 1424 3008 1466 3023; x_wconf 92' lang='lat'><strong>..</strong></span> <span class='ocrx_word' id='word_1_245' title='bbox 2389 2968 2479 3017; x_wconf 78' lang='grc'><strong>232</strong></span> 
     </span>
     <span class='ocr_line' id='line_1_30' title="bbox 259 3057 2324 3126; baseline -0.002 -14"><span class='ocrx_word' id='word_1_246' title='bbox 259 3059 542 3126; x_wconf 71' lang='lat' dir='ltr'><strong>propositio</strong></span> <span class='ocrx_word' id='word_1_247' title='bbox 583 3059 665 3111; x_wconf 71' lang='lat' dir='ltr'><strong>iia.</strong></span> <span class='ocrx_word' id='word_1_248' title='bbox 715 3057 928 3120; x_wconf 84' lang='lat' dir='ltr'><strong>Quando</strong></span> <span class='ocrx_word' id='word_1_249' title='bbox 955 3060 1176 3111; x_wconf 87' lang='lat' dir='ltr'><strong>formula</strong></span> <span class='ocrx_word' id='word_1_250' title='bbox 1205 3062 1319 3111; x_wconf 83' lang='lat' dir='ltr'><strong>novi</strong></span> <span class='ocrx_word' id='word_1_251' title='bbox 1341 3062 1583 3117; x_wconf 86' lang='lat' dir='ltr'><strong>instituti,</strong></span> <span class='ocrx_word' id='word_1_252' title='bbox 1612 3060 1663 3109; x_wconf 89' lang='lat' dir='ltr'><strong>in</strong></span> <span class='ocrx_word' id='word_1_253' title='bbox 1685 3070 1839 3121; x_wconf 86' lang='lat' dir='ltr'><strong>quam</strong></span> <span class='ocrx_word' id='word_1_254' title='bbox 1860 3059 1995 3109; x_wconf 88' lang='lat' dir='ltr'><strong>cadit</strong></span> <span class='ocrx_word' id='word_1_255' title='bbox 2015 3057 2324 3121; x_wconf 85' lang='lat' dir='ltr'><strong>approbatio,</strong></span> 
     </span>
     <span class='ocr_line' id='line_1_31' title="bbox 323 3144 2325 3213; baseline -0.004 -10"><span class='ocrx_word' id='word_1_256' title='bbox 323 3148 627 3203; x_wconf 78' lang='lat' dir='ltr'><strong>sufficienter</strong></span> <span class='ocrx_word' id='word_1_257' title='bbox 672 3149 906 3213; x_wconf 81' lang='lat' dir='ltr'><strong>exprimit</strong></span> <span class='ocrx_word' id='word_1_258' title='bbox 943 3152 1062 3200; x_wconf 80' lang='lat' dir='ltr'><strong>vota</strong></span> <span class='ocrx_word' id='word_1_259' title='bbox 1095 3149 1202 3200; x_wconf 91' lang='lat' dir='ltr'><strong>fore</strong></span> <span class='ocrx_word' id='word_1_260' title='bbox 1225 3148 1490 3207; x_wconf 82' lang='lat' dir='ltr'><strong>solemnia,</strong></span> <span class='ocrx_word' id='word_1_261' title='bbox 1517 3147 1701 3198; x_wconf 83' lang='lat' dir='ltr'><strong>sufficit</strong></span> <span class='ocrx_word' id='word_1_262' title='bbox 1722 3146 1828 3197; x_wconf 83' lang='lat' dir='ltr'><strong>sola</strong></span> <span class='ocrx_word' id='word_1_263' title='bbox 1855 3160 1949 3199; x_wconf 77' lang='lat' dir='ltr'><strong>vox</strong></span> <span class='ocrx_word' id='word_1_264' title='bbox 1966 3144 2325 3211; x_wconf 68' lang='lat' dir='ltr'><strong>approbamus,</strong></span> 
     </span>
     <span class='ocr_line' id='line_1_32' title="bbox 321 3234 2479 3301; baseline -0.004 -13"><span class='ocrx_word' id='word_1_265' title='bbox 321 3241 380 3289; x_wconf 88' lang='grc' dir='ltr'><strong>ιιι</strong></span> <span class='ocrx_word' id='word_1_266' title='bbox 401 3240 692 3287; x_wconf 79' lang='lat' dir='ltr'><strong>institutum</strong></span> <span class='ocrx_word' id='word_1_267' title='bbox 717 3235 842 3287; x_wconf 88' lang='lat' dir='ltr'><strong>illud</strong></span> <span class='ocrx_word' id='word_1_268' title='bbox 863 3238 918 3287; x_wconf 89' lang='lat' dir='ltr'><strong>in</strong></span> <span class='ocrx_word' id='word_1_269' title='bbox 940 3236 1234 3301; x_wconf 82' lang='lat' dir='ltr'><strong>religionem</strong></span> <span class='ocrx_word' id='word_1_270' title='bbox 1253 3238 1427 3287; x_wconf 88' lang='lat' dir='ltr'><strong>stricte</strong></span> <span class='ocrx_word' id='word_1_271' title='bbox 1456 3238 1711 3299; x_wconf 84' lang='lat' dir='ltr'><strong>sumptam</strong></span> <span class='ocrx_word' id='word_1_272' title='bbox 1729 3236 1947 3298; x_wconf 80' lang='lat' dir='ltr'><strong>erigatur</strong></span> <span class='ocrx_word' id='word_1_273' title='bbox 1957 3268 2315 3286; x_wconf 86' lang='grc'><strong>............</strong></span> <span class='ocrx_word' id='word_1_274' title='bbox 2389 3234 2479 3281; x_wconf 79' lang='grc'><strong>233</strong></span> 
     </span>
    </p>
   </div>
   <div class='ocr_carea' id='block_1_8' title="bbox 264 3342 2479 3585">
    <p class='ocr_par' dir='ltr' id='par_1_11' title="bbox 264 3342 2479 3585">
     <span class='ocr_line' id='line_1_33' title="bbox 264 3342 2322 3410; baseline -0.003 -15"><span class='ocrx_word' id='word_1_275' title='bbox 264 3346 296 3410; x_wconf 67' lang='grc'>5</span> <span class='ocrx_word' id='word_1_276' title='bbox 330 3344 410 3395; x_wconf 80' lang='lat' dir='ltr'><strong>IV.</strong></span> <span class='ocrx_word' id='word_1_277' title='bbox 441 3343 610 3407; x_wconf 83' lang='lat' dir='ltr'><strong>Qualis</strong></span> <span class='ocrx_word' id='word_1_278' title='bbox 625 3345 912 3407; x_wconf 85' lang='lat' dir='ltr'><strong>requiratur</strong></span> <span class='ocrx_word' id='word_1_279' title='bbox 931 3343 1066 3395; x_wconf 81' lang='lat' dir='ltr'><strong>sedis</strong></span> <span class='ocrx_word' id='word_1_280' title='bbox 1089 3343 1384 3407; x_wconf 73' lang='lat' dir='ltr'><strong>Apostollcoe</strong></span> <span class='ocrx_word' id='word_1_281' title='bbox 1405 3342 1718 3406; x_wconf 83' lang='lat' dir='ltr'><strong>approbatio,</strong></span> <span class='ocrx_word' id='word_1_282' title='bbox 1744 3344 1801 3393; x_wconf 87' lang='lat' dir='ltr'><strong>ut</strong></span> <span class='ocrx_word' id='word_1_283' title='bbox 1822 3354 2012 3391; x_wconf 83' lang='lat' dir='ltr'><strong>novum</strong></span> <span class='ocrx_word' id='word_1_284' title='bbox 2034 3343 2322 3393; x_wconf 88' lang='lat' dir='ltr'><strong>institutum</strong></span> 
     </span>
     <span class='ocr_line' id='line_1_34' title="bbox 326 3429 2323 3497; baseline -0.002 -12"><span class='ocrx_word' id='word_1_285' title='bbox 326 3437 546 3497; x_wconf 84' lang='lat' dir='ltr'><strong>erigatur</strong></span> <span class='ocrx_word' id='word_1_286' title='bbox 573 3434 624 3481; x_wconf 89' lang='lat' dir='ltr'><strong>in</strong></span> <span class='ocrx_word' id='word_1_287' title='bbox 646 3432 1082 3494; x_wconf 77' lang='lat' dir='ltr'><strong>congregationem</strong></span> <span class='ocrx_word' id='word_1_288' title='bbox 1103 3434 1300 3496; x_wconf 89' lang='lat' dir='ltr'><strong>proprie</strong></span> <span class='ocrx_word' id='word_1_289' title='bbox 1323 3430 1624 3492; x_wconf 84' lang='lat' dir='ltr'><strong>religiosam,</strong></span> <span class='ocrx_word' id='word_1_290' title='bbox 1646 3430 1699 3480; x_wconf 90' lang='lat' dir='ltr'><strong>id</strong></span> <span class='ocrx_word' id='word_1_291' title='bbox 1722 3436 1797 3482; x_wconf 80' lang='lat' dir='ltr'><strong>eat</strong></span> <span class='ocrx_word' id='word_1_292' title='bbox 1816 3443 1929 3494; x_wconf 77' lang='lat' dir='ltr'><strong>quae</strong></span> <span class='ocrx_word' id='word_1_293' title='bbox 1949 3429 2135 3481; x_wconf 86' lang='lat' dir='ltr'><strong>habeat</strong></span> <span class='ocrx_word' id='word_1_294' title='bbox 2153 3442 2323 3481; x_wconf 86' lang='lat' dir='ltr'><strong>essen-</strong></span> 
     </span>
     <span class='ocr_line' id='line_1_35' title="bbox 325 3518 2479 3585; baseline -0.003 -12"><span class='ocrx_word' id='word_1_295' title='bbox 325 3527 450 3574; x_wconf 85' lang='lat' dir='ltr'><strong>tiam</strong></span> <span class='ocrx_word' id='word_1_296' title='bbox 475 3525 643 3573; x_wconf 82' lang='lat' dir='ltr'><strong>status</strong></span> <span class='ocrx_word' id='word_1_297' title='bbox 669 3520 906 3583; x_wconf 79' lang='lat' dir='ltr'><strong>religiosi,</strong></span> <span class='ocrx_word' id='word_1_298' title='bbox 931 3532 1052 3573; x_wconf 87' lang='lat' dir='ltr'><strong>eum</strong></span> <span class='ocrx_word' id='word_1_299' title='bbox 1075 3525 1206 3573; x_wconf 80' lang='lat' dir='ltr'><strong>votis</strong></span> <span class='ocrx_word' id='word_1_300' title='bbox 1232 3520 1564 3585; x_wconf 43' lang='lat' dir='ltr'><strong>simplicibus»</strong></span> <span class='ocrx_word' id='word_1_301' title='bbox 1583 3552 1720 3574; x_wconf 82' lang='grc'><strong>.....</strong></span> <span class='ocrx_word' id='word_1_302' title='bbox 1739 3557 1753 3573; x_wconf 93' lang='grc'><strong>.</strong></span> <span class='ocrx_word' id='word_1_303' title='bbox 2146 3556 2159 3568; x_wconf 94' lang='grc'><strong>.</strong></span> <span class='ocrx_word' id='word_1_304' title='bbox 2180 3551 2221 3569; x_wconf 93' lang='grc'><strong>..</strong></span> <span class='ocrx_word' id='word_1_305' title='bbox 2242 3555 2255 3566; x_wconf 92' lang='grc'><strong>.</strong></span> <span class='ocrx_word' id='word_1_306' title='bbox 2275 3550 2317 3572; x_wconf 91' lang='grc'><strong>..</strong></span> <span class='ocrx_word' id='word_1_307' title='bbox 2390 3518 2479 3567; x_wconf 74' lang='grc'><strong>234</strong></span> 
     </span>
    </p>
   </div>
   <div class='ocr_carea' id='block_1_9' title="bbox 263 3626 2483 3868">
    <p class='ocr_par' dir='ltr' id='par_1_12' title="bbox 263 3626 2483 3868">
     <span class='ocr_line' id='line_1_36' title="bbox 263 3626 2328 3695; baseline -0.002 -18"><span class='ocrx_word' id='word_1_308' title='bbox 263 3631 294 3695; x_wconf 70' lang='lat' dir='ltr'><strong>g</strong></span> <span class='ocrx_word' id='word_1_309' title='bbox 325 3630 380 3681; x_wconf 76' lang='lat' dir='ltr'><strong>V.</strong></span> <span class='ocrx_word' id='word_1_310' title='bbox 413 3628 582 3691; x_wconf 82' lang='lat' dir='ltr'><strong>Qualis</strong></span> <span class='ocrx_word' id='word_1_311' title='bbox 600 3628 889 3692; x_wconf 83' lang='lat' dir='ltr'><strong>requiratur</strong></span> <span class='ocrx_word' id='word_1_312' title='bbox 915 3628 1050 3679; x_wconf 82' lang='lat' dir='ltr'><strong>sedis</strong></span> <span class='ocrx_word' id='word_1_313' title='bbox 1081 3628 1379 3692; x_wconf 76' lang='lat' dir='ltr'><strong>Apostolicae</strong></span> <span class='ocrx_word' id='word_1_314' title='bbox 1407 3626 1721 3691; x_wconf 89' lang='lat' dir='ltr'><strong>approbatio,</strong></span> <span class='ocrx_word' id='word_1_315' title='bbox 1746 3631 1807 3678; x_wconf 88' lang='lat' dir='ltr'><strong>ut</strong></span> <span class='ocrx_word' id='word_1_316' title='bbox 1826 3638 2014 3677; x_wconf 80' lang='lat' dir='ltr'><strong>novum</strong></span> <span class='ocrx_word' id='word_1_317' title='bbox 2036 3628 2328 3677; x_wconf 82' lang='lat' dir='ltr'><strong>institutum</strong></span> 
     </span>
     <span class='ocr_line' id='line_1_37' title="bbox 324 3714 2327 3795; baseline -0.003 -25"><span class='ocrx_word' id='word_1_318' title='bbox 324 3720 544 3780; x_wconf 87' lang='lat' dir='ltr'><strong>erigatur</strong></span> <span class='ocrx_word' id='word_1_319' title='bbox 569 3720 621 3766; x_wconf 93' lang='lat' dir='ltr'><strong>in</strong></span> <span class='ocrx_word' id='word_1_320' title='bbox 645 3718 1082 3780; x_wconf 85' lang='lat' dir='ltr'><strong>congregationem</strong></span> <span class='ocrx_word' id='word_1_321' title='bbox 1111 3718 1382 3781; x_wconf 86' lang='lat' dir='ltr'><strong>improprie</strong></span> <span class='ocrx_word' id='word_1_322' title='bbox 1400 3716 1708 3779; x_wconf 86' lang='lat' dir='ltr'><strong>religiosam,</strong></span> <span class='ocrx_word' id='word_1_323' title='bbox 1738 3715 1789 3765; x_wconf 93' lang='lat' dir='ltr'><strong>id</strong></span> <span class='ocrx_word' id='word_1_324' title='bbox 1829 3718 1909 3765; x_wconf 85' lang='lat' dir='ltr'><strong>est</strong></span> <span class='ocrx_word' id='word_1_325' title='bbox 1937 3717 2009 3765; x_wconf 86' lang='lat' dir='ltr'><strong>ita</strong></span> <span class='ocrx_word' id='word_1_326' title='bbox 2030 3720 2207 3795; x_wconf 76' lang='lat' dir='ltr'><strong>utnon</strong></span> <span class='ocrx_word' id='word_1_327' title='bbox 2236 3714 2327 3764; x_wconf 89' lang='lat' dir='ltr'><strong>ha-</strong></span> 
     </span>
     <span class='ocr_line' id='line_1_38' title="bbox 327 3804 2483 3868; baseline -0.002 -11"><span class='ocrx_word' id='word_1_328' title='bbox 327 3807 447 3857; x_wconf 88' lang='lat' dir='ltr'><strong>beat</strong></span> <span class='ocrx_word' id='word_1_329' title='bbox 471 3808 633 3857; x_wconf 81' lang='lat' dir='ltr'><strong>status</strong></span> <span class='ocrx_word' id='word_1_330' title='bbox 653 3804 870 3868; x_wconf 78' lang='lat' dir='ltr'><strong>religiosi</strong></span> <span class='ocrx_word' id='word_1_331' title='bbox 892 3808 1166 3857; x_wconf 82' lang='lat' dir='ltr'><strong>essentiam</strong></span> <span class='ocrx_word' id='word_1_332' title='bbox 1175 3837 2224 3858; x_wconf 90' lang='grc'><strong>..................................</strong></span> <span class='ocrx_word' id='word_1_333' title='bbox 2248 3839 2289 3853; x_wconf 88' lang='grc'><strong>..</strong></span> <span class='ocrx_word' id='word_1_334' title='bbox 2307 3840 2324 3854; x_wconf 91' lang='grc'><strong>.</strong></span> <span class='ocrx_word' id='word_1_335' title='bbox 2392 3804 2483 3855; x_wconf 76' lang='grc'><strong>236</strong></span> 
     </span>
    </p>
   </div>
   <div class='ocr_carea' id='block_1_10' title="bbox 201 3946 2478 4461">
    <p class='ocr_par' dir='ltr' id='par_1_13' title="bbox 201 3946 2477 4093">
     <span class='ocr_line' id='line_1_39' title="bbox 201 3946 2332 4021; baseline -0.003 -17"><span class='ocrx_word' id='word_1_336' title='bbox 201 3951 407 4006; x_wconf 74' lang='lat' dir='ltr'>CAPUT</span> <span class='ocrx_word' id='word_1_337' title='bbox 438 3953 497 4002; x_wconf 81' lang='lat' dir='ltr'><strong>V.</strong></span> <span class='ocrx_word' id='word_1_338' title='bbox 529 3952 596 4002; x_wconf 86' lang='lat' dir='ltr'><strong>De</strong></span> <span class='ocrx_word' id='word_1_339' title='bbox 627 3949 843 4001; x_wconf 82' lang='lat' dir='ltr'><strong>Romani</strong></span> <span class='ocrx_word' id='word_1_340' title='bbox 876 3949 1130 4001; x_wconf 68' lang='lat' dir='ltr'><strong>Pontificio</strong></span> <span class='ocrx_word' id='word_1_341' title='bbox 1155 3948 1519 4021; x_wconf 72' lang='lat' dir='ltr'><strong>infallibilitate</strong></span> <span class='ocrx_word' id='word_1_342' title='bbox 1546 3951 1601 4000; x_wconf 88' lang='lat' dir='ltr'><strong>in</strong></span> <span class='ocrx_word' id='word_1_343' title='bbox 1626 3946 1963 4014; x_wconf 79' lang='lat' dir='ltr'><strong>approbandis</strong></span> <span class='ocrx_word' id='word_1_344' title='bbox 1990 3947 2229 4010; x_wconf 77' lang='lat' dir='ltr'><strong>religiosis</strong></span> <span class='ocrx_word' id='word_1_345' title='bbox 2252 3959 2332 3998; x_wconf 88' lang='lat' dir='ltr'><strong>or-</strong></span> 
     </span>
     <span class='ocr_line' id='line_1_40' title="bbox 323 4036 2477 4093; baseline -0.003 -2"><span class='ocrx_word' id='word_1_346' title='bbox 323 4040 524 4091; x_wconf 87' lang='lat' dir='ltr'><strong>dinibus</strong></span> <span class='ocrx_word' id='word_1_347' title='bbox 527 4069 2315 4093; x_wconf 85' lang='grc'><strong>.........................................................</strong></span> <span class='ocrx_word' id='word_1_348' title='bbox 2388 4036 2477 4087; x_wconf 78' lang='grc'><strong>237</strong></span> 
     </span>
    </p>

    <p class='ocr_par' dir='ltr' id='par_1_14' title="bbox 263 4122 2329 4194">
     <span class='ocr_line' id='line_1_41' title="bbox 263 4122 2329 4194; baseline -0.003 -16"><span class='ocrx_word' id='word_1_349' title='bbox 263 4128 548 4194; x_wconf 79' lang='lat' dir='ltr'><strong>Propositio</strong></span> <span class='ocrx_word' id='word_1_350' title='bbox 587 4125 648 4178; x_wconf 75' lang='lat'><strong>1⁸.</strong></span> <span class='ocrx_word' id='word_1_351' title='bbox 681 4128 946 4181; x_wconf 83' lang='lat' dir='ltr'><strong>Romanus</strong></span> <span class='ocrx_word' id='word_1_352' title='bbox 976 4128 1208 4179; x_wconf 76' lang='lat' dir='ltr'><strong>Pontifex</strong></span> <span class='ocrx_word' id='word_1_353' title='bbox 1247 4127 1528 4179; x_wconf 83' lang='lat' dir='ltr'><strong>infallibilis</strong></span> <span class='ocrx_word' id='word_1_354' title='bbox 1557 4128 1709 4176; x_wconf 81' lang='lat' dir='ltr'><strong>estin</strong></span> <span class='ocrx_word' id='word_1_355' title='bbox 1728 4122 2063 4189; x_wconf 80' lang='lat' dir='ltr'><strong>approbandis</strong></span> <span class='ocrx_word' id='word_1_356' title='bbox 2086 4123 2329 4185; x_wconf 82' lang='lat' dir='ltr'><strong>religiosis</strong></span> 
     </span>
    </p>

    <p class='ocr_par' dir='ltr' id='par_1_15' title="bbox 328 4213 2328 4281">
     <span class='ocr_line' id='line_1_42' title="bbox 328 4213 2328 4281; baseline -0.004 -14"><span class='ocrx_word' id='word_1_357' title='bbox 328 4217 604 4279; x_wconf 83' lang='lat' dir='ltr'><strong>ordinibus,</strong></span> <span class='ocrx_word' id='word_1_358' title='bbox 627 4216 679 4266; x_wconf 90' lang='lat' dir='ltr'><strong>id</strong></span> <span class='ocrx_word' id='word_1_359' title='bbox 699 4222 778 4267; x_wconf 82' lang='lat' dir='ltr'><strong>est</strong></span> <span class='ocrx_word' id='word_1_360' title='bbox 794 4219 847 4267; x_wconf 92' lang='lat' dir='ltr'><strong>in</strong></span> <span class='ocrx_word' id='word_1_361' title='bbox 870 4218 1268 4281; x_wconf 86' lang='lat' dir='ltr'><strong>pronuntiando,</strong></span> <span class='ocrx_word' id='word_1_362' title='bbox 1287 4216 1495 4281; x_wconf 85' lang='lat' dir='ltr'><strong>aliquod</strong></span> <span class='ocrx_word' id='word_1_363' title='bbox 1518 4216 1804 4279; x_wconf 86' lang='lat' dir='ltr'><strong>religiosum</strong></span> <span class='ocrx_word' id='word_1_364' title='bbox 1830 4214 2123 4263; x_wconf 84' lang='lat' dir='ltr'><strong>institutum</strong></span> <span class='ocrx_word' id='word_1_365' title='bbox 2146 4222 2255 4262; x_wconf 82' lang='lat' dir='ltr'><strong>ease</strong></span> <span class='ocrx_word' id='word_1_366' title='bbox 2272 4213 2328 4261; x_wconf 89' lang='lat' dir='ltr'><strong>in</strong></span> 
     </span>
    </p>

    <p class='ocr_par' dir='ltr' id='par_1_16' title="bbox 325 4301 2478 4461">
     <span class='ocr_line' id='line_1_43' title="bbox 328 4301 2327 4372; baseline -0.003 -16"><span class='ocrx_word' id='word_1_367' title='bbox 328 4318 381 4356; x_wconf 82' lang='lat' dir='ltr'><strong>se</strong></span> <span class='ocrx_word' id='word_1_368' title='bbox 405 4304 700 4366; x_wconf 82' lang='lat' dir='ltr'><strong>honestum,</strong></span> <span class='ocrx_word' id='word_1_369' title='bbox 724 4310 776 4359; x_wconf 90' lang='lat' dir='ltr'><strong>et</strong></span> <span class='ocrx_word' id='word_1_370' title='bbox 804 4305 991 4359; x_wconf 83' lang='lat' dir='ltr'><strong>habere</strong></span> <span class='ocrx_word' id='word_1_371' title='bbox 1017 4312 1182 4361; x_wconf 81' lang='lat' dir='ltr'><strong>status</strong></span> <span class='ocrx_word' id='word_1_372' title='bbox 1206 4309 1427 4372; x_wconf 83' lang='lat' dir='ltr'><strong>religiosi</strong></span> <span class='ocrx_word' id='word_1_373' title='bbox 1458 4308 1749 4367; x_wconf 82' lang='lat' dir='ltr'><strong>essentiam,</strong></span> <span class='ocrx_word' id='word_1_374' title='bbox 1774 4306 1827 4354; x_wconf 89' lang='lat' dir='ltr'><strong>et</strong></span> <span class='ocrx_word' id='word_1_375' title='bbox 1842 4314 1955 4352; x_wconf 85' lang='lat' dir='ltr'><strong>esse</strong></span> <span class='ocrx_word' id='word_1_376' title='bbox 1974 4303 2040 4353; x_wconf 86' lang='lat' dir='ltr'><strong>ad</strong></span> <span class='ocrx_word' id='word_1_377' title='bbox 2062 4301 2327 4365; x_wconf 88' lang='lat' dir='ltr'><strong>acquiren-</strong></span> 
     </span>
     <span class='ocr_line' id='line_1_44' title="bbox 325 4392 2478 4461; baseline -0.001 -18"><span class='ocrx_word' id='word_1_378' title='bbox 325 4393 442 4445; x_wconf 88' lang='lat' dir='ltr'><strong>dam</strong></span> <span class='ocrx_word' id='word_1_379' title='bbox 469 4396 832 4461; x_wconf 76' lang='lat' dir='ltr'><strong>perfectionem</strong></span> <span class='ocrx_word' id='word_1_380' title='bbox 864 4397 988 4449; x_wconf 85' lang='lat' dir='ltr'><strong>utile</strong></span> <span class='ocrx_word' id='word_1_381' title='bbox 1001 4425 2317 4453; x_wconf 87' lang='grc'><strong>...........................................</strong></span> <span class='ocrx_word' id='word_1_382' title='bbox 2388 4392 2478 4442; x_wconf 75' lang='grc'><strong>288</strong></span> 
     </span>
    </p>
   </div>
  </div>
 </body>
</html>
