2834 4959
1092 334 1246 381 PARS<
1286 332 1525 382 mm.
2318 327 2352 383 3
2362 328 2396 381 4
2406 326 2442 379 5

922 636 929 643 ’
1026 670 1472 780 SEc'rlo
1537 672 1618 776 11

329 956 653 1009 conm‘no
706 952 1060 1005 CANONICA
1106 952 1574 1005 REGULARIUM
1625 952 1700 1003 VI
1756 954 2270 1030 DISPERSORUM.

1213 1198 1434 1210 *-

279 1488 597 1581 Contingit
654 1488 1009 1561 identidem
1071 1494 1229 1585 (non
1286 1500 1501 1563 tamen
1554 1502 1786 1587 praeter
1853 1496 2244 1565 altissimum
2311 1494 2452 1575 Dei,

196 1603 529 1675 electorum
574 1628 847 1675 suorum
886 1608 1193 1677 virtutem
1242 1613 1305 1676 et
1350 1610 1773 1677 constantiam
1819 1630 2112 1679 exercere
2159 1608 2453 1693 volentiS‚

194 1722 563 1811 consilium)
614 1728 715 1803 ut,
779 1729 1085 1793 aestuante
1142 1742 1496 1814 pravorum
1551 1724 1624 1793 in
1677 1729 1928 1793 sanctos
1993 1724 2454 1813 persecutione,

192 1843 297 1905 aut
376 1838 659 1905 irruente
718 1838 1131 1929 politicarum
1209 1838 1770 1928 perturbationum
1825 1838 2112 1922 turbine,
2175 1838 2460 1926 regionis

196 1952 470 2042 alicujus
506 1952 811 2043 religiosae
854 1954 1121 2025 familiae
1150 1975 1187 2021 e
1232 1952 1492 2023 sedibus
1534 1953 1668 2021 suis
1701 1952 2009 2021 violenter
2033 1953 2456 2039 expellantur,

194 2066 499 2137 domibus
566 2068 933 2159 caeterisque
996 2069 1182 2137 bonis
1251 2069 1389 2137 suis
1439 2066 1900 2157 temporalibus
1955 2066 2334 2158 spolientur,
2405 2072 2466 2133 et

193 2202 700 2272 quaquaversum
754 2184 1027 2275 dispersi
1078 2181 1475 2271 collegialem
1525 2181 1800 2251 instituti
1851 2182 1950 2251 sui
2007 2180 2206 2249 vitam
2264 2182 2462 2249 inter·

193 2318 493 2389 rumpere
537 2302 874 2387 cogantur.
924 2297 1187 2369 Maximi
1222 2318 1411 2388 porro
1457 2299 1742 2385 interest,
1791 2298 1872 2367 ad
1916 2302 2086 2367 reete
2131 2297 2462 2366 solvendas

194 2411 601 2483 difficultates
630 2434 762 2483 non
808 2434 1071 2505 paucas,
1102 2435 1321 2483 veram
1358 2436 1542 2485 nosse
1571 2414 1998 2503 regularium,
2031 2414 2100 2481 in
2138 2414 2312 2483 hisce
2339 2415 2464 2482 cir-

196 2528 599 2596 cumstantiis
638 2529 1059 2616 versantium,
1096 2529 1536 2599 conditionem
1562 2532 1963 2599 canonicam.
2001 2528 2086 2597 Et
2113 2529 2466 2620 praesertim

194 2641 613 2733 quandoper
641 2642 863 2730 illum,
906 2645 1023 2734 qui
1063 2646 1343 2733 imperat
1386 2640 1692 2711 fluetibus
1727 2650 1792 2709 et
1823 2643 2018 2725 mari,
2063 2644 2274 2711 sedata
2300 2650 2467 2711 tem·

198 2764 431 2845 pestem,
466 2780 571 2829 eos
618 2759 773 2829 sinit
816 2758 898 2829 ad
928 2760 1199 2851 pristina
1238 2757 1492 2827 sedium
1533 2777 1804 2825 suarum
1843 2756 1984 2825 loca
2015 2778 2323 2836 remeare,
2367 2764 2470 2823 at-

197 2893 326 2961 que
364 2872 483 2955 ibi,
534 2883 645 2944 aut
688 2875 1019 2945 derelictos
1068 2877 1424 2947 conventus
1467 2889 1888 2952 reassumere,
1945 2873 2054 2935 out
2103 2888 2300 2935 novos
2345 2866 2470 2935 sibi

195 2988 513 3051 exstruere
553 2983 657 3051 vel
708 3004 1105 3073 comparare,
1169 2979 1375 3049 multa
1430 2998 1768 3059 occurrere
1819 2980 2088 3069 possunt
2137 2975 2332 3043 dubia
2391 2972 2472 3043 de

198 3096 564 3186 respectivis
606 3096 1075 3187 Episcoporum
1116 3092 1181 3165 et'
1228 3094 1632 3184 regularium
1674 3091 1940 3161 illorum
1980 3087 2266 3181 juribuS,
2317 3110 2472 3157 nee-

198 3230 329 3279 non
384 3212 465 3279 de
526 3211 833 3279 canonica
885 3210 955 3279 in
1006 3210 1183 3305 bisce
1243 3206 1814 3277 instaurationibus
1870 3201 2180 3274 servanda
2236 3202 2462 3271 forma.

202 3322 375 3393 Hinc
402 3326 525 3395 sub
562 3325 859 3417 praesenti
891 3313 1534 3412 'sectione'agendum
1579 3322 1794 3391 visum
1836 3327 1953 3406 est,
2004 3319 2066 3386 1⁰
2095 3319 2174 3388 de
2214 3318 2472 3407 regula-

198 3438 385 3510 ribus
408 3440 477 3510 in
516 3440 911 3533 dispersione
936 3437 1385 3526 existentibus3
1437 3438 1503 3505 2⁰
1543 3438 1624 3507 de
1665 3437 1897 3507 iisdem
1933 3436 2014 3505 ad
2045 3436 2316 3528 pristina
2355 3455 2510 3509 sua,

196 3551 341 3625 loca
366 3557 825 3625 remeantibus.

1152 3775 1431 3847 CAPUT
1469 3776 1522 3845 1.

241 3982 329 4027 DE
373 3982 735 4030 conmnom:
782 3980 1089 4029 CANOMGA
1134 3978 1524 4025 REGULARIUM
1567 3978 1634 4025 v1
1676 3976 2110 4035 ntsrmisontm,
2155 3970 2436 4019 DURANTE

1102 4102 1111 4111 ·
1126 4076 1542 4125 msrnnsxonss.

296 4261 585 4351 Agemus
633 4261 695 4328 1⁰
747 4258 827 4329 de
866 4260 1155 4349 ipsorum
1201 4254 1747 4347 obligationibus:
1798 4252 1864 4321 2⁰
1914 4252 1993 4323 de
2037 4251 2330 4342 ipsorum
2360 4250 2474 4338 ju-

192 4374 411 4445 ribus.
