2834 4959
392 353 512 410 230
912 357 1251 405 TRAGTATUS
1296 361 1375 406 m:
1421 361 1570 408 mm:
1617 357 2035 405 assummum.

380 503 417 546 α
442 478 813 568 Reliquam,
844 477 890 544 l.
930 477 1000 565 2,
1031 499 1088 546 c.
1128 478 1234 564 16,
1268 501 1337 546 n.
1374 480 1456 549 18
1486 487 1548 546 et
1581 479 1688 548 19.
1725 503 1760 542 υ
1811 476 2158 567 (Antonius
2191 499 2228 545 a
2253 477 2322 546 S.
2377 477 2652 570 Spiritu,

375 593 821 664 Directorz‘um
844 591 1297 684 amularium,
1328 601 1602 664 tractatu
1627 593 1694 680 3,
1727 593 1895 682 disp.
1935 593 1995 678 1,
2031 600 2180 660 sect.
2211 595 2282 673 2,
2313 617 2386 662 n.
2421 595 2572 685 68.)

464 710 841 780 Doctrinam
891 710 1087 797 hanc,
1130 715 1349 801 utpote
1387 708 1906 779 communiorem
1945 715 2006 775 et
2051 712 2508 800 peremptoriis
2555 733 2652 782 ra·
2774 693 2775 724 ἦ

256 873 269 880 -
375 826 662 896 tionibus
698 826 1057 906 fundatam,
1087 826 1357 893 omnino
1388 823 1736 892 tenendam
1769 821 2228 910 existimarem,
2259 825 2387 893 nisi
2435 825 2498 892 ei
2541 829 2648 895 ad-

375 941 613 1010 versari
656 939 979 1008 videretur
1018 937 1352 1008 Benedicti
1396 937 1550 1010 XIV
1587 937 1952 1006 auctoritas,
1993 935 2206 1016 Quare
2247 939 2648 1029 subjicienda

372 1078 554 1127 nunc
594 1061 655 1124 et
698 1055 1041 1143 diligenter
1080 1055 1494 1146 expendenda
1541 1052 1884 1123 clarissimi
1935 1050 2264 1121 pontificis
2299 1054 2426 1122 hac
2469 1055 2548 1126 de
2587 1078 2648 1126 re

370 1171 591 1241 verba.

463 1285 1003 1356 PnorosmollP.
1037 1323 1128 1336 -
1154 1285 1490 1353 Doctrinae
1507 1286 1628 1352 sub
1639 1285 2096 1376 propositione
2111 1284 2524 1374 proecedenti
2539 1311 2645 1356 ex·-

368 1406 605 1496 positae
628 1405 973 1472 adversari
1000 1404 1259 1473 videtur
1290 1403 1676 1474 Benedictus
1699 1407 1880 1477 XIV.
1911 1441 1999 1456 --
2025 1405 2371 1473 Exstnhant
2396 1407 2468 1474 in
2501 1407 2648 1477 Ger-

370 1523 589 1589 mania
614 1520 945 1601 moniales,
978 1520 1267 1610 virqz'nes
1302 1521 1710 1610 Anqlicanae
1739 1527 2155 1610 nuncupatae,
2198 1521 2433 1611 absque
2461 1524 2644 1592 clau-

370 1659 521 1705 sura
564 1643 626 1704 et
672 1637 833 1704 votis
872 1636 1269 1704 solemnibus
1318 1638 1650 1725 degenteS,
1707 1659 1987 1726 quarum
2033 1639 2289 1726 regulas
2333 1642 2642 1730 approha-

368 1757 545 1821 verat
616 1758 679 1820 et
752 1751 1245 1820 confirmaverat
1315 1751 1616 1821 Clemens
1696 1751 1815 1818 XI.
1895 1751 2160 1820 Exortas
2241 1756 2642 1844 postmodum

366 1867 741 1954 nonnullae,
776 1868 989 1955 quoad
1033 1868 1297 1935 illarum
1330 1868 1669 1954 virginum
1712 1873 2064 1938 conventus
2103 1891 2218 1937 seu
2255 1877 2641 1941 conservato·

365 1985 487 2070 ria,
539 1984 1026 2066 controversiaS,
1078 1991 1153 2051 ut
1197 1983 1529 2051 dirimeret
1577 1981 1962 2052 Benedictus
2015 1982 2195 2067 xlv,
2256 1985 2464 2053 edidit
2507 2008 2642 2054 con-

366 2097 765 2166 stitutionem
794 2119 982 2166 suam
1016 2098 1329 2180 Quamvis
1350 2100 1542 2186 justo
1575 2096 1686 2188 (30
1725 2095 1948 2186 aprilis
1982 2098 2180 2183 1749,
2214 2100 2286 2166 in
2337 2103 2486 2189 ejus
2517 2099 2642 2168 bul-

368 2212 553 2297 lario,
590 2218 769 2279 tomo
796 2211 863 2296 3,
898 2234 966 2278 n.
1010 2211 1117 2301 7);
1154 2209 1294 2297 ubi,
1340 2212 1510 2278 inter
1557 2210 1707 2290 alia,
1755 2213 2157 2302 pronuntiat,
2195 2213 2492 2303 virgines
2517 2214 2638 2281 illas

368 2347 517 2395 vere
557 2326 895 2414 reliqiosas
934 2347 1070 2394 non
1099 2347 1259 2408 esse,
1290 2347 1413 2394 nec
1445 2327 1730 2416 ipsarum
1759 2333 1904 2394 vota
1937 2349 2056 2418 pro
2093 2329 2502 2397 solemnibus
2531 2329 2636 2396 ha—

367 2440 605 2509 benda.
662 2440 873 2520 Quam
922 2441 1317 2508 decisionem
1372 2447 1449 2507 ut
1501 2442 1746 2508 ‘ratione
1800 2442 1998 2510 etiam
2055 2463 2276 2510 veram
2337 2443 2632 2525 ostendat,

372 2555 513 2626 haec
558 2556 900 2644 subjungit
944 2555 1009 2647 (ξ
1052 2555 1159 2647 13)
1204 2554 1389 2624 valde
1427 2555 1813 2623 attendenda
1858 2557 2054 2624 verba
2089 2580 2105 2624 ε
2165 2583 2200 2624 «
2249 2557 2317 2627 Si
2361 2561 2544 2628 enim
2572 2557 2635 2626 ad

378 2695 413 2738 ε(
443 2673 782 2739 essentiam
844 2677 1043 2739 status
1097 2693 1247 2740 vere
1308 2670 1594 2760 religiosi
1667 2673 2048 2760 requiritur,
2120 2680 2193 2741 ut
2251 2673 2488 2763 religio
2546 2693 2636 2741 seu

378 2809 413 2850 α
438 2785 597 2854 ordo
620 2786 693 2852 in
734 2785 1114 2873 hujusmodi
1150 2793 1319 2854 statu
1356 2786 1744 2876 Apostolicae
1785 2787 1954 2855 sedis
1997 2785 2498 2856 confirmatione
2531 2794 2635 2856 sta·

380 2925 413 2964 a
442 2901 707 2969 biliatur
764 2902 963 2990 (juxta
1017 2903 1355 2970 canonicas
1416 2902 1804 2982 sanctiones,
1881 2901 1962 2970 de
2023 2902 2264 2991 quibus
2316 2902 2388 2970 in
2457 2903 2635 2992 capite

2774 377 2775 404 l

2773 435 2775 474 ⁴

382 3043 417 3083 ι(
444 3018 641 3084 unico
684 3017 762 3085 de
810 3015 1157 3106 Reliqiosis
1182 3015 1524 3102 Domibus,
1581 3017 1648 3084 in
1703 3015 1798 3106 6),
1853 3037 1976 3084 nec
2017 3015 2260 3084 sufficit
2307 3015 2392 3083 ab
2447 3015 2638 3085 eadem
2755 3068 2760 3079 .

380 3159 415 3198 «
441 3133 804 3224 Apostolica
852 3134 997 3201 sede
1040 3131 1398 3202 obtinuisse
1449 3135 1757 3201 duntaxat
1791 3132 2326 3223 approbationem
2383 3139 2452 3200 et
2495 3151 2633 3198 con-

380 3273 417 3313 «
442 3249 875 3316 firmationem
904 3249 1308 3339 regularum,
1348 3269 1512 3337 quas
1553 3250 1774 3338 aliqua
1817 3249 2108 3316 virorum
2155 3252 2268 3314 aut
2293 3245 2631 3316 mulierum

382 3387 417 3428 <c
443 3363 707 3432 societas
754 3364 879 3432 sibi
928 3363 1353 3434 observandas
1395 3365 1890 3454 praescripserim
1939 3363 1993 3433 si
2041 3371 2186 3431 vota
2231 3361 2627 3453 paupertatis

378 3501 415 3543 «
442 3476 823 3546 obedientiae
860 3486 923 3546 et
962 3479 1290 3563 castitatiS,
1334 3479 1417 3547 ab
1461 3478 1836 3568 Anglicanis
1883 3478 2254 3567 virginibus
2300 3477 2534 3546 emissa
2565 3471 2628 3541 ad

378 3617 412 3659 α
438 3594 719 3663 formam
768 3597 1142 3684 regularum
1191 3617 1230 3662 a
1276 3593 1607 3664 Clemente
1653 3593 1741 3664 Xl
1789 3594 2316 3686 approbatarum,
2373 3593 2629 3682 conjun-

376 3735 411 3777 α
438 3717 537 3780 cta
587 3713 719 3780 dici
770 3717 1106 3801 nequeunt
1158 3733 1311 3780 cum
1374 3733 1668 3804 expressa
1719 3717 1833 3780 aut
1887 3711 2079 3779 tacita
2135 3709 2524 3799 professione
2566 3705 2626 3770 in

378 3851 413 3892 α
441 3827 661 3917 aliquo
704 3827 931 3896 ordine
965 3849 1083 3918 per
1120 3829 1339 3896 sedem
1384 3827 1844 3920 Apostolieam‚
1894 3832 1972 3896 ut
2011 3827 2374 3918 praefertur,
2415 3838 2624 3913 appro-

374 3967 411 4008 «
436 3943 627 4028 bato;
690 3943 861 4012 clare
906 3949 1099 4034 patet,
1142 3949 1207 4012 et
1252 3951 1493 4012 statum
1539 3944 1876 4033 virginum
1929 3943 2446 4033 Anglicanarum
2512 3953 2622 4005 non

372 4083 409 4125 a
436 4079 573 4127 esse
610 4066 849 4128 statum
874 4079 1045 4128 verae
1085 4058 1447 4149 religioniS,
1486 4065 1548 4128 et
1591 4065 1736 4128 vota
1777 4079 1923 4148 quae
1957 4058 2040 4126 ab
2083 4055 2242 4148 ipsis
2275 4056 2440 4123 flunt
2483 4052 2622 4118 sim-

372 4201 405 4245 «
436 4174 630 4268 plicia
658 4175 737 4244 ad
778 4195 1121 4245 summum
1154 4181 1322 4263 vota,
1361 4195 1495 4244 non
1529 4197 1677 4244 vero
1719 4173 2058 4258 solemnia,
2091 4172 2338 4242 censeri
2379 4164 2614 4243 debere,

370 4315 407 4356 (ι
432 4293 510 4361 ad
549 4289 837 4360 tramites
871 4293 1207 4362 decretalis
1234 4291 1552 4360 Bonifacii
1589 4290 1776 4383 Papae
1813 4289 1994 4375 vlu,
2037 4310 2186 4381 quae
2213 4285 2406 4358 unica
2435 4273 2614 4350 exstat

368 4433 402 4474 κ
429 4407 555 4477 sub
580 4408 769 4476 titulo
792 4405 871 4476 de
893 4420 1045 4477 voto
1062 4420 1129 4478 et
1156 4409 1301 4478 voti
1312 4407 1785 4501 redemptione,
1820 4409 1890 4477 in
1917 4408 1986 4476 6.
2017 4431 2054 4472 »
2347 4391 2352 4394 ¹
