2834 4959
1089 357 1241 404 PARS
1283 357 1575 406 SECUNDA.
2345 361 2414 414 21
2435 359 2467 414 3

188 497 405 569 neque
450 474 649 543 etiam
682 472 823 541 laus
865 474 1054 542 alicui
1098 497 1281 546 novae
1324 479 1812 570 congregationi
1861 503 1898 548 a
1933 483 2082 551 sede
2111 484 2476 575 Apostolica

184 592 637 684 impertiatur,
690 590 820 656 nisi
875 597 1289 683 congregatio
1340 595 1483 662 haec
1499 598 1634 686 jam
1669 594 1751 664 ab
1800 594 2132 687 aliquanto
2195 608 2478 692 tempore

180 711 439 792 existat,
490 708 556 772 et
596 703 907 795 temporis
954 710 1390 798 experimento
1439 710 1519 778 de
1568 711 1860 800 ejusdem
1909 713 2178 782 utilitate
2233 721 2296 784 et
2341 718 2479 784 suf-

182 827 485 892 ficienter
515 843 825 913 prospera
861 825 1229 894 conditione
1274 831 1541 894 constet.
1595 825 1853 896 Praxim
1899 829 2080 896 illam
2134 831 2480 902 testabatur

187 937 781 1007 Emineniissimus
822 937 1181 1008 Cardinalis
1218 939 1449 1024 Orioli,
1497 963 1670 1010 anno
1728 941 1926 1028 1848,
1975 945 2042 1014 in
2089 947 2480 1036 expositione

196 1073 442 1138 causoe,
476 1073 693 1121 coram
727 1051 923 1122 Sacra
953 1053 1464 1145 congregatione
1484 1055 1948 1149 Episcoporum
1971 1066 2034 1128 et
2055 1061 2480 1151 Regularium

202 1167 539 1258 pendentis
594 1168 691 1258 (1)
738 1192 755 1236 ι
818 1168 1026 1250 avos
1076 1168 1485 1254 Eminence8‚
1546 1171 1904 1262 inquiebat,
1977 1177 2383 1245 connaissent
2419 1179 2482 1246 la

216 1311 251 1351 ιι
290 1284 563 1352 maxime
613 1283 704 1351 du
754 1283 1179 1375 Saint-Siegffi
1240 1287 1316 1355 de
1372 1309 1454 1354 ne
1519 1309 1631 1378 pas
1676 1310 2038 1380 approuver
2081 1312 2173 1359 un
2233 1293 2484 1361 institut

212 1424 250 1464 «ι
286 1401 397 1489 qui
454 1419 538 1467 ne
595 1401 789 1468 serait
849 1402 1037 1490 point
1082 1403 1361 1493 propage
1435 1403 1908 1472 suffisamment
1971 1428 2053 1475 eu
2120 1407 2320 1495 egard
2397 1430 2482 1478 au

208 1541 243 1578 ι
274 1523 513 1605 temps,
552 1535 679 1582 aux
708 1514 883 1584 lieux
925 1522 987 1582 et
1036 1538 1161 1583 aux
1204 1538 1571 1606 personnes,
1617 1540 1703 1586 ou
1732 1520 1890 1588 dont
1915 1521 2004 1588 les
2033 1523 2484 1592 constitutions

202 1655 235 1695 ι
262 1631 643 1698 n‘auraient
684 1653 797 1720 pas
837 1630 984 1700 subi
1035 1631 1362 1722 l’epreuve
1404 1632 1483 1700 de
1523 1633 1970 1724 l’experience,
2019 1657 2104 1704 ou
2151 1639 2260 1725 qui
2289 1638 2486 1705 n’au-

198 1773 233 1812 σε
263 1748 389 1814 tait
435 1767 559 1837 pas
596 1766 761 1836 pour
810 1747 1006 1814 vivre.
1083 1745 1165 1814 Et
1214 1747 1496 1836 lorsque,
1551 1769 1668 1838 par
1715 1749 1930 1817 desani
1981 1750 2060 1818 de
2111 1773 2213 1818 ces
2262 1753 2484 1820 condi-

202 1887 237 1926 «
264 1862 435 1930 tions
468 1913 485 1939 ,
542 1861 609 1928 la
662 1861 893 1930 Sacrae
937 1862 1407 1952 Congregation
1479 1885 1560 1931 ne
1611 1866 1768 1952 juge
1829 1886 1941 1954 pas
2000 1870 2272 1954 pouvoir
2331 1889 2483 1956 pro-

214 2001 249 2040 «
276 1977 471 2044 ceder
508 1977 545 2044 a
587 1976 1055 2067 l’approbation
1087 1977 1167 2044 de
1216 1977 1544 2056 l’institut,
1595 1976 1713 2043 elle
1761 1999 1797 2042 a
1849 1985 2152 2045 coutume
2201 1981 2280 2045 de
2325 1982 2484 2048 l'en-

207 2115 243 2156 α
269 2112 588 2181 cour-ager
632 2113 711 2159 en
784 2093 1267 2182 applaudissant
1318 2113 1398 2159 au
1451 2092 1582 2159 zele
1655 2092 1743 2160 du
1806 2092 2163 2176 fundamur,
2245 2115 2330 2160 ou
2404 2117 2482 2162 en

204 2209 503 2278 «leuant
552 2208 615 2274 le
667 2208 785 2276 but
847 2210 925 2277 de
975 2208 1277 2276 l’institut
1322 2210 1584 2293 meme3
1648 2209 2050 2297 quelquesois
2107 2230 2342 2278 encore
2397 2231 2478 2276 en

208 2329 688 2415 «approuvant
757 2323 1081 2404 l'institut‚
1150 2325 1357 2392 tandis
1411 2345 1538 2413 que
1589 2324 2062 2414 l'approbation
2117 2325 2226 2392 des
2272 2326 2481 2414 regles

210 2465 241 2504 α
268 2445 363 2506 est
390 2437 717 2528 renvoyee
766 2439 803 2505 ὲ
853 2460 945 2506 un
993 2446 1202 2528 temps
1250 2439 1396 2528 plus
1450 2446 1793 2529 opportun.
1855 2442 2068 2530 Ainsi‚
2129 2463 2243 2530 par
2271 2463 2484 2508 exem-

208 2578 245 2616 α
276 2555 413 2640 pie,
445 2554 601 2622 daus
628 2553 693 2620 la
720 2553 1149 2620 consultati-on
1176 2553 1430 2621 recente
1460 2555 1538 2642 (A
1548 2555 1980 2642 aemonensis,
2013 2579 2212 2647 super
2239 2579 2484 2648 appro-

218 2691 257 2732 α
284 2667 549 2736 batione
578 2668 881 2736 instituti
922 2680 985 2736 et
1033 2666 1593 2734 constitutionum
1635 2668 1776 2756 piae
1812 2670 2140 2737 societatis
2190 2672 2485 2739 Sanctis-

224 2805 264 2844 «
289 2780 455 2846 simi
502 2778 991 2872 Redemptor-is),
1055 2782 1119 2848 la
1174 2780 1403 2850 Sacree
1461 2777 1933 2868 congregation
1982 2803 2021 2848 a
2062 2785 2223 2870 juge
2284 2785 2484 2870 qu'on

117 2871 143 2888 ⁶
224 2919 265 2958 «ι
293 2894 501 2962 devait
542 2895 795 2966 differer
830 2896 1305 2988 i'approbation
1342 2895 1544 2984 qu’on
1571 2892 1941 2963 demandait
1981 2917 2144 2984 pour
2187 2895 2485 2964 l’institut

224 3033 261 3076 ει
290 3009 403 3078 des
424 3009 649 3101 tegle&
698 3020 852 3080 etse
880 3017 1211 3080 contenter
1234 3012 1313 3080 de
1341 3011 1527 3080 louer
1552 3012 1612 3080 le
1635 3010 1756 3080 but
1781 3031 1897 3102 par
1920 3031 2011 3076 un
2049 3009 2284 3077 decret.
2323 3009 2372 3077 ll
2400 3032 2484 3078 en

218 3149 255 3192 α
280 3145 317 3192 a
346 3125 446 3194 ete
491 3125 572 3194 de
600 3129 815 3196 meme
855 3128 1015 3196 daus
1040 3126 1309 3214 l’affaire
1343 3127 1424 3195 de
1473 3126 1802 3210 Breschia‚
1845 3125 1930 3194 οὺ
1974 3125 2106 3193 l'on
2149 3146 2186 3192 a
2230 3125 2388 3192 loue‘
2425 3130 2487 3192 et

218 3266 257 3306 ι
280 3263 623 3332 approuve
662 3242 723 3309 le
752 3242 873 3310 but
906 3241 989 3310 de
1026 3242 1351 3310 l'institut.
1381 3268 1417 3307 »
1461 3242 1624 3330 Cum
1652 3262 1859 3332 nuper
1878 3242 2144 3330 quidam
2171 3239 2335 3307 mihi
2364 3259 2484 3307 no-

214 3362 319 3423 tus
364 3357 460 3425 vir
520 3356 742 3426 Romae
791 3362 1029 3447 ageret,
1102 3364 1175 3426 ut
1220 3379 1401 3426 novae
1473 3359 1920 3448 religiosorum
1971 3355 2481 3448 congregationi,

208 3491 359 3562 quae
404 3471 623 3540 adhuc
664 3473 733 3539 in
776 3473 1118 3566 propositis
1164 3479 1280 3557 est,
1324 3473 1738 3542 Pontificium
1786 3489 2118 3540 assensum
2141 3472 2480 3550 obtineret,

205 3585 329 3653 fuit
409 3585 538 3677 ipsi
610 3607 1019 3678 responsum,
1099 3589 1585 3679 procurandum
1655 3587 1868 3678 primo
1941 3591 2012 3652 ut
2075 3583 2488 3672 congregatio

202 3703 545 3784 existeret3
604 3723 685 3770 an
743 3708 959 3772 autem
1012 3704 1430 3796 approbanda
1464 3709 1650 3782 esset,
1699 3721 1894 3770 suum
1945 3699 2080 3766 fore
2125 3703 2336 3788 postea
2384 3695 2490 3763 de—

208 3815 530 3886 liberandi
572 3818 814 3888 locum.
865 3818 1023 3888 Haec
1046 3825 1111 3888 et
1132 3820 1371 3888 similia
1395 3819 1782 3887 documenta
1811 3817 1960 3885 satis
2005 3821 2314 3902 arguunt,
2349 3833 2491 3878 eam

210 3950 445 4000 revera
484 3934 833 4004 invaluisse
878 3933 1051 4026 apud
1092 3934 1451 4004 Romanam
1498 3933 1750 4002 curiam
1803 3933 2079 4023 praxim,
2125 3935 2197 3994 ut
2233 3925 2493 3996 nonnisi

270 4249 337 4309 (1)
358 4247 581 4312 uuluae
595 4247 886 4302 documenti
898 4253 1091 4301 textum
1103 4261 1207 4314 prae
1220 4251 1454 4303 manibus
1474 4262 1578 4301 non
1590 4249 1750 4302 habeo
1770 4269 1784 4299 ι
1805 4247 2112 4299 translatum
2126 4249 2297 4298 autem
2311 4248 2360 4295 in
2377 4241 2494 4294 Gal-

214 4331 367 4386 licam
404 4335 631 4402 linguam
673 4341 869 4405 reperio
899 4340 951 4389 in
978 4337 1314 4403 publicatione
1350 4339 1604 4405 periodica
1630 4341 1710 4389 cui
1749 4337 1931 4388 titulus
1972 4333 2417 4402 correspondent-e
2437 4332 2501 4384 de

226 4419 373 4474 Rotae
402 4425 639 4488 (seconde
660 4427 807 4492 edit„
830 4440 946 4492 pag.
976 4429 1053 4491 18)
1074 4449 1089 4490 ;
1112 4433 1161 4480 et
1174 4431 1387 4480 citatum
1408 4429 1766 4492 fragmentum,
1789 4427 2026 4492 pronubi
2040 4429 2190 4513 jacen
2206 4423 2508 4478 transcribo.
