2834 4959
388 354 515 412 648
956 362 1295 411 morawa
1340 364 1420 411 DS
1463 364 1612 411 WB!
1657 362 2069 411 memmon-

399 510 434 549 α
460 484 637 551 tialia
680 483 1041 568 emiserint,
1096 488 1560 575 caputiumque
1623 484 1992 566 detulerint,
2059 487 2126 552 et
2183 504 2354 551 nunc
2387 507 2666 576 quoque
2798 544 2799 557 ,

401 628 435 667 α
460 600 771 686 deferant,
818 602 901 671 ad
936 604 1137 671 instar
1174 604 1476 673 Fratrum
1531 602 2069 672 Discalceatorum
2131 598 2658 693 nuncupatorum

400 744 435 783 κ
462 718 707 786 ordinis
734 717 955 787 Sancti
1000 720 1401 808 Augustini:
1449 742 1734 809 cumque
1771 717 2070 786 nonnulli
2119 738 2198 785 ex
2243 720 2467 788 eadem
2497 744 2662 791 con·

400 860 435 897 «
463 834 855 924 gregatione,
914 836 1165 924 cognita
1219 836 1510 904 nullitate
1567 835 1981 919 fundationis,
2035 854 2112 901 ac
2171 834 2400 902 fraude
2459 836 2664 925 q'uam

341 952 359 965 '
401 974 437 1015 ι(
466 950 775 1019 idemmet
823 950 1121 1019 fundator
1172 930 1426 1043 paucis⁹
1449 958 1596 1019 ante
1635 950 1892 1019 obitum
1943 949 2194 1034 diebus,
2255 952 2668 1023 conscientiae

398 1090 435 1129 α
464 1064 743 1133 stimulis
768 1064 1057 1152 adactuS,
1094 1066 1422 1135 confessus
1449 1074 1544 1135 est
1575 1088 1640 1135 se
1667 1072 1908 1134 temere
1939 1070 2384 1134 commentum
2433 1066 2664 1154 fuisse,

399 1202 433 1244 ι(
462 1198 500 1247 a
528 1176 689 1247 Sede
740 1180 1043 1269 praedicta
1094 1182 1579 1271 postulaverunt
1619 1180 1956 1265 declarari,
2009 1200 2076 1247 se
2121 1200 2256 1247 non
2317 1202 2452 1250 esse
2499 1204 2664 1251 con-

404 1318 441 1357 «
468 1294 823 1381 gregationi
870 1294 1245 1383 hujusmodi
1292 1294 1610 1385 alligatos,
1651 1301 1714 1361 et
1743 1315 1922 1385 posse
1967 1293 2166 1362 libere
2215 1294 2298 1362 ad
2347 1296 2661 1365 saeculum

394 1434 433 1473 α
470 1409 679 1477 redire
729 1434 749 1478 ε
798 1408 1012 1479 Nos...
1070 1418 1335 1494 sectam,
1394 1418 1633 1479 statum
1701 1418 1767 1478 et
1817 1410 2382 1500 congregationem
2429 1412 2657 1502 hujus-

398 1550 433 1589 «
462 1524 635 1591 modi
690 1524 937 1593 nullius
974 1526 1294 1593 firmitatis
1344 1547 1635 1615 unquam
1695 1525 1888 1594 fuisse
1940 1532 2054 1595 aut
2095 1546 2306 1594 esse...
2361 1526 2654 1595 decerni-

397 1664 432 1703 «
456 1660 603 1706 mus
654 1646 715 1707 et
759 1638 1207 1722 declaramus3
1262 1647 1326 1709 et
1370 1648 1686 1731 quatenus
1731 1642 1808 1709 de
1863 1641 2031 1709 facto
2085 1640 2454 1732 processit„
2499 1662 2642 1709 ms-

396 1782 431 1821 «
470 1776 687 1823 samus
713 1762 777 1823 et
810 1756 1313 1825 annullamus...
1372 1756 1453 1825 Et
1495 1757 1926 1826 nihilominus
1983 1757 2086 1838 iis,
2135 1754 2250 1843 qui
2287 1756 2458 1824 bona
2509 1754 2640 1825 fide

390 1894 427 1937 ot
454 1876 625 1950 vota,
674 1877 990 1964 utsupra,
1028 1874 1405 1958 emiserunt,
1466 1874 1636 1942 utin
1681 1872 1942 1958 saeculo,
1976 1873 2044 1941 in
2071 1872 2302 1940 habitu
2347 1872 2648 1959 clericali,

398 2012 433 2053 α
458 1989 581 2057 sub
608 1989 971 2059 obedientia
1018 1996 1237 2057 tamen
1268 1988 1568 2081 Episcopi
1610 1988 1765 2073 loci,
1813 1994 1962 2056 voto
1997 1988 2298 2055 castitatis
2349 1987 2650 2071 adstricti,

394 2129 431 2169 α
458 2126 793 2173 remanere
830 2104 1029 2173 libere
1083 2112 1147 2172 et
1173 2104 1347 2172 licite
1391 2105 1728 2185 valeant„
1781 2104 2199 2172 concedimus
2243 2108 2309 2171 et
2352 2102 2649 2191 indulge-

396 2242 430 2282 «
458 2240 625 2284 mus.
664 2219 981 2287 Caeterum
1010 2242 1117 2287 eos
1146 2227 1405 2309 paterne
1435 2220 1505 2287 in
1529 2219 1809 2287 Domino
1850 2220 2211 2305 hortamur,
2243 2226 2320 2285 ut
2369 2218 2654 2307 aliquam

392 2330 911 2421 «ingrediantur
948 2334 1027 2402 de
1074 2333 1504 2420 religionibus
1535 2334 1926 2424 approbatiS,
1958 2333 2178 2423 ibique
2221 2333 2495 2399 reddant
2526 2331 2658 2400 Do-

400 2470 434 2508 «
464 2445 644 2513 mino
682 2452 825 2513 vota
866 2468 1002 2513 sua.
1042 2471 1075 2510 »
1130 2444 1399 2515 Certum
1443 2455 1540 2515 est
1574 2448 1789 2517 nullas
1815 2454 1882 2517 et
1923 2448 2138 2516 irritas
2177 2447 2367 2515 fuisse
2411 2448 2656 2537 profes·

386 2558 595 2626 siones
638 2561 905 2627 emissas
951 2562 1019 2627 in
1078 2562 1397 2653 ejusmodi
1449 2564 1976 2652 congregatione,
2025 2568 2246 2654 utpote
2281 2584 2432 2651 quae
2479 2564 2656 2631 insti-

386 2678 525 2741 tuta
550 2671 763 2742 fuerat
794 2674 1033 2764 absque
1064 2678 1231 2745 sedis
1270 2678 1655 2769 Apostolicae
1691 2678 2172 2769 approbatione.
2217 2674 2656 2747 Nihilominus

383 2788 663 2857 declarat
708 2788 1009 2861 Urbanus
1080 2791 1224 2862 Vlll
1272 2815 1379 2861 eos
1416 2795 1534 2883 qui
1597 2796 1690 2861 sic
1743 2794 1914 2862 bona
1985 2793 2110 2860 fide
2153 2792 2428 2882 professi
2481 2800 2646 2860 erant

386 2911 535 2973 voto
604 2907 925 2975 castitatis·
967 2908 1301 2977 adstrictos
1358 2930 1714 2977 remanere.
1782 2908 2094 2977 Praeterea
2143 2908 2300 2999 ipsis
2359 2907 2644 2997 indulqet

391 3020 676 3089 Pontifex
704 3026 778 3088 ut
826 3022 899 3089 in
941 3023 1181 3091 soeculo
1231 3045 1563 3093 remanere
1609 3024 1880 3121 valeant.
1920 3022 2118 3091 Porro
2161 3022 2416 3091 indulto
2457 3024 2531 3090 ad
2581 3022 2640 3089 id

392 3158 523 3205 non
554 3135 1002 3226 indiguissent,
1048 3138 1173 3207 nisi
1199 3138 1490 3208 obstricti
1519 3140 1786 3209 fuissent
1816 3140 2103 3229 aliquam
2159 3139 2532 3228 religionem
2569 3160 2640 3204 ex

388 3252 753 3341 approbatis
789 3252 1065 3342 ingredi.
1112 3252 1373 3323 Bullam
1404 3253 1590 3324 istam
1621 3255 1952 3343 ignorasse
1993 3253 2300 3322 videntur
2337 3252 2508 3321 multi
2533 3272 2638 3318 ca-

390 3368 703 3454 nonistae3
748 3369 885 3455 qui,
934 3368 989 3437 si
1044 3390 1189 3437 eam
1244 3370 1713 3458 cognovissent,
1769 3369 1930 3437 sorte
1971 3368 2041 3436 in
2113 3378 2396 3437 nostram
2437 3366 2638 3456 potius

388 3480 873 3551 conclusionem
912 3485 1202 3553 ivissent.
1278 3484 1369 3553 Ex
1439 3506 1515 3555 eo
1592 3484 1956 3577 Apostolico
1997 3484 2278 3567 decreto,
2354 3482 2642 3553 evertitur

390 3598 609 3687 opinio
644 3620 867 3667 eorum
902 3600 1015 3687 qui
1062 3600 1475 3688 distinguunt
1531 3602 1700 3669 inter
1723 3621 1831 3669 eos
1877 3600 1992 3689 qui
2039 3598 2234 3669 aliam
2271 3601 2637 3689 religionem

387 3712 660 3800 ingressi
690 3720 925 3793 essent,
956 3714 1010 3782 si
1062 3714 1230 3783 hanc
1280 3715 1690 3805 illegitimam
1721 3716 2067 3798 novissent,
2101 3720 2164 3783 et
2199 3735 2310 3782 eos
2351 3718 2466 3803 qui
2491 3708 2636 3779 nul·-

390 3828 523 3897 lam
558 3830 832 3920 ingressi
873 3836 1104 3898 essent.
1136 3829 1319 3900 Certe
1352 3832 1525 3901 inter
1569 3833 1770 3901 dictos
1817 3832 2115 3901 eremitas
2153 3836 2503 3921 potuerunt
2539 3824 2630 3893 alii

390 3966 525 4014 uno
550 3946 766 4031 mod0,
796 3945 906 4013 alii
948 3945 1146 4015 altero
1174 3969 1309 4016 esse
1342 3948 1654 4039 dispositi,
1701 3948 1962 4039 quando
1993 3946 2456 4037 professionem
2489 3938 2625 4009 emi·

388 4069 633 4131 serunt.
664 4061 1109 4131 Nihilominus
1134 4084 1267 4130 non
1297 4063 1642 4153 distinguit
1671 4062 1999 4151 Pontifex3
2035 4062 2140 4131 sed
2185 4060 2398 4153 quoad
2431 4070 2622 4125 omn&

386 4184 671 4247 secutam
701 4164 1029 4268 supponit,
1062 4188 1201 4245 tum
1230 4181 1361 4249 voti
1400 4180 1734 4270 simplicis,
1777 4186 1922 4248 tum
1979 4176 2414 4269 ingredienda:
2435 4166 2622 4239 alicu-

376 4295 487 4381 jus
526 4292 889 4383 approbatae
936 4294 1267 4384 religionis
1316 4293 1800 4384 obligationem.
1856 4294 2166 4385 Acceptat
2213 4314 2368 4383 ergo
2420 4290 2479 4355 in
2514 4284 2620 4349 11⁰0

384 4428 537 4473 casu
571 4406 854 4473 Ecclesia
908 4410 1363 4495 professionem
1409 4411 1622 4501 quoad
1673 4418 2028 4502 utrumque
2077 4408 2268 4477 illum
2327 4406 2613 4477 effectum,
