2834 4959
1046 369 1195 420 pm
1234 371 1525 420 SECUNDA.
2305 371 2340 424 2
2359 375 2371 424 l
2397 373 2426 424 7

1178 705 1219 795 g
1264 705 1379 774 lv.

178 927 231 974 ln
247 927 489 990 hypothesi
507 925 663 990 quod,
684 927 733 974 vi
754 925 1148 987 consuetudinis,
1180 926 1312 976 licite
1326 926 1476 978 hodie
1495 931 1687 990 possint
1707 943 1850 982 novae
1873 934 2278 994 congregationes
2315 934 2428 982 abs-

242 1027 325 1076 que
338 1015 523 1064 lieentia
542 1013 811 1064 Pontificia
835 1017 975 1076 erigi,
999 1026 1065 1064 an
1088 1014 1335 1075 ejusmodi
1359 1019 1768 1080 congregationes
1791 1021 1908 1068 vota
1927 1019 2168 1082 simplicia
2189 1025 2432 1084 perpetua

240 1101 473 1162 habentes,
508 1109 559 1153 et
608 1101 673 1153 ab
691 1099 951 1153 Ordinatio
980 1101 1283 1166 approbatae,
1316 1104 1578 1154 eensendae
1603 1107 1704 1156 stnt
1730 1110 1895 1157 status
1923 1107 2138 1170 religiosi
2157 1113 2430 1158 essentiam

235 1189 395 1242 habere
413 1194 435 1239 ,⁹

270 1411 555 1481 Putamus
580 1412 957 1489 affirmative
1003 1416 1546 1506 respondendum.
1577 1417 1744 1486 Nam
1777 1421 1980 1508 posita
2030 1419 2218 1488 dictae
2264 1443 2426 1488 con-

190 1528 515 1598 suetudinis
558 1529 987 1619 legitimitate,
1036 1535 1318 1622 supponi
1362 1533 1551 1601 debet
1609 1533 1774 1602 sedis
1829 1535 2212 1626 Apostolicae
2267 1558 2427 1604 con·

55 1641 57 1646 ’
186 1665 400 1714 sensus.
435 1645 769 1714 Consentit
811 1667 1045 1735 nempe
1081 1645 1413 1714 Romanus
1447 1650 1735 1717 Pontifex
1760 1653 1834 1717 ut
1849 1652 1988 1737 jam
2023 1673 2151 1720 non
2186 1652 2430 1741 obliget

186 1759 270 1826 lex
320 1759 665 1850 prohibens
714 1781 797 1827 ne
842 1781 1025 1829 novae
1076 1763 1601 1850 congregationes
1656 1761 1972 1849 religiosae
2024 1764 2264 1853 absque
2315 1789 2434 1856 ap-

55 1905 57 1972 3
190 1875 535 1962 probatione
576 1873 913 1944 Pontificia
968 1875 1387 1944 inducantur.
1457 1875 1630 1964 Ergo
1681 1897 1865 1944 novae
1918 1877 2234 1963 religiosae
2272 1901 2430 1946 con·-

198 1989 563 2077 gregationes
604 1991 683 2058 de
728 1990 863 2058 sola
890 1989 1213 2058 Ordinarii
1264 1990 1524 2058 licentia
1575 1994 1824 2075 erectae,
1861 1990 2152 2078 ejusdem
2199 1991 2434 2059 condi-

198 2105 365 2172 tionis
407 2115 577 2193 sunt‚
634 2127 711 2174 ac
750 2107 804 2174 si
850 2107 1020 2176 dicta
1072 2106 1172 2174 lex
1219 2107 1347 2174 lata
1380 2128 1513 2174 non
1569 2106 1812 2175 fuisset.
1872 2104 1995 2174 Sed
2051 2111 2200 2174 ante
2253 2107 2435 2176 illam

194 2219 399 2309 legem,
456 2201 810 2290 necessaria
851 2243 983 2290 non
1048 2230 1181 2289 erat
1235 2221 1612 2312 approbatio
1667 2220 2006 2290 Pontificia
2055 2222 2135 2290 ad
2186 2224 2432 2290 consti-

194 2336 477 2405 tuendum
518 2337 896 2425 religiosum
947 2343 1209 2404 statum.
1256 2337 1457 2405 Adest
1513 2336 1692 2404 enim
1743 2341 1872 2405 tota
1907 2342 2104 2404 status
2148 2332 2436 2424 religiosi

194 2452 433 2520 essentia
460 2475 575 2544 per
623 2452 853 2544 triplex
879 2452 1297 2520 substantiale
1336 2459 1587 2534 votum,
1621 2459 1683 2519 et
1717 2452 2128 2520 traditionem
2181 2473 2217 2518 a
2244 2449 2438 2540 profi·

200 2571 345 2634 tente
386 2569 618 2637 factam
655 2574 717 2636 et
766 2567 1029 2636 nomine
1072 2567 1191 2635 Dei
1234 2573 1666 2657 acceptatam3
1733 2573 1924 2656 prout
1961 2590 2152 2658 supra
2199 2567 2436 2657 proba-

206 2681 381 2749 vimus
440 2685 647 2774 (parte
697 2685 761 2766 1,
806 2689 954 2752 sect.
1015 2683 1107 2773 2).
1169 2682 1484 2770 Equidem
1539 2682 1593 2747 si
1677 2683 2084 2770 superveniat
2135 2682 2438 2750 Ecclesiae

210 2797 515 2884 prohibitio
572 2800 781 2888 quoad
830 2799 1087 2868 ordines
1139 2796 1666 2888 approbationem
1697 2793 2098 2863 pontificiam
2143 2815 2272 2862 non
2317 2797 2433 2864 ha-

212 2910 412 2998 benteS,
448 2937 525 2983 ex
570 2922 723 2982 tunc
770 2914 1069 2983 deficient
1114 2913 1197 2980 ab
1254 2910 1525 2980 essentia
1555 2915 1750 2978 status
1796 2910 2117 2998 religiosi3
2172 2910 2325 2996 quia
2367 2931 2441 2978 ex
2537 3003 2546 3013 μ

211 3037 339 3094 tunc
375 3032 503 3120 J'am
558 3050 693 3096 non
752 3029 961 3097 forent
1010 3033 1211 3096 status
1262 3025 1695 3118 perfectioniS,
1755 3024 1866 3093 sed
1927 3022 2320 3111 rebellionis„
2373 3035 2444 3093 ut

212 3141 525 3231 loquuntur
554 3145 932 3213 canonistae.
988 3145 1106 3212 Ast
1160 3144 1365 3212 modo
1406 3141 1696 3210 Ecclesia
1741 3139 2095 3208 Pontificiae
2123 3140 2442 3230 approba-

216 3257 373 3326 tionis
416 3259 867 3331 formalitatem
922 3281 1055 3328 non
1111 3261 1343 3346 exigat,
1423 3263 1484 3325 et
1541 3257 1664 3324 hac
1723 3255 2102 3323 formalitate
2156 3263 2444 3325 carentes

219 3369 435 3441 ordines
493 3395 630 3443 non
686 3374 1047 3464 prohibeat,
1110 3378 1412 3463 poterunt
1484 3373 1526 3438 ii
1595 3368 1852 3438 ordines
1905 3374 2102 3436 totam
2159 3368 2444 3456 religiosi

211 3488 379 3556 status
400 3489 744 3559 essentiam
788 3489 1028 3578 absque
1080 3487 1207 3554 hac.
1229 3484 1690 3576 approbatione
1733 3482 1991 3550 habere.
2047 3483 2235 3564 Quod
2292 3479 2443 3547 iltu-

206 3603 513 3673 stravimus
555 3603 847 3694 exemplo
900 3601 1347 3694 impedimenti
1384 3599 1916 3668 clandestinitatis
1957 3597 2168 3686 quoad
2225 3578 2448 3660 matri-

204 3719 495 3788 monium.
540 3717 889 3787 Publicitas
926 3717 1003 3786 ad
1053 3721 1327 3786 formam
1356 3714 1720 3784 Tridentini
1771 3712 2030 3782 concilii
2079 3713 2330 3775 non'est
2369 3705 2448 3779 de

213 3837 451 3908 essentia
470 3834 899 3904 matrimonii.
936 3833 1380 3903 Nihilominus
1419 3853 1494 3899 ex
1524 3852 1656 3920 quo
1677 3829 1965 3898 Ecclesia
2000 3825 2124 3894 sub
2153 3822 2449 3891 nullitate

204 3947 507 4034 prohibuit
553 3952 1047 4020 matrimonium
1076 3949 1578 4034 clandestinum,
1625 3944 2119 4014 matrimonium
2141 3937 2306 4006 illud
2339 3959 2446 4008 va-

202 4061 389 4134 lidum
453 4087 591 4138 esse
650 4068 903 4156 nequit.
963 4063 1050 4133 At
1100 4066 1269 4133 sicut
1314 4063 1564 4131 sublata
1609 4060 1748 4150 lege
1801 4079 1948 4148 quae
2005 4053 2451 4145 publicitatem

206 4180 475 4267 requirit,
554 4182 973 4250 matrimonia
1056 4169 1450 4284 clandestina
1497 4177 1732 4245 iterum
1801 4169 2014 4239 valida
2073 4169 2308 4252 forent,
2365 4169 2454 4237 ita

208 4293 427 4366 sublata
466 4298 905 4392 prohibitione
952 4317 1271 4366 novarum
1319 4292 1713 4384 religionum
1759 4286 2097 4355 Pontificia
2138 4284 2453 4376 approba·

211 4404 361 4480 lione
406 4413 874 4499 destitutarum,
934 4413 1174 4482 iterum
1227 4409 1361 4480 istoe
1416 4407 1760 4498 religiones
1811 4407 1874 4473 et
1924 4401 2468 4493 congregationes

853 4596 887 4636 ὲ
