2834 4959
397 372 524 430 562
961 373 1301 422 TRACTATUS
1344 373 1427 420 DE
1468 371 1621 419 mn:
1658 369 2079 418 menmium.

485 499 675 569 Haud
701 495 1020 568 absimilis
1065 493 1388 566 Pellizarii
1436 491 1756 564 doctrinaL
1788 491 1895 560 Ad
1924 489 2349 579 questionem
2380 515 2415 558 α
2438 491 2689 580 qualis

405 640 440 683 α
473 615 700 686 debeat
729 633 862 682 esse
888 611 1168 703 receptio
1217 607 1659 702 (monialium)
1712 611 1787 676 ut
1826 607 1911 675 sit
1945 605 2268 695 legitima,
2310 629 2349 670 ι
2398 607 2491 675 sic
2530 628 2699 676 res-

397 731 633 822 pondet
695 727 799 822 (de
851 725 1270 798 Martialibus
1291 777 1310 812 ,
1387 745 1536 816 pag.
1608 722 1679 810 6,
1746 720 2047 792 editionis
2116 741 2251 790 non
2308 720 2691 812 prohibitae,

398 847 618 916 Romae
673 843 870 932 1761)
907 867 926 912 :
964 867 1000 908 α
1029 841 1230 912 Debet
1272 839 1413 908 fleri
1440 837 1905 930 capitulariter,
1934 844 2001 904 et
2024 836 2299 926 quidem
2348 857 2479 906 una
2516 857 2695 905 cum

401 989 438 1030 α
466 982 785 1032 consensu
813 958 1060 1052 proprii
1109 955 1398 1048 praelatu
1434 954 1757 1024 nimirum
1788 951 2095 1044 Episcopi
2120 957 2231 1020 aut
2272 953 2423 1042 ejus
2450 954 2693 1024 vicarii

401 1104 438 1144 (ι
469 1077 806 1168 generalis,
868 1077 924 1143 si
977 1072 1294 1143 moniales
1337 1091 1623 1161 quorum
1650 1069 1917 1138 interest
1960 1086 2093 1136 non
2136 1067 2271 1134 sint
2312 1074 2687 1159 exemptae3

405 1219 440 1260 «
471 1198 583 1261 aut
605 1191 850 1284 proelati
880 1188 1224 1279 regularis,
1258 1187 1315 1255 si
1341 1186 1476 1256 sint
1518 1188 1831 1275 exemptas
1870 1205 1889 1251 ε
1922 1183 2013 1251 ita
2044 1181 2475 1250 Suaresius...
2512 1181 2691 1252 Cum

401 1335 437 1374 α
466 1306 764 1378 Suaresio
797 1305 992 1374 sentit
1037 1300 1445 1385 Miranda...,
1502 1298 1722 1368 dicens
1775 1298 1945 1366 hanc
1996 1297 2491 1366 conclusionem
2546 1319 2689 1368 esse

401 1447 438 1489 a
465 1423 890 1492 certissimam
941 1419 1020 1488 de
1063 1418 1213 1509 jure
1263 1415 1643 1495 communi3
1700 1420 1763 1482 et
1809 1414 1881 1482 in
1934 1413 2239 1482 omnium
2280 1413 2689 1484 monialium

405 1561 440 1604 α
469 1534 878 1605 monasteriis
931 1553 1484 1622 quarumcunque
1532 1529 1962 1618 religionum,
2018 1529 2451 1618 receptionem
2488 1530 2693 1598 novi-

409 1677 444 1716 «
469 1651 710 1719 tiaram
754 1647 1074 1740 pertinere
1113 1647 1194 1715 ad
1227 1646 1523 1738 proprios
1565 1643 1907 1738 praelatos:
1954 1641 2255 1732 affertque
2286 1643 2369 1710 ad
2406 1643 2473 1710 id
2516 1665 2691 1734 spe-

409 1789 442 1832 «
469 1765 632 1836 ciale
677 1762 1010 1832 indultum
1037 1783 1076 1830 a
1103 1759 1373 1830 Nicolao
1401 1759 1465 1829 V
1496 1779 1877 1830 concessum
1900 1757 2237 1827 Fratribus
2272 1757 2683 1843 Minoribus,

403 1905 440 1947 ι(
465 1886 528 1948 et
555 1879 830 1950 relatum
873 1900 914 1946 a
955 1876 1389 1948 Casarubio...
1424 1875 1528 1944 his
1554 1874 1767 1944 verbis
1798 1897 1816 1942 t
1848 1872 2033 1942 Idem
2068 1873 2393 1946 Nicolaus
2434 1875 2495 1942 V
2528 1888 2685 1944 sta-

407 2021 441 2063 «
471 1997 632 2081 tuit,
681 1993 860 2088 quod
905 1991 1283 2079 abbatissae,
1339 2011 1479 2080 που,
1512 1990 1722 2060 simul
1776 2011 2000 2058 onmes
2048 1989 2380 2060 moniales
2414 1990 2687 2082 possint

403 2139 438 2178 «
469 2113 768 2203 aliquam
813 2109 906 2178 ad
945 2109 1361 2200 reliqionem,
1411 2105 1519 2176 vel
1558 2105 2035 2198 professionem
2072 2107 2371 2197 recipere,
2416 2103 2561 2174 nisi
2601 2106 2689 2174 de

405 2223 928 2315 «provincialis,
977 2233 1102 2292 aut
1147 2220 1513 2291 visitatoris
1562 2243 1871 2312 expressa
1904 2219 2206 2290 licentia.
2252 2219 2439 2290 Idem
2472 2224 2689 2290 sentit

409 2363 443 2404 α
471 2345 536 2406 et
561 2337 994 2426 Peyrinus...,
1041 2357 1316 2406 monens
1367 2337 1697 2427 praefatam
1748 2337 2235 2406 concessionem
2270 2334 2527 2406 Nicolai
2590 2337 2680 2420 V,
2824 2325 2826 2366 ²

405 2478 440 2520 «
473 2473 624 2522 cum
651 2453 734 2521 sit
753 2450 1141 2532 favorabilis,
1173 2449 1431 2520 extendi
1462 2451 1543 2518 ad
1573 2452 1727 2521 alias
1752 2471 1978 2522 omnes
2000 2451 2377 2541 religiones.
2410 2476 2445 2516 n

481 2565 934 2635 Praetermissis
981 2565 1153 2650 aliis,
1203 2567 1322 2656 qui
1345 2566 1521 2636 idem
1556 2567 1869 2654 sentiunt,
1898 2567 2281 2654 canonistis,
2317 2567 2457 2636 haec
2498 2567 2683 2659 ipso-

397 2703 548 2752 rum
577 2703 844 2752 concors
883 2682 1175 2752 doctrina
1221 2683 1315 2751 sic
1363 2681 1644 2752 breviter
1686 2683 1919 2776 exponi
1949 2690 2155 2774 potest
2190 2707 2209 2752 :
2260 2684 2327 2750 1⁶
2364 2683 2681 2754 Neoessa-

395 2801 560 2871 riam
591 2796 993 2868 monialibus
1036 2819 1172 2866 esse
1213 2797 1463 2888 praelati
1496 2801 1601 2868 sui
1646 2798 1976 2869 licentiam
2006 2798 2089 2868 ad
2138 2800 2541 2890 ricipiendas
2568 2823 2683 2870 no-

397 2919 601 3002 vitias,
635 2937 774 2986 non
797 2914 1130 3006 probatur
1157 2914 1345 3004 jure,
1379 2921 1458 2984 ut
1482 2915 1574 2984 ait
1612 2913 1987 3004 Fagnanus.
2018 2915 2089 2983 2⁰
2112 2913 2215 2986 Ob
2246 2937 2683 2988 communem
2820 2993 2822 3002 ,

397 3039 608 3102 tamen
635 3051 834 3101 usum
879 3029 1036 3122 (juri
1091 3029 1487 3120 caeteroquin
1514 3037 1581 3100 et
1608 3033 1841 3102 rationi
1882 3033 2417 3123 consentaneum)
2458 3053 2685 3105 neces-

395 3149 564 3218 saria
599 3147 754 3238 ipsis
809 3150 904 3215 est
947 3144 1238 3233 licentia,
1287 3146 1390 3214 vel
1436 3143 1769 3238 Episcopi,
1818 3150 1875 3218 si
1919 3168 2051 3217 non
2090 3149 2222 3220 sint
2264 3147 2684 3238 regularibus

397 3262 732 3349 subJectae3
799 3261 898 3328 vel
973 3260 1219 3350 praelati
1277 3260 1614 3350 regularis,
1684 3264 1741 3331 si
1802 3262 2213 3354 regularibus
2270 3261 2677 3352 subjaceant.
2818 3269 2820 3280 '

399 3373 466 3442 3⁰
509 3373 698 3452 Quod
726 3380 941 3443 autem
993 3373 1384 3444 monialibus
1411 3377 1607 3445 etiam
1644 3381 1959 3470 exemptis
1982 3387 2048 3448 et
2085 3378 2344 3470 praelato
2380 3377 2683 3469 regulari

397 3487 698 3574 subjectis
727 3491 1083 3558 necessaria
1109 3489 1190 3558 sit
1215 3489 1518 3584 Episcopi
1554 3492 1629 3561 in
1654 3495 1913 3585 scriptis
1956 3494 2241 3578 licentia,
2272 3515 2314 3562 a
2340 3513 2681 3563 memora·-
2816 3547 2818 3590 3

399 3612 616 3674 torum
648 3606 1135 3675 canonistarum
1159 3605 1457 3676 doctrina
1477 3629 1741 3698 prorsus
1764 3609 2055 3678 alienum
2078 3617 2194 3680 est.

488 3719 695 3788 Dices,
738 3759 828 3772 -—
876 3717 1230 3790 Praevalere
1274 3719 1465 3790 debet
1494 3721 1565 3792 S.
1616 3721 2151 3814 Congregationis
2192 3723 2677 3816 Episcoporum

396 3843 458 3906 et
485 3835 884 3926 regularium
938 3856 1132 3926 supra
1181 3839 1565 3929 transcripta
1615 3839 1877 3909 decisio.
1910 3879 2000 3894 -
2038 3839 2111 3910 Id
2160 3846 2223 3910 et
2270 3861 2396 3930 ego
2448 3840 2677 3924 fateor,

401 3952 592 4022 modo
613 3952 1000 4020 decisionem
1031 3951 1200 4021 banc
1229 3951 1503 4024 fideliter
1547 3952 1949 4044 Pignatellus
1976 3955 2376 4047 excripserit,
2416 3961 2479 4025 et
2518 3975 2671 4022 sen-

397 4069 598 4138 tentia
658 4067 798 4137 haec
867 4067 1043 4160 apud
1115 4091 1420 4140 romanas
1472 4068 2019 4162 congregationes
2074 4071 2503 4163 praevaluerit.
2560 4071 2677 4136 An
2812 4101 2814 4154 3

397 4190 613 4253 autem
655 4185 744 4252 ita
788 4205 854 4253 se
905 4203 1008 4252 res
1046 4183 1299 4269 habeat,
1356 4185 1879 4275 diligentioribus
1919 4186 2199 4257 aliorum
2228 4209 2306 4256 ex
2314 4184 2683 4279 plorationi·

400 4296 526 4365 bus
549 4295 1031 4366 enucleandum
1055 4299 1379 4389 relinquo,

489 4411 862 4478 Pnorosirio
891 4412 1000 4482 ν’.
1025 4453 1115 4468 -
1147 4416 1309 4504 Coyi
1330 4413 1414 4484 ab
1444 4415 1799 4488 ordinario
1820 4430 2157 4511 nequeunt
2184 4419 2537 4498 moniales,
2556 4413 2683 4483 etsi
2810 4389 2813 4599 Ι

2784 4923 2808 4949 2
