2834 4959
354 335 472 390 558
908 339 1248 388 TRACTATUS
1293 337 1373 386 m:
1417 339 1569 386 JURE
1614 335 2035 385 assumtum.

349 461 638 546 tiemari,
667 461 848 530 verbi
890 461 1122 551 gratia,
1151 479 1228 528 ex
1269 458 1564 550 legitima
1590 457 2080 539 consuetudine,
2138 458 2279 528 fieri
2330 469 2609 553 potestat

348 579 715 668 requiratur
775 575 1105 646 ordinarii
1151 596 1449 645 assensus
1492 595 1618 666 pro
1662 574 2059 644 novitiorum
2118 575 2492 666 receptione,
2538 580 2601 648 in

347 693 693 762 ordinibus
719 713 852 762 non
880 693 1215 784 exemptis.
1242 687 1403 762 Item
1434 691 1746 760 moniales
1762 688 2097 758 ordinarii
2118 708 2433 762 consensu
2450 695 2601 763 indi-

349 829 498 898 gere
527 829 646 900 pro
666 791 1077 878 admittendis
1105 804 1340 899 puellis
1367 805 1449 875 ad
1486 807 1816 890 habitum,
1846 805 2101 873 dicetur
2118 803 2317 875 intra.

443 922 811 994 Paorosmo
865 922 1002 991 ΠΡ.
1036 959 1124 977 --
1150 923 1423 991 Asserta
1449 916 2077 1014 conqreqationibus
2102 921 2400 990 virorum
2426 924 2605 992 inde-

337 1045 708 1140 pendentia
751 1045 836 1114 ab
874 1045 1257 1135 Ordinario,
1311 1045 1382 1112 in
1421 1040 1811 1135 recipiendis
1852 1041 2157 1124 novitiis,
2192 1042 2605 1136 intelliqenda

347 1161 560 1248 venit,
597 1159 864 1228 etiamsi
882 1157 1310 1250 conpreqatio
1335 1179 1473 1225 non
1501 1157 1596 1224 sit
1628 1167 1989 1246 exempta;
2016 1155 2447 1226 imo-etiamsi
2464 1171 2607 1228 vota

272 1261 278 1268 ’
342 1275 670 1344 solemnia
691 1296 827 1342 non
845 1273 1088 1342 haheat
1103 1293 1132 1358 ;
1146 1271 1340 1342 modo
1368 1283 1592 1340 tamen
1620 1270 2057 1360 Pontificiam
2074 1271 2606 1364 approbationem

347 1389 734 1458 obtinuerit.
767 1423 860 1440 -
879 1383 1046 1454 Nam
1077 1384 1577 1476 independentia
1598 1384 1761 1470 haec,
1791 1385 1976 1474 juxta
2008 1384 2303 1454 traditam
2328 1385 2599 1458 Suaresii
2726 1393 2735 1413 '

342 1502 737 1588 doctrinam,
767 1501 1006 1570 invicte
1039 1502 1331 1589 sequitur
1353 1521 1431 1567 ex
1458 1498 1733 1590 ipsamet
1762 1497 2097 1568 Pontificia
2126 1499 2592 1590 approbatione.

343 1613 638 1686 Pontifex
661 1635 900 1710 nempe
911 1615 1495 1706 congregationum
1516 1614 2045 1706 approbationem
2064 1614 2181 1682 sibi
2198 1617 2591 1703 reservando,

344 1733 468 1802 hoc
493 1733 632 1823 ipso
659 1731 786 1802 sibi
813 1731 1163 1800 reservavit
1186 1728 1583 1798 novitiorum
1610 1729 2161 1799 admittendorum
2210 1735 2595 1821 potestatem3

343 1848 432 1917 ita
474 1854 549 1919 ut
577 1853 952 1940 potestatem
985 1848 1160 1916 hanc
1200 1845 1424 1916 nullus
1450 1843 1687 1914 habere
1728 1850 1948 1935 queat,
1980 1845 2109 1913 nisi
2132 1845 2369 1936 quibus
2388 1845 2597 1916 Ponti·

339 1965 444 2034 fex
471 1965 841 2035 contulerit.
889 1961 1198 2043 Aliunde,
1229 1959 1802 2050 congregationem
1848 1961 2139 2051 aliquam
2180 1961 2593 2053 approbando,

342 2081 630 2151 Pontifex
655 2083 715 2148 ei
737 2079 977 2150 dictam
1015 2085 1391 2172 potestatem
1434 2077 1703 2162 confert,
1740 2099 1875 2146 non
1904 2085 2121 2147 autem
2146 2077 2493 2149 Ordinatio.
2528 2077 2601 2147 Et

341 2197 470 2264 hoc
497 2215 728 2262 verum
753 2201 1066 2272 remanet,
1093 2193 1346 2264 etiamsi
1397 2191 1809 2282 congregatio
1834 2191 1945 2262 illa
1970 2194 2397 2284 exemptionis
2413 2193 2599 2286 privi-

339 2307 510 2394 legio
539 2329 672 2376 non
699 2307 998 2388 donetur,
1037 2311 1100 2376 et
1125 2305 1378 2376 etiamsi
1405 2311 1551 2373 vota
1580 2305 1899 2376 solemnia
1924 2327 2059 2375 non
2094 2306 2361 2392 habeat,
2386 2313 2459 2376 ut
2500 2329 2603 2398 pa-

341 2427 452 2491 tet.
487 2421 660 2510 Ergo
719 2423 968 2510 dejure
1011 2423 1350 2490 communi
1403 2420 1789 2492 ordinarius
1832 2427 2206 2514 potestatem
2254 2443 2398 2494 non
2438 2421 2607 2492 habet

335 2533 407 2602 iu
443 2521 970 2624 congregationes
995 2557 1032 2603 a
1059 2531 1376 2605 Pontifice
1413 2535 1821 2626 approbatas,
1866 2540 2064 2604 etiam
2090 2555 2227 2604 non
2269 2543 2601 2630 exemptas,

335 2655 526 2740 atque
586 2649 782 2718 etiam
824 2650 986 2720 votis
1041 2650 1444 2720 solemnibus
1472 2655 1789 2736 carenteS,
1840 2653 2011 2721 circa
2037 2651 2446 2722 novitiorum
2498 2653 2603 2721 ad-

337 2765 738 2834 missionem.

423 2877 742 2972 Equidem
801 2884 1176 2972 potestatem
1233 2879 1406 2948 hanc
1458 2877 1845 2965 Ordinariis,
1900 2879 2094 2949 etiam
2140 2881 2210 2948 in
2261 2899 2603 2970 congrega-

332 2997 536 3064 tiones
563 3002 913 3087 exemptas,
942 2992 1230 3064 tribuere
1257 2993 1554 3062 voluerat
1584 2991 1883 3063 Clemens
1900 2993 2095 3065 vlu:
2148 2993 2259 3064 sed
2280 3001 2447 3066 ortae
2468 3005 2607 3065 sunt

334 3107 625 3196 ingentes
673 3105 1080 3195 regularium
1147 3101 1449 3195 querelae,
1509 3109 1571 3172 et
1625 3103 1953 3194 dispositio
2000 3103 2140 3174 baec
2188 3106 2445 3176 sublata
2490 3112 2598 3174 est.

331 3217 518 3300 Quod
552 3222 643 3288 sic
669 3227 986 3288 memorat
1007 3217 1356 3308 Fagnanus
1403 3218 1498 3309 (in
1528 3239 1671 3309 cap.
1703 3219 2115 3306 Por-rectum,
2155 3219 2239 3290 de
2262 3219 2603 3312 Requlari-

335 3332 478 3418 bus,
513 3355 581 3400 n.
611 3331 722 3426 33)
756 3358 775 3403 :
835 3357 868 3401 ι(
922 3333 1106 3420 Cum,
1147 3333 1217 3401 in
1257 3332 1527 3404 decretis
1574 3331 1927 3404 Clementis
1966 3331 2143 3418 Vlll,
2174 3357 2371 3430 super
2396 3336 2603 3406 {orma

335 3475 372 3518 <a
397 3451 751 3542 recipiendi
797 3449 1072 3519 novitios
1100 3447 1180 3517 ad
1223 3448 1521 3518 habitum
1570 3453 1633 3518 et
1650 3448 2141 3541 professionem,
2176 3451 2603 3543 promulgatis

337 3589 371 3632 ι(
395 3565 518 3634 sub
555 3563 659 3634 die
709 3565 788 3634 19
842 3563 997 3632 maii
1032 3562 1234 3652 1602,
1265 3563 1439 3631 inter
1486 3567 1715 3632 caetera
1752 3565 2173 3634 constitutum
2220 3575 2415 3656 osset,
2444 3587 2599 3636 ne...

335 3707 372 3749 α
410 3682 635 3750 novitii
664 3679 744 3748 ad
773 3677 1070 3748 habitum
1095 3679 1197 3748 vel
1230 3677 1690 3770 professionem
1738 3681 1945 3772 recipi
1970 3687 2231 3771 possent
2256 3683 2393 3751 nisi
2452 3675 2603 3774 p'rae·

335 3822 371 3865 «
405 3797 510 3865 via
539 3795 1002 3889 approbatione
1041 3795 1572 3885 Congregationis
1596 3795 2095 3881 reformationis,
2128 3796 2237 3865 vel
2268 3796 2601 3888 Episcopi

332 3939 367 3980 ε(
397 3912 768 3996 dioeeesani,
811 3911 1234 4002 religionibus
1281 3909 1360 3980 de
1389 3912 1517 3996 hoc
1548 3913 1831 4003 graviter
1854 3912 2441 4002 conquerentibus,
2476 3911 2589 3980 hoc

331 4055 366 4098 α
395 4037 588 4121 caput
607 4029 934 4097 sublatum
973 4027 1116 4097 ruit.
1153 4051 1188 4094 x·

407 4145 786 4214 Paorosmo
817 4141 960 4214 lV‘.
1002 4182 1092 4197 -
1138 4141 1500 4228 MonialeS,
1532 4142 1737 4212 etiam
1762 4153 2127 4235 exemptas,
2157 4141 2477 4235 Episcopi
2504 4140 2603 4208 li·

319 4259 530 4327 centia
557 4259 630 4327 in
657 4257 919 4348 scriptis
933 4257 1224 4349 indiqere
1247 4256 1342 4326 ad
1369 4257 1933 4350 recipiendamad
1950 4260 2355 4328 novitiatum
2388 4269 2459 4328 et
2483 4257 2607 4326 Ιια·

321 4371 535 4438 In'tum
550 4371 883 4462 puellam,
911 4372 1198 4442 decisum
1221 4374 1521 4464 referunt
1564 4373 1883 4444 nonnulli
1912 4383 2210 4444 auctores
2238 4395 2262 4441 :
2298 4371 2439 4441 alii
2452 4393 2603 4441 tero
