2834 4959
441 297 517 354 68
1006 312 1344 360 TRACTATUS
1387 314 1468 360 DE
1512 313 1661 361 mm:
1706 313 2123 361 REGULARIUM.

523 425 840 494 Caeterurn
887 427 998 496 ubi
1027 449 1240 497 sermo
1263 429 1360 498 est
1397 429 1781 520 simpliciter
1818 431 1898 499 de
1934 435 2235 532 votorum
2268 421 2652 511 solemnitate,
2748 501 2750 504 Α

441 539 719 630 intelligi
773 542 930 612 solet
981 542 1062 612 de
1101 542 1499 614 solemnitate
1552 546 1813 637 proprie
1860 543 2065 630 dicta,
2122 567 2235 614 seu
2276 546 2356 614 de
2398 545 2657 614 substan·
2748 509 2750 566 ἦ

428 653 594 724 tiali.
2076 651 2093 668 ⁰

1367 905 1643 976 CAPUT
1686 905 1765 976 ΙΙ.

541 1131 681 1184 von
723 1131 1072 1176 CASTITATIS
1117 1129 1491 1176 SOLEMNITAS
1533 1129 1675 1183 QUID
1722 1129 1839 1188 SIT,
1890 1128 2000 1176 SEU
2044 1126 2107 1172 IN
2154 1128 2272 1182 QUO
2318 1125 2557 1174 norma

1388 1225 1739 1274 CONSISTAT.

523 1479 558 1518 α
589 1453 660 1521 ln
707 1475 834 1543 quo
879 1453 1179 1522 consistat
1215 1453 1343 1520 voti
1387 1451 1756 1520 solemnitas
1804 1450 1921 1542 (ait
1962 1449 2569 1540 Schmalzgrueber,
2606 1449 2657 1514 in

437 1597 472 1634 «
510 1571 603 1636 tit.
641 1568 754 1656 34,
787 1568 935 1637 libri
985 1569 1024 1638 3
1069 1567 1353 1655 Decret.,
1391 1589 1458 1634 n.
1491 1567 1556 1656 8)
1592 1589 1837 1656 magna
1862 1574 1958 1636 est
1998 1568 2171 1660 apud
2216 1568 2498 1636 doctores
2540 1585 2659 1632 con-

438 1709 471 1748 «
503 1683 726 1751 tentio.
756 1709 790 1748 ι»
833 1665 974 1765 Qua
1017 1690 1221 1752 stante
1253 1683 1639 1774 opinionum
1668 1684 1997 1764 varietate,
2056 1687 2267 1775 aptior
2322 1683 2398 1752 ad
2436 1682 2658 1771 dignos·
2750 1677 2752 1732 ἱ

429 1797 696 1867 cendam
749 1798 1086 1868 veritatem
1134 1801 1268 1868 visa
1331 1805 1431 1868 est
1481 1798 1852 1880 methodus,
1918 1799 2361 1870 difficultatem
2414 1797 2659 1888 primum

431 1916 797 2007 expendere
848 1917 916 1983 in
1001 1917 1376 2008 particulari
1432 1917 1643 2006 quoad
1696 1919 2215 2010 unumquodque
2277 1917 2469 1985 trium
2518 1920 2661 1980 voto·
2750 1921 2752 1976 ς

425 2051 603 2112 rum,
659 2036 852 2118 atque
903 2028 983 2098 ad
1032 2029 1402 2117 generalem
1462 2037 1675 2119 postea
1730 2031 2220 2103 conclusionem
2272 2048 2549 2120 gressum
2594 2023 2662 2090 ia·

425 2164 592 2211 cere.
674 2142 746 2210 ln
827 2143 1127 2234 praesenti
1191 2164 1346 2234 ergo
1422 2146 1630 2236 capite
1694 2144 1777 2216 de
1844 2148 1978 2215 voti
2040 2146 2343 2216 castitatis
2406 2143 2663 2212 duntaxat

431 2257 844 2327 solemnitate
874 2259 1294 2347 quaestionem
1322 2261 1757 2350 instituimus3
1791 2283 1987 2353 quam
2026 2260 2449 2354 paragraphis
2480 2256 2663 2326 distin-

435 2393 721 2464 guemus
776 2371 843 2440 in
903 2373 1084 2442 hunc
1126 2375 1395 2443 modum
1436 2399 1455 2444 :
1510 2376 1571 2443 1⁰
1612 2399 2006 2469 exponemus
2034 2378 2356 2469 triplicem
2384 2374 2501 2442 hac
2518 2371 2589 2438 de
2614 2385 2665 2431 re

454 2489 791 2558 doctorum
840 2488 1218 2558 sententiam
1258 2513 1274 2556 ε
1325 2492 1391 2557 2⁰
1442 2471 1917 2562 contutabimus
1960 2495 2244 2584 primam
2296 2485 2660 2562 sententiam,

435 2625 595 2692 quae
635 2601 1102 2672 solemnitatem
1142 2607 1399 2696 reponit
1453 2607 1523 2674 in
1572 2608 1792 2696 aliqua
1834 2608 2284 2678 benedictione
2328 2626 2438 2675 seu
2482 2615 2664 2670 conse·

433 2718 756 2796 cratione,
809 2717 1010 2786 aliove
1057 2726 1316 2788 externo
1365 2722 1495 2789 ritu
1541 2745 1559 2790 ε
1600 2720 1666 2793 3⁰
1724 2725 2075 2794 secundam
2126 2725 2285 2794 item
2344 2708 2663 2788 confutabi-

439 2853 585 2900 mus
645 2833 1053 2916 sententiam,
1107 2855 1252 2922 quoe
1283 2833 1753 2909 solemnitatem
1810 2840 1952 2911 vult
1990 2861 2126 2908 esse
2161 2839 2435 2932 positam
2474 2831 2662 2897 intra-
2752 2845 2754 2910 Ι

439 2947 712 3029 ditione,
736 2970 938 3035 quam
981 2949 1083 3017 sui
1125 2949 1328 3040 ipsius
1375 2972 1617 3021 vovens
1656 2953 1806 3023 facit
1834 2951 1991 3038 Deo,
2023 2977 2101 3024 ac
2131 2945 2541 3056 religiosQin
2565 2953 2665 3026 ‘1¹1⁰

448 3066 793 3155 recipitur,
825 3065 1038 3133 ordini
1076 3092 1089 3134 :
1125 3067 1194 3134 4⁰
1223 3089 1444 3137 veram
1469 3071 1879 3142 ostendemus
1915 3073 2167 3142 tertiam
2196 3077 2261 3141 et
2278 3066 2483 3137 multo
2514 3073 2665 3126 com-

451 3181 825 3248 muniorem
867 3183 1274 3268 sententiam,
1329 3204 1477 3273 quae
1532 3185 2005 3256 solemnitatem
2043 3185 2298 3278 reponit
2346 3183 2415 3250 in
2456 3174 2665 3244 decreto

449 3291 776 3377 Ecclesiae,
807 3317 936 3383 quo
965 3298 1263 3365 statuitur
1279 3311 1503 3368 votum
1534 3299 1695 3368 illud
1724 3301 1853 3370 t'ore
1878 3301 1949 3370 in
1972 3309 2360 3394 perpetuum
2392 3278 2667 3362 subsecuti

405 3445 410 3450 ·
449 3408 842 3477 matrimonii
878 3412 1186 3481 dirimens
1216 3438 1232 3480 ε
1258 3413 1324 3482 5⁰
1361 3415 1625 3500 tandem
1653 3417 1973 3486 nonnulla
2007 3418 2409 3487 deducemus
2444 3395 2668 3474 corolla·

439 3523 563 3612 ria,
601 3523 682 3592 ad
708 3525 914 3616 magis
941 3527 1439 3616 patefaciendam
1479 3529 1557 3598 de
1585 3531 1987 3601 solemnitate
2017 3534 2146 3602 voti
2169 3521 2470 3600 castitatis
2496 3511 2665 3584 notio·

435 3656 585 3707 nem
651 3637 901 3708 idonea.

1498 3875 1628 3968 §L

1009 4057 1292 4123 Exponttur
1332 4062 1514 4124 triplex
1550 4063 1821 4115 doctorum
1848 4069 2125 4118 sententia.

533 4243 566 4280 ι(
593 4217 824 4284 Prima
860 4221 1176 4289 sententia
1213 4220 1395 4311 ponit
1417 4222 1589 4291 hanc
1630 4225 2103 4296 solemnitatem
2130 4229 2203 4296 in
2234 4213 2505 4311 quadam
2544 4209 2668 4267 ⁶⁰¹¹·

443 4355 478 4394 «
504 4330 851 4400 secratione
877 4335 1224 4424 spirituali,
1277 4336 1747 4426 benedictione,
1802 4342 1901 4411 vel
1948 4344 2079 4414 alio
2104 4335 2308 4411 simili
2332 4339 2504 4400 sacro
2534 4312 2663 4381 ¹⁴²⁰·
