2834 4959
389 388 511 445 664
951 396 1294 471 'raacuws
1341 398 1420 444 m:
1464 398 1613 445 wan
1660 395 2078 443 anonumum.

396 544 430 581 «
461 540 583 584 nus
618 516 792 608 apud
841 518 1226 586 monialium
1279 517 1787 607 consanguineos
1838 523 1993 583 sunt
2024 514 2496 605 relinquendae;
2550 521 2663 587 sed

401 660 434 695 «
463 639 807 724 antequam
878 632 1110 722 puetlae
1165 632 1465 700 habitum
1524 630 1897 720 suscipiant,
1960 650 2157 721 penes
2212 640 2655 717 mercatorem,

405 778 438 817 «
471 754 580 817 aut
647 749 864 816 virum
923 750 1048 817 fide
1111 756 1172 815 et
1238 746 1650 817 facultatibus
1708 747 2046 835 idoneum,
2118 746 2463 815 actualiter
2516 756 2663 817 sunt

409 892 442 928 «
471 863 867 955 deponenda}
923 864 1062 955 (ubi
1097 885 1228 932 non
1285 864 1519 931 adsunt
1563 862 1849 951 banchi),
1882 861 2000 952 qui
2047 862 2129 929 ad
2176 884 2375 931 omne
2428 867 2659 932 monia·

407 980 634 1047 «lium
693 978 1070 1047 mandatum
1137 979 1379 1069 absque
1459 980 1677 1069 aliqua
1742 978 2111 1068 exceptione
2166 977 2551 1045 soluturum
2608 1002 2659 1047 se

377 1122 436 1159 ·«
466 1094 727 1183 obliget.
787 1090 856 1161 S.
903 1092 1334 1182 Congregatio
1381 1092 1659 1184 Episc...
1712 1116 1749 1156 ι)
1802 1090 2137 1182 (Ferraria,
2188 1090 2275 1159 V.
2318 1094 2661 1177 Martiales,

392 1219 514 1279 art.
552 1210 620 1295 2,
655 1230 719 1275 n.
761 1208 896 1299 19.)
944 1234 980 1272 α
1009 1210 1303 1277 Moniatis
1331 1210 1585 1277 novitiae
1611 1206 1917 1298 professio
1946 1212 2148 1297 potest
2170 1204 2447 1295 differri,
2474 1211 2663 1278 etiam

399 1352 434 1389 α
467 1327 632 1393 ultra
683 1345 958 1409 annum,
1015 1325 1067 1391 si
1119 1324 1336 1393 dotem
1395 1328 1869 1414 competentem
1926 1322 2394 1389 monasterium
2452 1322 2663 1393 adhuc

401 1464 434 1505 t(
463 1462 593 1507 non
643 1440 969 1529 receperit.
1016 1438 1082 1508 S.
1134 1438 1561 1529 Congregatio
1594 1438 2152 1529 Episcoporum...
2212 1434 2657 1509 Potesttamen

402 1556 714 1623 «admitti
761 1554 840 1621 ad
893 1553 1379 1641 professionem,
1436 1562 1782 1644 antequam
1852 1552 2141 1621 solvatur
2194 1552 2311 1622 dos
2364 1577 2383 1621 ι
2434 1556 2651 1624 eadem

415 1666 981 1757 «congregatio...
1032 1692 1068 1733 1>
1131 1666 1467 1757 (Ferraria,
1532 1668 1721 1757 ibid„
1762 1690 1827 1735 n.
1868 1667 2011 1758 25.)
2060 1666 2215 1735 Non
2272 1667 2439 1736 video
2488 1692 2653 1759 quo-

397 1784 595 1853 modo
633 1785 800 1853 inter
827 1808 893 1853 se
922 1786 1285 1855 cohaereant
1313 1786 1454 1854 haec
1480 1786 1664 1856 Lucii
1702 1784 1985 1853 Fer-raris
2014 1790 2255 1852 asserta
2292 1810 2311 1852 τ
2340 1785 2651 1877 deponen-

399 1900 512 1967 das
535 1920 668 1968 esse
699 1899 874 1968 dotes
899 1902 1071 1991 apud
1101 1902 1318 1969 virum
1359 1901 1483 1969 fide
1510 1901 1787 1989 dignum
1828 1910 2191 1990 antequam
2210 1900 2463 1991 puella*
2490 1900 2667 1969 laabi-

403 2028 548 2082 tum
565 2015 930 2105 suscipiant
949 2036 978 2099 ;
1010 2024 1071 2083 et
1106 2038 1287 2106 posse
1309 2016 1555 2084 differri
1590 2015 2051 2105 professionem
2095 2014 2159 2083 si
2184 2014 2407 2083 dotem
2436 2038 2671 2085 mona·

397 2132 669 2199 sterium
709 2156 846 2201 non
889 2135 1200 2223 receperit
1207 2152 1239 2218 ;
1277 2142 1340 2201 et
1389 2133 1529 2201 fieri
1576 2154 1758 2223 posse
1800 2132 2261 2221 professionem
2306 2146 2671 2225 antequam

399 2246 709 2313 solvatur
756 2246 894 2316 dos,
947 2248 1098 2333 Sed,
1139 2256 1212 2316 ut
1255 2250 1506 2317 dicetur
1548 2248 1740 2333 infra,
1792 2247 2077 2315 multum
2121 2248 2183 2315 in
2230 2249 2333 2315 his
2374 2248 2670 2317 locorum

405 2362 857 2429 consuetudini
923 2362 1340 2430 tribuendum
1409 2362 1707 2447 videtur-3
1764 2362 1937 2431 unde
1996 2362 2077 2429 ab
2114 2362 2498 2429 enucleanda
2542 2364 2661 2431 ina

405 2476 780 2541 difficultate
833 2474 1254 2544 abstinemus
1305 2514 1396 2527 —
1450 2475 1515 2545 3⁰
1570 2476 1713 2546 Non
1763 2484 1969 2570 potest
2012 2476 2154 2561 dos,
2194 2482 2335 2545 ante
2379 2484 2663 2547 secutam

405 2588 888 2677 professionem,
947 2590 1068 2677 ipsi
1121 2593 1509 2661 monasterio
1554 2592 1943 2683 consignari,
1988 2592 2183 2661 etiam
2240 2592 2431 2662 titulo
2480 2594 2673 2684 depo-

405 2706 508 2772 siti
549 2702 890 2796 (Fert-aris,
919 2728 1071 2775 voce
1108 2710 1444 2790 NovitiuS,
1470 2732 1536 2779 n.
1567 2710 1655 2779 64
1690 2718 1753 2778 et
1790 2708 1925 2800 65).
1956 2746 2046 2759 -
2072 2708 2141 2776 4⁰
2168 2706 2531 2777 Decedente
2558 2732 2673 2779 no-

407 2824 585 2906 vitia,
655 2822 768 2892 dos
825 2824 1190 2893 haeredibus
1258 2828 1508 2895 restitui
1567 2826 1751 2895 debet
1806 2824 2138 2916 (FerrariS,
2214 2823 2300 2894 V.
2344 2826 2661 2911 Novitius,

411 2960 477 3001 n.
529 2937 608 3004 71
672 2946 734 3005 et
785 2939 921 3030 72).
983 2976 1072 2991 —-
1122 2940 1188 3010 5·
1239 2940 1473 3009 Secuta
1549 2941 1963 3032 professione,
2014 2940 2439 3030 depositarius
2492 2941 2667 3009 debet

412 3054 757 3141 pecuniam
810 3055 1196 3123 monasterio
1249 3056 1495 3125 tradere
1532 3054 1866 3147 (FerrariS‚
1922 3054 2008 3125 V.
2040 3056 2391 3139 Martiales,
2438 3062 2556 3123 art.
2600 3056 2667 3136 2,

413 3190 480 3233 n.
515 3168 746 3258 24).—-
773 3170 840 3239 6⁰
867 3169 1058 3239 Dotes
1083 3172 1800 3262 supranumerariarum
1826 3170 2113 3239 investiri
2140 3170 2375 3241 debent
2398 3172 2671 3263 (doivent

413 3286 544 3349 etro
583 3284 1002 3378 capitalisees)
1057 3313 1072 3357 ε
1123 3288 1398 3355 aliarum
1448 3308 1599 3356 vero
1636 3289 1813 3357 dotes
1858 3286 2130 3379 expendi
2178 3293 2466 3378 possunt,
2514 3306 2667 3354 cum

415 3398 669 3465 licentia
725 3404 1114 3490 superioriS,
1161 3403 1232 3469 in
1271 3424 1427 3471 usus
1490 3424 1873 3473 communes
1917 3404 2295 3472 monasterii
2344 3402 2669 3491 (Ferraris,

415 3508 500 3579 V.
535 3512 884 3598 MonialeS,
914 3520 1031 3584 art.
1065 3514 1132 3605 2,
1167 3538 1233 3582 n.
1270 3516 1383 3601 29,
1416 3515 1505 3585 36
1529 3525 1588 3584 et
1614 3516 1752 3621 38).

507 3628 712 3697 Nota.
755 3666 847 3679 —
893 3627 1246 3698 Praemissae
1293 3636 1515 3698 tamen
1566 3629 2033 3719 dispositiones,
2094 3651 2225 3700 non
2262 3632 2355 3699 ita
2400 3631 2679 3719 rigorose

417 3741 853 3831 intelligendae
891 3743 1222 3832 videntur,
1261 3750 1335 3813 ut
1361 3768 1439 3813 ex
1468 3744 1935 3815 consuetudine
1973 3744 2263 3836 legitime
2290 3746 2677 3836 praescripta,

417 3858 924 3927 moderationem
955 3858 1167 3948 quoad
1207 3861 1412 3929 multa
1442 3862 1575 3954 pati
1614 3867 1959 3952 nequeant.
1994 3859 2132 3930 imo
2160 3861 2229 3929 in
2258 3861 2381 3929 hac
2424 3862 2679 3929 materia

421 3972 786 4063 plurimum
841 3973 921 4042 ad
961 3974 1304 4063 regionum
1353 3984 1639 4067 receptas
1674 3976 2175 4047 consuetudines
2210 3998 2347 4046 esse
2370 3974 2679 4046 attenden-

417 4085 578 4155 dum
611 4090 848 4180 passim
879 4090 1184 4159 adnotant
1211 4092 1523 4163 doctores.

507 4201 797 4283 Quasno
815 4204 989 4273 VIF.
1009 4242 1101 4255 —
1123 4206 1230 4273 An
1253 4212 1316 4273 ec
1329 4207 2007 4300 quatenusproemissa
2032 4206 2207 4276 circa
2221 4206 2429 4275 dotem
2451 4204 2679 4295 appli-

419 4318 636 4386 canda
663 4320 936 4388 veniant
951 4320 1342 4389 monialium
1362 4322 2005 4413 conqreqationibuS,
2032 4346 2179 4414 quae
2200 4335 2355 4391 vota
2370 4318 2677 4389 solemma

419 4453 554 4499 non
583 4432 829 4502 habent
847 4436 886 4501 P
924 4472 1009 4487 -
1056 4433 1117 4500 1⁰
1153 4434 1368 4505 Etiam
1397 4439 1610 4527 quoad
1638 4440 1807 4530 ipsas
1832 4459 2065 4509 verum
2096 4445 2217 4521 est,
2260 4437 2671 4507 simoniacum
