2834 4959
383 305 511 363 438
942 312 1281 361 ‘rnAc'rAws
1324 309 1405 359 DE
1445 312 1595 360 mun
1640 310 2056 359 excummu-

386 435 587 525 giosis
630 432 949 525 professis,
982 454 1105 503 nec
1144 432 1474 524 prael'atam
1525 431 2008 501 translationem
2041 431 2324 501 dominii
2351 432 2438 502 ad
2479 454 2660 503 com-

388 549 735 619 munitates
780 554 1104 638 agnoscat.
1158 572 1195 615 α
1222 548 1469 619 Votum
1521 546 1938 638 paupertatis,
1985 546 2224 637 inquit,
2269 548 2468 637 quale
2498 548 2656 639 apud

400 690 433 729 α
462 684 583 731 nos
608 662 801 732 hodie
840 663 1189 745 emittitur,
1220 682 1354 732 non
1394 662 1655 731 videtur
1681 681 1758 731 ea
1783 662 2014 731 omnia
2052 659 2398 731 includere
2423 683 2558 753 quae
2582 684 2654 731 ex

400 805 435 847 «t
466 779 811 870 disciplina
836 778 1133 849 Ecclesiae
1173 778 1603 869 requiruntur
1639 783 1714 845 ut
1741 777 1824 846 sit
1856 774 2146 847 solemne
2173 798 2194 845 ε
2233 775 2400 846 illud
2431 776 2648 869 proba·-

400 920 435 961 (ι
472 894 673 964 bilius
714 894 881 963 effici
902 894 1366 979 existimamus,
1410 898 1555 962 tum
1601 912 1678 961 ex
1723 892 1916 961 dictis
1943 892 2024 961 in'²
2053 892 2456 983 opinionum
2481 914 2654 983 expo-

400 1038 437 1080 α
460 1012 691 1082 sitione
718 1011 837 1103 (1),
866 1014 1005 1080 tum
1034 1032 1113 1081 ex
1136 1010 1436 1099 analogia
1479 1030 1634 1078 cum
1657 1008 1825 1079 votis
1855 1008 2271 1079 monialium.
2307 1034 2346 1075 »
2383 1010 2503 1099 (De
2517 1012 2654 1078 lus-

394 1127 551 1197 titia
574 1127 826 1217 etjure,
857 1149 928 1195 n.
958 1126 1115 1209 224,
1146 1124 1317 1194 circa
1352 1124 1604 1215 finem.)
1862 1208 1876 1227 ⁸

480 1244 551 1311 4⁰
568 1241 823 1311 Falsam
850 1262 989 1310 esse
1010 1240 1389 1333 opinionem
1410 1238 1596 1307 illam
1613 1240 1765 1307 satis
1787 1240 2100 1309 evincunt
2115 1238 2396 1315 deducta
2419 1238 2656 1309 duobus

398 1356 841 1449 superioribus
886 1354 1233 1447 capitibus,
1278 1354 1397 1422 ubi
1442 1372 1624 1445 posse
1676 1353 2035 1443 religiosos,
2089 1352 2590 1445 independenter
2625 1372 2656 1419 a

396 1472 691 1543 eaeculari
713 1471 877 1558 lege,
902 1469 1237 1560 incapaces
1254 1470 1534 1537 dominii
1559 1468 1728 1550 fieri,
1751 1474 1814 1538 et
1838 1468 2174 1539 transferri
2196 1468 2276 1538 ad
2301 1468 2656 1537 communi·

398 1587 591 1652 tatem
620 1580 991 1649 dominium
1020 1580 1341 1649 bonorum
1368 1580 1600 1649 iisdem
1644 1579 1964 1669 religiosis
1993 1578 2282 1671 professis
2307 1578 2652 1647 obvenien-

400 1696 569 1766 tium
609 1694 747 1765 [use
796 1692 1237 1785 probavimus.
1267 1694 1411 1777 Quo
1463 1700 1682 1765 tamen
1726 1694 1982 1764 facilius
2013 1692 2422 1785 perspiciatur
2459 1711 2652 1781 quam

406 1810 643 1881 absone
684 1807 805 1879 soli
838 1809 1151 1902 principis
1178 1810 1502 1881 saecularis
1541 1808 1798 1880 decreto
1845 1807 2172 1879 tribuatur
2207 1806 2306 1876 vis
2339 1806 2534 1875 dictos
2559 1804 2655 1873 ef-

404 1926 607 1997 tectus
632 1925 1055 2018 producendi,
1084 1925 1191 1995 hic
1218 1922 1667 2016 probabimus,
1698 1924 1868 2014 leges
1893 1922 2112 1993 civiles
2139 1923 2389 1992 dictam
2413 1922 2660 2013 incapa-

412 2042 667 2111 citatem
692 2046 757 2109 et
775 2039 1053 2109 dominii
1081 2040 1560 2111 translationem
1589 2040 2029 2125 decernentes,
2059 2040 2312 2108 nedum
2337 2037 2416 2106 ad
2444 2037 2550 2105 hos
2575 2036 2660 2103 ef·

412 2157 611 2225 fectus
647 2156 1093 2245 producendos
1134 2155 1502 2225 necessaria
1527 2156 1680 2241 sint,
1719 2175 1982 2246 prorsus
2007 2153 2236 2223 inanes
2267 2172 2350 2223 ex
2373 2152 2580 2243 seipsis
2603 2154 2662 2217 et

422 2268 631 2337 irritas
656 2269 810 2337 fore.
846 2266 1097 2351 Quibus
1126 2272 1522 2361 praenotatis,
1555 2271 1638 2338 sit

502 2383 873 2453 Paorosmo
892 2384 968 2453 1⁸.
998 2422 1091 2437 -
1122 2387 1255 2453 Lea:
1279 2384 1616 2453 saecular-is
1643 2404 2066 2475 nequaquam
2087 2394 2314 2475 potest
2355 2381 2668 2473 reliqiosos

416 2498 760 2588 incapaces
804 2495 1087 2565 dominii
1128 2498 1410 2587 efficere.
1439 2536 1530 2553 --
1552 2499 1728 2569 Num
1761 2500 2086 2569 honorum
2131 2496 2366 2567 divisio
2399 2494 2670 2565 absolute

2792 1314 2798 1373 l

2796 1684 2797 1757 ι

2796 1840 2797 1933 l

2795 1958 2797 2043 4

416 2614 500 2681 sit
549 2612 629 2679 de
670 2614 819 2701 jure
878 2612 1181 2699 naturali,
1232 2612 1401 2683 inter
1471 2615 1758 2683 doctores
1815 2614 2334 2684 controvertitur.
2399 2610 2670 2680 Dicimus
2796 2664 2797 2715 3

425 2730 743 2818 absolute,
797 2732 864 2802 id
912 2740 1030 2819 est,
1078 2734 1149 2803 in
1190 2755 1583 2825 quocunque
1637 2733 1893 2824 generis
1937 2734 2218 2805 humani
2262 2736 2460 2821 statu,
2499 2734 2675 2820 atque
2796 2724 2797 2729 ’

426 2848 583 2918 adeo
608 2848 801 2919 etiam
858 2849 930 2918 in
970 2853 1137 2919 statu
1187 2852 1436 2921 naturai
1485 2850 1776 2941 integrae.
1835 2847 2073 2919 Putant
2119 2868 2362 2940 nempe
2417 2841 2674 2932 theologi

424 2964 642 3049 multi,
687 2986 819 3034 nou
862 2964 1150 3033 suturam
1193 2964 1389 3035 fuisse
1439 2967 1864 3035 necessariam
1905 2964 2232 3035 bonorum
2275 2962 2671 3041 divisionem,

428 3081 485 3149 si
514 3080 723 3149 Adam
760 3102 891 3149 non
915 3086 1260 3171 peccasset,
1290 3088 1354 3147 et
1372 3100 1583 3168 genus
1612 3082 1987 3149 humanum
2021 3081 2090 3149 in
2123 3085 2293 3149 statu
2319 3084 2564 3147 natura!
2591 3076 2682 3141 in·
2796 3088 2797 3093 ’

424 3200 621 3285 tegrae
696 3197 1150 3287 permansisset
1190 3218 1209 3265 ι
1260 3197 1333 3265 in
1378 3196 1502 3263 hac
1557 3196 1828 3286 proinde
1901 3197 2251 3265 hominum
2323 3191 2682 3264 conditione

408 3315 652 3381 omnia
691 3314 908 3383 futura
940 3314 1131 3385 fuisse
1154 3314 1466 3384 omnibus
1491 3314 1908 3395 communia;
1939 3316 2026 3384 ita
2063 3320 2134 3383 ut
2155 3310 2476 3406 eiusmodi
2515 3330 2684 3379 com·

430 3425 823 3511 munismtw,
852 3427 917 3497 id
958 3436 1079 3517 est,
1112 3428 1434 3499 bonorum
1481 3430 1940 3515 communitae,
1996 3430 2302 3522 potuisset
2353 3428 2524 3497 licite
2549 3444 2684 3517 per·
2796 3438 2797 3443 ’

428 3565 741 3629 severare,
783 3544 919 3614 imo
970 3544 1071 3635 (ut
1104 3544 1333 3614 volunt
1382 3545 1613 3637 aliqui)
1668 3567 1788 3615 nec
1841 3545 2144 3637 potuisset
2189 3544 2482 3635 legitime
2535 3538 2677 3609 tolli.

430 3658 515 3727 At
537 3678 685 3726 vero
712 3655 993 3725 relative
1016 3652 1099 3725 ad
1122 3660 1360 3725 statum
1398 3664 1780 3748 praesentem
1823 3662 2069 3725 naturae
2091 3656 2314 3747 lapsae,
2337 3658 2542 3723 cessat
2567 3651 2684 3718 fere

430 3774 813 3865 opinionum
866 3772 1219 3839 diversitas.
1276 3770 1389 3840 Est
1440 3792 1674 3864 nempe
1730 3760 2103 3843 communis
2168 3770 2510 3839 doctorum
2555 3782 2684 3835 sen·

428 3890 655 3977 tentia,
692 3888 773 3957 de
818 3889 965 3976 jure
1010 3886 1317 3975 naturali,
1370 3887 1579 3979 posito
1623 3894 1698 3957 ut
1747 3907 1927 3956 nunc
1953 3890 2047 3955 est
2096 3884 2391 3955 humano
2437 3896 2677 3975 genere,

430 3998 751 4070 introduci
792 3996 1089 4067 debuisse
1126 3994 1454 4068 bonorum
1499 4000 1885 4069 divisionem
1937 4018 2048 4067 seu
2083 3999 2200 4088 jus
2245 3990 2675 4089 proprietatis3

492 4225 556 4285 (Ι)
592 4220 847 4285 E¹P⁰⁸ffl⁰
870 4220 1138 4285 Opinlonls·
1164 4223 1472 4291 <luminatus
1497 4222 1627 4276 thesi
1655 4220 1807 4285 favet,
1829 4222 2046 4275 habetur
2079 4234 2142 4275 n.
2169 4223 2292 4281 ²223
2325 4220 2378 4271 et
2401 4214 2489 4277 lbi.
2538 4210 2600 4262 ob
2621 4209 2688 4259 le·

433 4319 543 4371 gem
563 4307 757 4358 clvtlem
784 4306 973 4367 Galliae,
998 4308 1379 4371 incapacitatem
1400 4310 1610 4362 dominil
1636 4314 1686 4363 tn
1707 4310 1936 4375 religioso
1959 4323 2060 4361 non
2082 4310 2454 4375 agnoscentem,
2481 4302 2550 4352 sic
2571 4306 2682 4348 con·

431 4393 648 4445 cluditur
680 4415 691 4445 =
727 4395 963 4459 Reliqt‘osi
990 4392 1151 4458 iqitw·
1174 4410 1287 4448 vere
1306 4412 1402 4449 non
1431 4400 1672 4452 abdicant
1692 4400 1996 4450 dominium.
