2834 4959
1255 399 1410 447 PARS
1453 399 1715 457 QUARTA.
2503 396 2581 451 54
2596 397 2621 452 1

335 548 470 596 esse
525 521 876 591 novitiatus
919 539 1182 609 capaces
1239 526 1390 588 ante
1442 522 1847 612 pubertatem
1901 519 2073 612 (vide
2130 520 2630 614 Schmalzgrue-

337 641 478 724 ber,
522 639 593 707 in
627 637 892 705 titulum
937 633 1015 704 de
1042 635 1518 727 Reqularibus‚
1554 659 1625 706 n.
1675 635 1852 728 151).

427 747 496 816 5⁰
527 745 803 814 Possunt
833 743 1013 833 pueri
1047 764 1084 810 a
1111 744 1490 833 parentibus
1518 744 1685 814 dicto
1718 743 1907 813 modo
1934 743 2180 828 offerri,
2219 746 2413 816 etiam
2440 747 2627 818 inviti

339 859 512 950 (vide
541 856 1143 946 Schmalzgrueber,
1173 859 1366 926 citato
1409 858 1579 942 loco,
1620 879 1690 927 n.
1728 857 1908 949 152).

430 973 500 1041 6⁰
553 971 704 1041 Post
757 971 994 1040 factam
1062 976 1124 1039 et
1173 977 1573 1063 acceptatam
1632 993 1671 1042 a
1737 973 2124 1043 monasterio
2202 975 2623 1065 oblationem,

327 1092 468 1179 jam
498 1091 837 1177 nequeunt
864 1091 1186 1176 parentes,
1216 1093 1364 1155 ante
1414 1087 1601 1178 pueri
1642 1088 2071 1178 pubertatem,
2108 1111 2265 1159 eum
2312 1113 2349 1160 e
2378 1111 2629 1163 ’mona-

336 1202 529 1272 sterio
555 1221 854 1270 revocare
881 1198 1164 1292 (suarez,
1198 1199 1340 1270 loco
1369 1201 1585 1282 citato,
1616 1223 1686 1271 n.
1727 1201 1863 1294 13).

431 1317 497 1385 7⁰
536 1316 696 1386 Item
761 1318 986 1406 nequit
1061 1316 1240 1385 filius
1301 1322 1451 1386 ante
1509 1317 1916 1408 pubertatem
1984 1320 2249 1411 propria
2271 1332 2279 1338 “
2300 1322 2627 1394 voluntate

343 1432 560 1524 egredi
593 1457 608 1498 :
643 1437 738 1500 est
781 1431 962 1500 enim
1009 1429 1228 1500 adhuc
1277 1431 1402 1500 sub
1453 1437 1755 1522 potestate
1802 1438 2089 1524 paterna,
2134 1454 2333 1526 quam
2380 1445 2629 1508 exercet

341 1550 824 1618 monasterium.
879 1548 1024 1617 lmo
1076 1547 1435 1637 antiquitus
1478 1549 1533 1618 si
1561 1551 1971 1640 egrederetur
2000 1551 2205 1620 factus
2248 1553 2477 1643 pubes,
2510 1555 2620 1624 in-

335 1663 532 1734 famia
555 1663 942 1747 notabatur;
982 1663 1094 1732 sed
1122 1662 1250 1732 hoc
1282 1670 1647 1733 correctum
1678 1672 1773 1733 est
1804 1663 2009 1757 capite
2046 1667 2220 1734 Cum
2254 1667 2486 1754 simus,
2514 1667 2626 1748 14,

338 1776 418 1847 de
443 1778 882 1870 Reqularibus
906 1777 1535 1869 (Schmalzgrueber,
1564 1778 1707 1848 loco
1736 1780 1953 1866 citato,
1986 1801 2057 1850 n.
2094 1780 2270 1873 153).

434 1893 500 1960 8⁰
529 1891 760 1962 Statim
789 1898 1006 1962 autem
1035 1915 1110 1962 ac
1152 1892 1302 1962 t'acti
1329 1897 1479 1962 sunt
1520 1891 1822 1983 puberes,
1857 1891 2139 1962 liberum
2170 1896 2263 1964 eis
2308 1901 2402 1964 est
2432 1915 2627 1983 egre-

345 2005 408 2073 di
435 2027 453 2088 ;
485 2009 642 2096 quia
671 2008 740 2075 in
767 2007 886 2076 hac
913 2013 1092 2078 aetate
1113 2008 1429 2078 voluntati
1458 2013 1801 2100 parentum
1824 2009 1965 2097 jam
1990 2027 2126 2078 non
2156 2008 2623 2098 subjiciuntur,

343 2121 558 2210 quoad
589 2128 788 2192 status
818 2123 1220 2194 electionem.

434 2239 503 2306 9⁰
539 2235 788 2306 Filium
824 2237 1052 2307 offerre
1082 2243 1286 2329 potest
1317 2244 1524 2329 pater,
1559 2236 1813 2308 etiamsi
1843 2243 2051 2307 mater
2078 2238 2441 2307 dissentiat:
2470 2239 2627 2309 item

342 2359 550 2422 mater
577 2351 824 2443 absque
852 2373 1117 2422 assensu
1145 2354 1369 2444 patris,
1402 2353 1601 2422 modo
1628 2359 1847 2424 tamen
1881 2352 1992 2422 hic
2016 2373 2149 2421 non
2179 2351 2577 2421 contradicat
2605 2376 2625 2422 ι

345 2469 502 2538 item
530 2474 700 2536 tutor
727 2467 896 2558 (vide
915 2467 1521 2558 Schmalzgrueber,
1535 2470 1607 2538 in
1627 2468 1725 2538 tit.
1758 2467 1839 2538 de
1856 2467 2325 2561 Reqularibus‚
2350 2488 2419 2535 n.
2448 2465 2627 2559 152).

439 2583 544 2653 10⁰
576 2582 692 2651 Jus
721 2605 1100 2671 commune,
1146 2584 1358 2674 quoad
1405 2585 1725 2672 ejusmodi
1749 2585 2169 2674 impuberum
2210 2583 2627 2666 oblationem,

345 2717 758 2789 nequaquam
807 2698 998 2768 hodie
1043 2697 1374 2765 sublatum
1425 2696 1823 2765 censendum
1865 2702 1983 2766 est.
2018 2697 2337 2786 Equidem
2360 2697 2632 2767 Triden-

347 2812 484 2881 tina
523 2814 808 2903 synodus
850 2813 1026 2905 (sess,
1065 2811 1176 2893 25,
1212 2835 1274 2882 c.
1314 2812 1423 2899 17,
1462 2809 1542 2878 de
1566 2808 2035 2900 Reqularibus)
2062 2809 2397 2900 prohibuit
2422 2833 2508 2880 ne
2554 2811 2633 2880 ad

343 2927 636 2996 habitum
686 2929 1064 3018 religiosum
1108 2928 1554 2998 admitteretur
1607 2925 1845 3016 puella,
1900 2924 2023 2992 nisi
2079 2922 2263 3015 prius
2312 2923 2634 3013 explorata

344 3041 550 3134 ipsius
595 3051 710 3136 pe'r
749 3043 1146 3134 Episcopum
1181 3048 1293 3113 aut
1335 3047 1477 3134 ejus
1504 3041 1825 3111 vicarium
1852 3039 2205 3110 voluntate.
2239 3037 2365 3107 Sed
2390 3040 2477 3108 ita
2503 3039 2635 3110 dis·

344 3160 559 3250 posuit
589 3158 892 3228 duntaxat
925 3158 1137 3250 quoad
1169 3157 1412 3249 puellas
1436 3155 1787 3226 duodecim
1828 3155 2031 3226 annis
2075 3153 2383 3245 majores.
2444 3153 2633 3226 Unde

347 3294 466 3366 per
508 3272 674 3344 illud
714 3273 1044 3343 decretum
1087 3271 1499 3364 nequaquam
1536 3273 1961 3342 immutatum
1996 3275 2093 3340 est
2130 3271 2243 3359 jus
2284 3288 2635 3339 commune

345 3389 432 3459 de
475 3411 606 3480 quo
650 3389 990 3480 loquimur
1014 3389 1182 3484 (vide
1209 3387 1811 3477 Schmalzgrueber,
1840 3386 1987 3456 loco
2012 3387 2156 3474 cit.,
2198 3407 2265 3454 n.
2298 3385 2474 3476 154).

437 3505 646 3576 Nota.
677 3541 768 3554 —
792 3501 972 3572 Nihil
1011 3502 1288 3572 dicimus
1330 3502 1412 3570 de
1464 3501 1693 3588 servis,
1750 3499 1905 3590 quia
1965 3501 2167 3569 otiosa
2226 3499 2417 3568 hodie
2468 3498 2635 3567 soret

345 3615 462 3686 illa
499 3620 792 3710 quaestio,
813 3641 852 3690 a
890 3617 1238 3689 canonistis
1259 3617 1421 3688 olim
1463 3617 1739 3709 expendi
1768 3616 1979 3687 solita.
2024 3615 2131 3684 Ad
2163 3623 2459 3682 amentes
2485 3633 2637 3682 vero

342 3740 412 3802 et
446 3734 736 3824 fier-iosos
779 3735 956 3825 quod
997 3737 1247 3817 attinet,
1301 3733 1453 3803 satis
1503 3733 1925 3825 perspicuum
1970 3736 2066 3802 est
2119 3728 2263 3798 illos
2316 3749 2450 3798 non
2504 3748 2641 3800 esse

347 3855 546 3921 status
587 3850 870 3940 religiosi
927 3871 1213 3942 capaces.
