2834 4959
1039 881 1433 1011 PARS
1525 883 1693 1015 IV

231 1203 557 1275 NORMA
611 1200 1072 1274 CANONICA
1127 1200 1497 1273 STATUM
1563 1203 2113 1282 RELIGIOSUM
2184 1212 2504 1286 INGRE-

1221 1333 1539 1405 DIENDI

825 1769 910 1814 m:
943 1767 1311 1814 NovrrIA'ru
1337 1767 1422 1810 ET
1450 1763 1909 1812 PROFESSIONE.

1173 1999 1573 2013 --w

321 2289 574 2359 Statum
605 2291 980 2382 religiosum
1032 2293 1290 2386 ingredi
1341 2297 1701 2368 volentibus
1752 2296 1985 2388 duplex
2026 2297 2187 2366 olim
2233 2299 2489 2389 patebat

229 2415 380 2482 vitae
423 2416 652 2502 forma,
697 2418 1082 2487 coenobitica
1125 2439 1366 2510 nempe
1415 2425 1479 2488 et
1523 2419 1851 2491 solitaria:
1885 2421 2077 2491 hodie
2115 2442 2267 2490 vero
2304 2423 2501 2490 unica

225 2535 506 2620 tantum,
537 2531 856 2604 nimirum
895 2533 1302 2604 coenobitica.
1349 2533 1520 2604 Cum
1562 2537 1741 2606 enim
1784 2536 2063 2608 Ecclesia
2101 2539 2284 2629 probi
2293 2538 2501 2608 buerit

225 2646 586 2742 quamlibet
609 2649 756 2718 vitae
787 2647 1101 2739 religiosae
1141 2651 1420 2719 formam
1456 2670 1495 2716 a
1530 2670 1599 2717 se
1648 2670 1782 2720 non
1827 2655 2270 2742 approbatam,
2310 2661 2503 2743 atque

231 2761 497 2834 aliunde
543 2764 839 2833 solitariae
917 2766 1064 2834 vitae
1151 2765 1609 2858 professionem
1700 2767 2054 2855 approbare
2112 2765 2500 2857 jamdudum

229 2877 514 2964 desierit,
569 2900 962 2971 consequens
1017 2887 1110 2949 est
1159 2888 1230 2949 ut
1273 2879 1578 2972 professio
1629 2880 1770 2948 haee
1824 2878 2044 2947 illicita
2093 2881 2495 2948 remanserit.

229 2992 416 3074 Quod
462 2999 674 3065 autem
718 3017 793 3066 ex
833 2995 1137 3066 Ecclesiae
1187 2995 1711 3089 dispositionibus
1756 2995 1953 3066 evasit
2001 2994 2329 3082 illicitum,
2358 2997 2499 3084 jam

224 3116 458 3204 nequit
513 3135 646 3185 esse
667 3126 884 3184 status
905 3117 1355 3208 perfectionis,
1386 3123 1449 3184 et
1473 3121 1934 3206 consequenter
1961 3137 2083 3185 nec
2108 3126 2325 3183 status
2343 3115 2501 3184 reli-

225 3231 474 3321 qiosuS.

317 3345 518 3432 Hinc,
563 3350 990 3439 praetermissa
1039 3350 1168 3418 vita
1231 3347 1537 3438 solitaria,
1593 3369 1737 3438 quae
1812 3348 1933 3416 sub
1997 3346 2295 3440 praesenti
2364 3354 2499 3416 tra-

226 3463 430 3530 ctatus
475 3469 655 3554 parte
701 3463 1118 3556 expendenda
1160 3464 1427 3532 veniunt
1484 3463 1565 3532 de
1630 3461 1823 3533 modo
1890 3465 2203 3534 canonico
2258 3469 2495 3531 statum

229 3578 608 3670 religiosum
653 3579 1082 3670 ingrediendi,
1133 3583 1352 3650 omnia
1395 3579 1476 3647 ad
1540 3577 1939 3668 collegialem
1988 3579 2141 3648 vitae
2180 3576 2496 3665 religiosae

227 3691 503 3764 formam
525 3695 899 3765 referemus.
929 3695 1099 3766 Cum
1129 3703 1348 3765 autem
1379 3699 1613 3778 statum
1642 3693 2045 3784 religiosum,
2080 3693 2151 3762 in
2179 3689 2498 3780 ejusmodi

228 3811 596 3898 approbatis
634 3812 782 3880 vitae
828 3811 1227 3882 coenobiticae
1275 3811 1613 3895 institutis,
1654 3813 1967 3881 canonice
2012 3807 2290 3898 ingredi,
2332 3807 2501 3874 nihil

238 3922 421 3993 aliud
466 3927 545 3996 sit
606 3948 829 4017 quam,
880 3926 1165 4018 legitime
1204 3933 1461 4015 peracto
1502 3927 1848 4015 novitiatu,
1890 3928 2011 3995 rite
2052 3946 2166 3993 seu
2192 3921 2499 3990 canonice

223 4041 690 4133 professionem
717 4044 1032 4124 emittere,
1087 4042 1158 4110 in
1193 4042 1567 4133 exponendo
1617 4043 1790 4112 circa
1838 4041 2219 4110 novitiatum
2256 4043 2320 4106 et
2350 4058 2501 4128 pro-

225 4161 572 4236 fessionem
607 4163 947 4236 communi
981 4165 1156 4253 jure,
1201 4167 1327 4233 tota
1372 4183 1652 4254 praesens
1704 4161 2073 4253 disceptatio
2112 4157 2494 4228 versabitur.

1181 4405 1442 4418 -----——--..
1457 4403 1558 4412 -..—
