2834 4959
1018 313 1169 360 PARS
1214 312 1506 360 SECUNDA.
2282 311 2404 369 209

256 435 609 504 Prorosmo
652 432 819 501 xlv.
852 469 941 486 --
972 415 1157 523 Erqo
1203 455 1245 502 a
1296 447 1586 524 tempore
1609 433 1978 502 Innocentii
2001 437 2138 521 III,
2167 459 2408 530 appro-

184 550 324 618 butio
360 548 801 640 reliqiomcm,
848 561 911 616 et
948 550 1560 639 eonqreqationum,
1609 550 1810 617 etiam
1853 549 2212 642 improprie
2256 555 2416 624 reli-

180 666 503 754 9iosarum,
544 663 688 732 sedi
730 665 783 731 Α
781 663 1123 756 postolicoe
1143 665 1285 755 fuit
1308 675 1662 732 reservata.
1695 703 1786 716 —
1823 665 2000 733 Patet
2025 688 2098 732 ex
2129 667 2314 736 dictis
2343 669 2415 737 in

182 791 285 850 toto
310 783 599 872 praesenti
626 780 1049 872 paragrapho.
1080 778 1267 849 Unde
1302 787 1538 849 attenta
1561 779 1966 860 solummodo
2010 781 2152 871 lege
2177 782 2258 852 de
2285 805 2416 874 qua

183 898 433 984 agimus,
474 901 537 964 et
572 895 1003 965 abstrahendo
1050 917 1087 963 a
1131 897 1452 964 contraria
1497 896 1982 983 consuetudine,
2013 897 2091 964 de
2119 919 2248 988 qua
2271 919 2422 967 mox

190 1012 296 1077 erit
318 1033 531 1094 sermo,
572 1011 669 1079 fas
692 1032 825 1079 non
859 1017 953 1079 est
994 1009 1324 1102 Episcopis
1350 1009 1552 1079 ullam
1589 1031 1828 1079 novam
1856 1010 2268 1101 religionem,
2314 1021 2425 1082 aut

194 1125 519 1214 religiosam
562 1126 1125 1216 congregationem
1186 1127 1447 1217 propria
1497 1128 1866 1195 auctoritate
1915 1127 2182 1217 erigere,
2249 1128 2430 1198 insti-

194 1244 373 1322 tuere,
405 1246 504 1308 aut
533 1239 905 1331 approbare.
956 1239 1039 1308 Et
1064 1262 1247 1311 secus
1276 1243 1356 1310 ab
1380 1241 1538 1334 ipsis
1567 1247 1970 1328 attentatum,
2015 1263 2148 1311 non
2173 1248 2426 1312 tantum

193 1357 439 1444 graviter
465 1356 794 1436 illicitum,
834 1355 943 1424 sed
974 1363 1033 1423 et
1060 1377 1321 1448 prorsus
1350 1359 1608 1426 irritum
1637 1357 1822 1427 soret.

270 1473 444 1542 Nota.
478 1509 568 1524 -
594 1469 906 1540 Praedicta
942 1469 1041 1540 lex
1080 1494 1213 1542 non
1248 1473 1434 1541 suita
1457 1471 1833 1543 Tridentino
1871 1474 2146 1544 concilio
2181 1475 2431 1544 sublata

188 1591 281 1652 aut
316 1592 577 1655 mutata.
634 1584 760 1656 Sed
792 1607 1025 1677 neque,
1058 1586 1231 1678 quod
1272 1589 1498 1671 sciam,
1541 1589 1754 1658 ullum
1797 1591 2166 1682 supervenit
2204 1590 2430 1661 decre-

190 1709 303 1770 tum
340 1701 759 1773 Pontificium
792 1702 919 1792 ipsi
960 1702 1297 1794 derogans.
1346 1701 1451 1771 An
1499 1711 1712 1773 autem
1739 1705 1822 1774 ob
1850 1707 2234 1776 contrariam
2262 1728 2430 1776 con-—

188 1817 559 1887 suetudinem
602 1818 817 1908 vigere
844 1819 1062 1909 aliqua
1090 1841 1166 1889 ex
1194 1825 1369 1910 parte
1397 1819 1674 1905 desierit,
1711 1823 1994 1910 sequenti
2023 1821 2426 1911 paragrapho

190 1933 553 2020 expenditur.

1190 2157 1235 2249 ξ
1276 2159 1395 2228 111.

189 2355 247 2404 An
270 2355 419 2418 alique
444 2369 504 2406 ex
524 2359 667 2419 parte
691 2355 855 2418 vigere
896 2355 1099 2406 desierit
1122 2355 1221 2418 lex,
1248 2367 1351 2420 qua
1378 2353 1686 2419 prohibitum
1707 2358 1873 2406 estne
1903 2356 2036 2418 quis,
2062 2355 2252 2420 absque
2273 2354 2463 2436 licen-²

238 2446 297 2494 tia
316 2443 589 2508 Pontiiicia,
614 2457 799 2495 novam
816 2443 1131 2508 religionem,
1154 2448 1243 2496 aut
1262 2443 1545 2508 religiosam
1563 2447 1996 2510 congregationem
2038 2445 2325 2498 adinveniat
2337 2448 2360 2495 Ρ

274 2629 447 2701 Valde
486 2630 765 2701 arduam
802 2634 1223 2721 quaestionem
1268 2631 1672 2718 attingimus.
1723 2629 1976 2700 Etenim
2015 2641 2166 2700 noto
2211 2635 2426 2701 notius

200 2752 307 2830 est,
353 2749 709 2837 pullulasse,
779 2747 1247 2818 recenlioribus
1314 2743 1670 2836 praesertim
1742 2745 2162 2833 temporibus,
2231 2767 2426 2813 novas

202 2866 710 2954 congregationes,
756 2864 999 2954 absque
1038 2861 1372 2931 Pontificia
1398 2858 1772 2928 auctoritate
1801 2858 2128 2927 inchoatas
2153 2865 2214 2926 et
2243 2859 2428 2927 insti-

203 2979 359 3045 tutas.
398 2979 567 3061 Quid
600 2978 726 3046 de
709 2977 789 3046 iis
816 2978 1221 3046 sentiendum
1247 2977 1280 3044 ¹?
1330 2975 1440 3042 An
1493 2951 1744 3042 illicitas
1785 2993 1890 3042 eas
1935 2947 2126 3039 fuisse
2167 2979 2230 3040 et
2277 2995 2428 3066 per-
2485 2964 2506 3004 ·‘

204 3094 486 3180 mansisse,
542 3103 734 3184 atque
774 3114 1013 3162 errasse
1054 3091 1397 3184 Episcopos
1449 3091 1565 3180 qui
1608 3091 1717 3180 jus
1747 3110 1852 3158 eas
1879 3086 2273 3180 approbandi
2298 3090 2422 3158 sihi

200 3205 545 3302 adscripsere
567 3211 603 3279 *ἰ
646 3209 753 3277 An
792 3229 948 3280 vero
970 3231 1045 3277 ex
1068 3208 1351 3299 repetitis
1374 3204 1693 3296 ejusmodi
1721 3204 1920 3292 factis,
1957 3223 2209 3270 necnon
2235 3205 2427 3274 tacito

202 3323 345 3390 sedis
383 3326 751 3418 Apostolieae
822 3345 1107 3411 assensu,
1180 3321 1569 3413 jamdudum
1627 3321 1836 3410 vigere
1899 3318 2158 3388 desierit
2216 3320 2428 3412 quoad

200 3436 481 3528 religiosas
547 3441 1077 3532 congregationes
1126 3437 1476 3506 Pontificiae
1530 3434 2006 3527 approbationis
2059 3439 2422 3521 necessitas,

202 3553 269 3620 iia
298 3565 361 3623 ui
382 3558 563 3626 hodie
591 3556 765 3626 licite
794 3556 1048 3625 valeant
1077 3555 1154 3622 de
1180 3555 1310 3622 sola
1354 3551 1659 3643 Episcopi
1687 3550 1942 3619 licentia
1968 3554 2130 3638 erigi
2160 3559 2222 3618 et
2245 3549 2431 3618 insti-

200 3669 324 3738 tui?
368 3673 551 3743 Haud
598 3694 795 3762 parva
844 3672 1125 3763 profecto
1176 3669 1546 3756 difficultas,
1604 3689 1799 3758 quam
1847 3667 1956 3735 hic
2003 3686 2119 3756 pro
2167 3664 2432 3733 modulo

200 3791 383 3854 nostro
406 3791 681 3860 enodare
711 3790 1121 3858 conabimur.

276 3897 617 3975 Pnorosmo
644 3905 723 3973 1⁸.
760 3943 847 3957 -
889 3903 1374 3974 Consuetudine
1410 3903 1560 3994 jam
1591 3900 1940 3971 inductum
1974 3913 2094 3983 est,
2139 3910 2221 3967 ut
2241 3919 2430 3967 novoe

200 4014 485 4108 reliqiosae
524 4021 1061 4114 conqreqationes
1089 4019 1167 4088 de
1190 4021 1333 4088 sola
1360 4021 1426 4088 E
1423 4018 1852 4110 piscoporum
1884 4014 2154 4085 licentia
2173 4011 2438 4085 inchoa-

202 4145 417 4205 rentur.
460 4177 549 4191 —
574 4137 866 4230 Hujusce
907 4137 1392 4205 consuetudinis
1421 4133 1681 4203 initium
1708 4130 2030 4224 quoddam
2066 4131 2230 4199 mihi
2261 4131 2440 4201 exhi-

208 4239 325 4314 bere
346 4254 639 4324 videntur
668 4254 985 4324 nonnulla
1018 4252 1207 4343 paulo
1236 4252 1602 4342 antiquiora
1619 4247 2028 4318 documenta.
2061 4244 2436 4318 Recentiora

208 4376 328 4432 vero
370 4370 699 4444 inductam
726 4393 871 4442 eam
895 4370 1164 4440 omnino
1202 4367 1504 4458 probant.

442 4495 484 4541 Ι,
2139 4485 2204 4534 14
