2834 4959
1092 354 1243 403 ruis
1288 354 1528 403 mum.
2293 354 2418 413 ΗΘ

154 480 573 547 versarentur
618 473 927 542 duntaxat
977 474 1151 543 circa
1197 474 1367 543 bona
1404 476 1704 567 religioso
1741 480 1880 567 jam
1921 478 2204 569 professo
2245 482 2444 552 obve-

156 592 427 659 nientia.
478 586 601 657 Sed
651 607 863 677 neque
904 586 1031 657 hoc
1067 608 1261 658 sensu
1294 588 1710 661 admittendas
1749 599 1906 661 sunt
1945 601 2272 683 praitensae
2308 599 2440 668 illae

153 705 565 785 difficultates
598 727 616 771 z
646 703 821 793 quod
848 702 1269 793 sequentibus
1304 706 1852 796 propositionibus
1881 709 2260 781 ostenditur.

264 818 653 889 Psorosmo
679 816 785 887 11⁸.
823 852 911 867 --
937 815 1257 908 Reliqiosi
1292 818 1558 907 Gallice,
1593 818 1880 891 dominii
1906 823 2273 915 incapaces,
2303 848 2438 895 non

149 945 313 1003 sunt
338 929 843 1023 difficultatibus
861 930 1137 999 obnoxii
1148 931 1372 1023 quoad
1388 932 1588 1021 bona,
1613 934 1772 1026 ipsis
1785 951 1946 1027 post
1965 940 2442 1029 professionem

142 1074 277 1145 per
302 1061 491 1119 actus
518 1048 699 1117 inter
722 1046 905 1115 vivos
935 1046 1377 1115 obvenientia.
1410 1086 1506 1101 —
1535 1049 1700 1119 Nam
1739 1052 1802 1119 1⁰
1831 1054 2176 1143 religiosus
2211 1056 2436 1130 Gauiae

154 1166 539 1237 solemniter
582 1161 904 1253 professus
944 1163 1053 1231 cui
1096 1161 1171 1231 fit
1208 1162 1422 1253 aliqua
1453 1163 1738 1250 donatio,
1780 1175 2004 1257 potest,
2053 1192 2208 1240 cum
2255 1195 2446 1265 supe-

154 1284 413 1351 riorum
460 1300 729 1348 suorum
779 1298 1121 1363 consensu,
1173 1280 1586 1370 respondere,
1637 1280 2050 1353 donationem
2099 1307 2135 1354 a
2190 1308 2258 1357 se
2307 1310 2439 1357 non

155 1395 523 1485 acceptari:
561 1393 629 1461 in
672 1413 803 1483 quo
838 1392 1123 1480 prolecto
1158 1392 1341 1461 nulla
1374 1401 1471 1461 est
1503 1394 1874 1466 difficultas.
1923 1399 1988 1467 2⁰
2027 1399 2236 1492 Supra
2283 1423 2436 1494 pro-

159 1510 465 1578 bavimus
502 1508 1047 1577 communitatem
1098 1506 1414 1597 possidere
1465 1530 1645 1599 posse
1688 1511 1758 1579 in
1817 1517 2181 1604 communi,
2223 1519 2312 1587 ita
2365 1528 2440 1588 ut

158 1625 328 1694 bona
364 1625 487 1693 sub
523 1624 770 1713 aliquot
804 1623 1257 1713 religiosorum
1298 1625 1566 1694 nomine
1605 1628 2068 1720 inscribantur,
2099 1637 2161 1701 et
2195 1634 2296 1703 isti
2327 1656 2437 1705 re-

154 1737 374 1827 ligiosi
411 1739 690 1807 civiliter
726 1738 1136 1829 proprietarii
1174 1737 1323 1806 sint.
1364 1738 1602 1809 Poterit
1639 1762 1798 1832 ergo
1835 1748 2102 1814 nomine
2140 1769 2438 1818 commu·

154 1852 407 1939 nitatis,
477 1854 551 1921 in
610 1854 674 1921 id
730 1852 1211 1939 consentientiS,
1275 1853 1690 1923 donationem
1757 1864 2115 1949 acceptare,
2173 1868 2236 1931 et
2291 1865 2434 1933 fieri

152 1965 465 2035 civiliter
495 1968 939 2057 proprietarius
976 1969 1073 2037 rei
1112 1968 1383 2037 donatia.
1427 1967 1588 2037 ltem
1625 1970 1855 2060 poterit
1895 1993 2034 2041 rem
2078 1973 2258 2043 illam
2295 1977 2434 2066 ipse

152 2080 453 2149 cim'liter
487 2083 724 2152 donare
762 2083 840 2153 iis
884 2083 1229 2173 religiosis,
1273 2083 1397 2152 sub
1433 2104 1715 2173 quorum
1755 2087 2018 2156 nomine
2047 2087 2216 2156 bona
2245 2109 2434 2160 com-

156 2196 497 2266 munitatis
550 2198 1023 2285 inscribuntur,
1062 2208 1127 2267 et
1162 2205 1338 2268 actus
1376 2198 1598 2269 civiles
1639 2202 1716 2269 ad
1757 2202 1820 2269 id
1865 2205 2254 2273 necessarios
2289 2229 2434 2277 exe-

152 2334 321 2383 rere.
373 2310 566 2397 Quia,
616 2319 689 2382 ut
734 2313 1181 2404 probavimus,
1232 2315 1552 2404 ejusmodi
1609 2316 1828 2385 civiles
1883 2324 2247 2389 contractus
2296 2340 2429 2391 non

154 2432 309 2497 sunt
355 2430 489 2497 veri
562 2435 743 2497 actus
805 2428 1107 2513 dominii,
1168 2430 1277 2500 sed
1342 2452 1540 2499 merae
1597 2431 2215 2524 administrationis3
2275 2460 2428 2507 cum

154 2543 474 2633 ejusmodi
518 2543 691 2612 bona
738 2545 1100 2633 pertineant
1148 2545 1227 2613 ad
1276 2547 1842 2633 communitatem,
1895 2570 2026 2619 non
2075 2556 2290 2620 autem
2347 2554 2430 2623 ad

152 2658 531 2748 religiosum
586 2659 710 2729 sub
760 2660 949 2751 cujus
1004 2660 1270 2729 nomine
1328 2658 1616 2727 civiliter
1673 2660 2147 2733 inscribuntur.
2205 2664 2284 2735 Et
2337 2670 2430 2739 sic

152 2772 353 2840 etiam
390 2794 519 2841 non
559 2774 738 2843 adest
780 2775 915 2843 ulla
956 2771 1415 2843 inextricabilis
1457 2770 1821 2841 difficultas.
1858 2773 1926 2843 3·
1973 2776 2262 2847 Tandem
2314 2783 2429 2849 ob-

148 2888 349 2956 tineri
404 2894 607 2980 potest
653 2887 990 2958 Pontificio
1035 2888 1324 2974 facultaS,
1376 2888 1444 2955 vi
1489 2886 1680 2975 cujus
1723 2886 2068 2977 religiosus
2110 2892 2428 2981 professus

146 3002 565 3073 donationem
644 3025 761 3096 pro
810 3026 877 3073 se
929 3003 1139 3075 valide
1204 3004 1511 3096 accipiat3
1579 3002 1694 3093 qui
1753 3010 1927 3073 actus
1979 3006 2426 3097 acceptationis

148 3119 247 3208 (ut
304 3120 616 3211 superiori
666 3121 880 3213 capite'
912 3120 1161 3190 dictum
1202 3118 1319 3210 est)
1366 3138 1500 3190 non
1551 3119 1672 3188 erit
1713 3126 1894 3189 actus
1949 3120 2220 3190 dominii
2275 3146 2426 3214 pro-

146 3234 295 3321 prie
332 3234 487 3304 dicti
530 3240 593 3303 et
636 3236 765 3305 voti
806 3236 1198 3305 solemnitati
1238 3255 1609 3326 repugnans
1629 3286 1648 3323 ,
1699 3242 1916 3325 utpote
1967 3237 2086 3327 qui
2139 3238 2422 3310 valorem

128 3358 293 3418 'non
333 3349 597 3420 habebit
652 3372 727 3419 ex
772 3352 1035 3443 propria
1085 3350 1369 3441 religiosi
1414 3350 1767 3431 voluntate,
1827 3350 1936 3418 sed
1992 3351 2298 3425 duntaxat
2349 3378 2424 3427 ex

138 3462 474 3533 voluntate
506 3471 571 3534 et
612 3467 1020 3537 concessione
1060 3466 1307 3535 summi
1345 3465 1695 3535 pontificis.
1741 3462 1924 3533 Unde
1970 3478 2220 3539 assertae
2247 3471 2423 3540 diffi-

141 3578 417 3649 euitatus
458 3581 513 3649 si
542 3602 691 3672 quas
725 3582 956 3668 forent,
1004 3580 1542 3670 restringerentur
1587 3580 1667 3648 ad
1702 3579 1871 3649 bona
1911 3580 2230 3671 religiosis
2261 3607 2421 3675 pro-

138 3694 323 3765 fessis
362 3695 768 3767 obvenientia
803 3718 996 3767 causa
1026 3696 1275 3781 mortis,
1316 3694 1381 3764 id
1411 3703 1532 3779 est,
1565 3716 1677 3785 per
1709 3702 2160 3769 testamentum
2207 3700 2307 3769 vel
2347 3724 2422 3772 ex

138 3810 463 3881 intestato.

232 3922 609 3999 Pnorosmo
628 3928 767 3998 111⁸.
801 3966 893 3981 —
913 3928 1231 4020 Reliqiosi
1264 3927 1536 4016 Gallice,
1574 3926 1856 3999 dominii
1881 3932 2250 4021 incapaces,
2285 3953 2419 4003 non

131 4050 299 4111 sunt
328 4044 651 4133 qravibus
678 4042 930 4136 difficul
933 4044 1189 4113 tatibus
1216 4042 1494 4112 obnoxii
1515 4042 1738 4133 quoad
1771 4044 1940 4114 bona
1969 4046 2129 4136 ipsis
2146 4068 2272 4137 per
2291 4060 2414 4117 tes-

135 4168 543 4245 tamentum,
582 4160 689 4228 vel
711 4160 873 4251 jure
908 4156 1325 4227 haereditario
1354 4157 1794 4227 obvenientia.
1828 4196 1920 4211 —
1946 4158 2066 4228 Vel
2109 4160 2286 4230 enim
2324 4164 2420 4233 illi

132 4272 422 4363 religiosi
461 4275 541 4344 ad
578 4276 875 4345 ordinem
914 4274 1290 4364 religiosum
1325 4274 1653 4365 pertinent
1689 4274 1806 4363 qui
1842 4296 1915 4343 ex
1953 4276 2250 4346 instituto
2287 4300 2418 4349 non

132 4393 345 4479 potest
384 4388 711 4481 possidere
750 4390 820 4460 in
860 4391 1225 4477 communi,
1256 4389 1357 4459 vel
1392 4389 1474 4458 ad
1515 4388 1806 4458 ordinem
1837 4390 1950 4480 qui
1981 4392 2052 4463 in
2080 4395 2419 4465 communi

340 4512 387 4562 ι.
2100 4514 2170 4563 ss
