2834 4959
1294 298 1495 347 mnu.
2301 292 2304 295 ’
2411 306 2532 363 697

314 418 603 485 propositio
642 414 785 467 xixt.
832 416 1044 477 Quando
1072 420 1293 470 novitius
1315 424 1440 473 ante
1463 422 1820 485 professionem
1851 428 2216 480 testamentum
2255 444 2358 484 non

380 505 631 567 condidit,
650 507 699 554 vi
726 504 1049 569 professionis
1071 505 1296 559 succedit
1322 508 1375 559 in
1402 510 1514 570 ejus
1541 510 1672 561 bona
1703 514 1758 563 et
1781 514 1896 574 jura
1921 518 2307 581 monasterium,
2334 524 2376 570 si

380 594 507 647 ordo
528 595 595 645 eit
620 602 780 656 capax
798 592 1088 656 possidendi
1116 595 1171 645 in
1194 598 1456 647 communi
1479 616 1496 650 z
1519 610 1670 649 secus
1687 600 1970 651 suceedunt
1989 606 2363 667 consanguinei.
2441 608 2532 657 589

318 682 609 747 Ρνορωὲἑὲο
633 682 758 733 XX&
782 681 889 731 Sui)
904 681 1227 734 anamemste
1247 684 1578 749 prohibentur
1601 693 1852 751 parentes,
1873 693 2140 754 propinqui
2161 696 2214 743 ei.
2231 706 2378 744 cura·

382 777 523 823 tores
546 770 825 835 quidquam
852 769 919 822 de
934 740 1083 823 bonis
1098 774 1297 834 novitii,
1326 779 1510 837 praeter
1531 768 1721 829 victima
1743 782 1798 828 et
1821 776 2082 843 vestitum,
2111 781 2234 833 dere
2265 796 2376 833 mo·

378 864 601 913 nestorio
603 892 2370 923 ........................................................
2445 872 2536 921 589

314 952 607 1017 Ρνοροσίιίο
638 950 788 1003 XXI&
826 951 980 1005 Doeet
1012 950 1259 1015 Fer-raris,
1290 958 1528 1019 parentes
1569 959 1624 1005 et
1661 960 2066 1021 consanguineos
2107 972 2209 1011 ιιοιι
2237 970 2382 1022 posse

379 1041 541 1101 etiam
554 1040 623 1091 de
646 1039 789 1091 honis
811 1039 921 1091 suis
936 1042 1173 1105 propriis
1192 1040 1387 1107 aiiqnid
1406 1044 1532 1097 dare
1553 1047 1882 1109 monasterio,
1905 1046 1972 1097 ob
1987 1048 2269 1111 ingressum
2287 1060 2380 1099 no-

380 1136 489 1187 vitii
514 1136 567 1185 in
596 1134 905 1197 religionem,
932 1136 1139 1198 excepto
1166 1136 1303 1186 victu
1314 1139 1379 1189 et
1399 1140 1590 1190 vestim
1600 1170 2368 1191 .........................
2441 1138 2536 1187 590

314 1224 599 1288 Ρνορωιῖἰο
623 1223 798 1278 xxm
822 1220 931 1275 Sub
954 1227 1476 1279 excommunicatione
1505 1227 1652 1291 Papae
1681 1231 1936 1280 reservata
1965 1227 2276 1293 prothitum
2307 1230 2385 1277 est

382 1326 447 1363 ne
466 1312 686 1375 religiosi
708 1312 929 1375 aliquem
958 1316 1185 1376 peouniae
1209 1326 1466 1371 summam
1487 1328 1518 1367 a
1533 1318 1830 1381 perentibus
1852 1319 2032 1369 novitii
2061 1320 2264 1381 exigant
2284 1328 2376 1379 pro

381 1402 609 1453 convivio
630 1403 889 1453 occasione
903 1403 1187 1455 vestitionis
1206 1403 1287 1455 vel
1307 1402 1629 1467 professionis
1652 1403 1936 1458 faciendo..
2079 1438 2122 1455 ..
2145 1444 2158 1457 .
2239 1438 2280 1455 ..
2365 1442 2377 1455 .
2449 1406 2542 1455 590

316 1489 603 1554 Propontio
626 1489 825 1542 xxm·.
851 1488 1066 1553 Quando
1090 1494 1307 1545 novitius
1329 1492 1473 1545 bonis
1499 1494 1604 1545 suis
1637 1494 1803 1545 debito
1832 1494 1984 1545 modo
2002 1495 2310 1545 renuntiavit
2331 1496 2383 1543 in

377 1577 605 1629 favorem
621 1578 931 1639 monasterii,
949 1589 1013 1627 en
1028 1580 1223 1641 possint
1237 1579 1371 1631 bone
1386 1580 1518 1643 hare,
1538 1584 1657 1632 ente
1673 1581 2055 1645 professionem
2077 1583 2384 1635 monasterio

282 1710 289 1717 ,
374 1664 528 1725 tradi,
555 1663 701 1715 titulo
729 1665 960 1729 depositi,
983 1667 1375 1716 controvertitur
1383 1701 2368 1720 ................................
2439 1670 2532 1717 590

316 1751 603 1817 Propositio
630 1750 821 1803 XXIV·.
850 1751 903 1803 Si
930 1751 1214 1821 egrediatur
1246 1755 1470 1805 novitius
1500 1757 1618 1805 ante
1651 1755 2029 1819 professionem,
2057 1758 2258 1808 resutul
2287 1757 2412 1819 ipsi

378 1840 568 1892 dehent
580 1842 751 1893 omnia
769 1853 883 1904 quae
902 1853 995 1892 sua
1012 1844 1175 1901 erent,
1196 1841 1347 1891 etiam
1368 1854 1428 1893 ea
1446 1854 1560 1905 quae
1577 1842 1750 1894 debiia
1766 1844 1929 1896 forme
1949 1846 2218 1896 conventui
2237 1843 2386 1895 dede-

376 1934 463 1981 rat
470 1962 2371 1984 .............................................................
2443 1934 2470 1982 fi
2511 1934 2532 1981 1

312 1984 605 2086 propositio
628 2019 795 2071 XXV·.
820 2018 1050 2069 Novimus
1072 2018 1331 2083 egrediens
1353 2022 1560 2071 tenetur
1581 2018 1776 2073 solvere
1799 2032 2044 2085 expensas
2063 2032 2156 2087 pro
2179 2022 2290 2085 ipso
2311 2019 2384 2070 fe·
2473 1934 2504 1983 9

374 2111 490 2157 ctas
513 2120 544 2158 a
574 2110 897 2167 monasterio,
929 2110 973 2157 si
1000 2106 1064 2156 de
1095 2106 1191 2157 hoe
1218 2108 1548 2158 intervenerit
1574 2113 1798 2173 pactum,
1823 2109 1907 2161 ve!
1936 2110 2009 2161 ita
2035 2108 2166 2161 ferat
2190 2108 2380 2159 ordinis

378 2195 696 2263 consuetudo
721 2216 733 2245 :
754 2208 901 2247 secus
922 2206 1025 2246 non
1050 2198 1254 2246 tenetur
1260 2230 2365 2251 ....................................
2441 2198 2530 2248 eoi

250 2370 470 2423 CAPUT
495 2371 598 2420 Vii.
622 2371 694 2421 De
708 2374 823 2429 iure
840 2372 1144 2421 novitiorum
1172 2369 1338 2434 quoad
1360 2370 1606 2423 beneficia
1627 2384 1722 2424 sua
1729 2402 2376 2425 .....................
2451 2372 2537 2421 591

314 2514 345 2578 ς
384 2510 428 2563 1.
460 2514 536 2561 An
559 2506 737 2560 novitii
761 2507 1005 2556 beneficia
1027 2519 1122 2556 sua
1142 2509 1362 2558 retinere
1382 2514 1634 2571 possint..
1777 2552 1818 2564 ..
1833 2546 1880 2567 ..
1900 2550 1913 2563 .
1929 2548 1944 2564 .
1959 2548 1974 2564 .
1996 2549 2038 2564 ..
2061 2550 2074 2564 .
2090 2551 2102 2565 .
2119 2552 2156 2565 ..
2175 2547 2216 2564 ..
2235 2547 2249 2562 .
2269 2552 2282 2565 .
2300 2551 2311 2562 .
2326 2546 2342 2563 .
2360 2548 2374 2562 .
2447 2512 2537 2561 591

228 2632 235 2639 ·
318 2600 612 2665 Propositio
638 2596 698 2646 it.
725 2594 1033 2646 Beneficium
1057 2593 1222 2643 clerici
1246 2593 1536 2655 religionem
1561 2550 1888 2658 ingredientis
1915 2610 2018 2647 non
2049 2604 2218 2660 potest
2245 2600 2390 2651 alteri

387 2688 605 2739 conferri
621 2688 752 2736 intre
772 2684 1045 2734 novitiatus
1067 2695 1262 2733 annum
1264 2716 2381 2737 ....................................
2455 2690 2543 2739 591

320 2775 614 2840 Propositz'o
646 2774 729 2825 11⁸.
758 2772 869 2824 Non
892 2776 1055 2836 potest
1076 2770 1383 2821 beneficium
1408 2772 1586 2822 novitii
1613 2771 1758 2823 alteri
1783 2770 2015 2829 conferri,
2047 2774 2388 2835 quantumvis

386 2864 687 2915 heneficium
716 2861 842 2913 illud
862 2862 1242 2924 resignaverit..
1350 2893 1396 2912 ..
1416 2894 1463 2911 ..
1481 2894 1495 2910 .
1513 2897 1526 2909 .
1753 2892 1768 2909 .
1789 2892 1862 2911 ...
1881 2896 1925 2911 ..
1943 2894 1986 2912 ..
2007 2896 2020 2908 .
2039 2896 2051 2909 .
2069 2892 2134 2911 ...
2270 2898 2282 2909 .
2303 2895 2343 2910 ..
2363 2898 2377 2911 .
2450 2864 2541 2911 592

323 2953 613 3018 Propositio
642 2952 751 3003 111⁸.
771 2952 1001 3002 Durante
1024 2951 1299 3000 novitiatus
1318 2952 1568 3012 tempore,
1589 2948 1816 3000 beneficii
1844 2946 2134 2999 functiones
2157 2952 2210 2998 et
2229 2961 2384 2999 onera

391 3040 534 3092 alteri
557 3042 916 3093 eommlttenda
946 3044 1085 3099 sunt,
1121 3040 1377 3103 assignata
1396 3038 1494 3105 ipsi
1520 3048 1583 3087 ex
1611 3036 1864 3087 fructibus
1901 3034 2125 3087 beneficii
2155 3037 2386 3099 portione

276 3110 283 3121 “
392 3143 667 3195 congrue..
1074 3159 1596 3181 .................
1610 3158 1657 3177 ..
1833 3158 1938 3179 ....
2051 3156 2316 3177 .........
2338 3160 2381 3175 ..
2453 3128 2548 3176 592

329 3220 606 3283 Proposieio
635 3217 736 3271 lv·.
769 3217 963 3269 Dictum
984 3218 1270 3282 portionem
1293 3226 1568 3278 congruam
1589 3213 1922 3265 determinare
1944 3214 2165 3275 pertinet
2181 3212 2244 3263 ad
2273 3212 2389 3275 Epi-

392 3320 655 3371 scopum..
956 3340 1027 3357 ...
1049 3344 1092 3357 ..
1364 3338 1407 3355 ..
1773 3336 1878 3353 ....
1899 3334 2382 3354 ............
2457 3304 2544 3351 592

330 3396 613 3461 Proposiiio
648 3396 725 3446 V.⁸
762 3396 971 3447 Residui
998 3393 1195 3445 fructus
1222 3392 1450 3445 beneficii
1477 3396 1592 3455 post
1615 3392 1836 3443 solutam
1866 3389 2061 3441 dietam
2088 3383 2379 3452 eon'gruam,

396 3483 681 3536 reservandi
704 3486 845 3547 sunt,
865 3487 917 3533 et
946 3481 1241 3533 restituendi
1268 3483 1459 3532 novitio
1496 3481 1539 3530 si
1565 3479 1925 3543 professionem
1952 3490 2052 3529 non
2078 3480 2318 3528 emittat:
2351 3480 2392 3527 si

394 3585 514 3623 vero
532 3572 891 3636 professionem
910 3570 1099 3633 feeerit,
1116 3582 1213 3621 nee
1229 3568 1294 3621 de
1308 3567 1407 3619 iilis
1425 3570 1576 3619 antea
1591 3567 1915 3631 disposuerit,
1933 3566 2270 3629 acquiruntur
2285 3576 2393 3616 mo·

398 3662 633 3723 nasterio,
653 3660 797 3722 iuxta
816 3660 1215 3711 communiorem
1234 3659 1542 3709 sententiam
1553 3685 2384 3709 ...........................
2457 3654 2546 3703 592

337 3749 619 3815 Propositio
637 3747 968 3799 V1·.LTradita
987 3746 1177 3809 regula,
1198 3744 1331 3808 quod
1345 3745 1655 3797 renuntiatio
1671 3744 1901 3795 beneficii
1919 3744 2156 3796 effoetum
2175 3753 2276 3793 non
2291 3753 2392 3792 sor-

396 3834 553 3889 tiatur
571 3841 691 3889 ente
706 3836 1089 3903 professionem,
1106 3835 1275 3885 iocum
1294 3833 1447 3885 hebet
1466 3835 1663 3884 etiamsi
1681 3832 1922 3897 professio
1939 3832 2074 3883 ultre
2086 3842 2282 3883 annum
2300 3828 2393 3881 dii-

396 3926 585 3978 feratur
605 3951 2382 3979 .........................................................
2457 3920 2548 3969 593

336 4014 623 4077 Propositio
640 4014 774 4077 Vlia.
794 4012 923 4077 Ergo
944 4014 1001 4064 in
1024 4012 1263 4064 societate
1284 4010 1406 4063 lesu
1429 4013 1650 4062 novitius
1680 4008 1979 4061 beneficium
2003 4020 2154 4059 suum
2176 4009 2394 4058 retinere

398 4106 587 4167 posset,
605 4116 709 4155 non
732 4105 937 4154 tantum
952 4104 1062 4152 toto
1082 4101 1391 4165 probationis
1408 4100 1628 4161 biennio,
1649 4098 1740 4149 sed
1757 4100 1909 4149 etiam
1930 4100 2045 4162 poet
2071 4098 2255 4149 emisse
2281 4100 2394 4146 vota

400 4190 660 4253 simplicia,
680 4202 845 4255 usque
862 4188 926 4241 ed
944 4189 1327 4254 professionem,
1343 4188 1424 4240 vel
1443 4200 1608 4253 usque
1623 4186 1689 4238 ad
1705 4183 1824 4239 v‘ota
1841 4186 2192 4249 coadjutorum
2213 4184 2393 4235 forma·

398 4282 569 4331 torum
576 4304 2390 4331 ..........................................................
2460 4272 2550 4321 593

342 4366 621 4431 Proposite’o
639 4366 790 4419 Vliit.
820 4366 877 4417 ln
910 4352 1151 4431 relissiosis
1182 4365 1389 4418 familiis
1419 4378 1534 4429 qum
1557 4363 1747 4417 habeut
1777 4368 1894 4414 vote
1925 4362 2185 4422 eoiemnie,
2218 4362 2388 4413 statim
