2834 4959
1039 285 1192 333 mus
1235 284 1451 333 Palm.
2302 284 2387 341 33

193 432 220 473 ι
237 426 440 498 ponas3
467 412 528 475 at
555 408 756 497 major
779 405 1016 497 gradus
1041 404 1368 475 charitatis
1394 405 1749 495 requiritur
1776 388 1850 475 ut
1882 414 2141 499 propter
2176 411 2381 483 Deum

188 538 215 576 α
235 514 522 581 renunties
548 512 854 583 omnibus
879 511 1114 602 opibus
1142 517 1204 579 et
1228 511 1664 599 voluptatibus
1691 511 1931 603 alioqui
1957 513 2149 583 licitis
2180 540 2195 585 ε
2226 520 2383 591 dicit

185 651 210 689 α
229 626 382 694 enim
396 627 814 717 Augustinus,
833 625 1042 695 Serm.
1082 626 1188 706 18,
1208 625 1286 695 de
1321 624 1543 695 Verbis
1556 628 1891 717 Apostoli,
1915 630 1993 698 de
2016 631 2380 719 virginibus

179 740 458 831 «loquens
503 764 522 809 τ
581 740 804 832 Major
859 762 1052 809 amor
1099 741 1320 831 majus
1372 740 1693 831 imposuit
1732 762 1921 809 onus.
1956 767 1991 807 »
2056 744 2381 817 Hactenus

175 854 669 949 Bellarmiuus(1),
689 858 794 946 cuj
804 879 880 925 us
903 856 1115 925 verbis
1141 856 1326 947 plura
1347 878 1384 923 a
1404 854 1591 923 nobis
1610 855 1803 947 adjici
1826 878 2377 949 supervacaneum

173 970 360 1059 foret]
387 969 692 1040 Hactenus
721 972 1018 1040 moderni
1051 970 1483 1039 Bollandiani.

257 1085 578 1156 Puerosmo
621 1087 757 1155 111⁸.
789 1125 884 1139 -
929 1086 1223 1155 Consilia
1251 1099 1413 1155 sunt
1442 1109 1719 1155 numero
1752 1089 2278 1181 quamplurima.
2304 1130 2393 1147 --

176 1198 322 1267 Nam
345 1210 539 1291 preter
569 1202 696 1271 tria
751 1204 1103 1294 praecipua,
1149 1201 1476 1286 castitatiS,
1534 1206 1919 1294 paupertatis
1963 1212 2026 1273 et
2080 1206 2386 1276 obedien·
2434 1218 2441 1224 ’

177 1314 282 1401 tiae,
305 1314 366 1382 de
397 1318 630 1407 quibus
670 1319 888 1401 mode,
925 1318 1112 1386 datur
1143 1316 1322 1385 locus
1367 1318 1638 1405 consilio
1674 1319 1847 1388 circa
1890 1324 2223 1391 materiam
2264 1346 2392 1392 cu-

163 1432 387 1517 juslibet
433 1434 1064 1526 praecepti'positivi.
1119 1432 1328 1503 Potest
1375 1456 1609 1524 nempe
1682 1438 1831 1524 quis
1872 1436 2039 1505 ultra
2098 1440 2165 1507 id
2213 1442 2386 1529 quod

167 1549 482 1641 praecipitur
531 1572 867 1643 peragere.
937 1548 1018 1619 Et
1079 1550 1397 1639 ejusmodi
1469 1554 1941 1658 supererogatio
2007 1556 2383 1648 contingere

169 1671 348 1755 potest,
375 1676 504 1737 tum
529 1667 808 1736 ratione
834 1665 1171 1757 temporis,
1210 1672 1282 1733 ut
1305 1666 1359 1735 si
1387 1666 1687 1737 audiatur
1736 1690 2017 1755 sacrum,
2068 1693 2201 1741 non
2238 1681 2379 1743 tan-

168 1787 276 1849 tum
307 1784 512 1853 diebus
529 1782 898 1877 praeceptis»,
927 1780 1038 1851 sed
1063 1774 1260 1849 etiam
1283 1780 1427 1851 aliis
1456 1807 1473 1869 ;
1508 1786 1649 1849 tum
1678 1782 1935 1851 ratione
1959 1787 2383 1879 quantitatis,

169 1902 230 1961 ut
261 1898 309 1963 si
345 1901 468 1989 quis
511 1900 844 1989 majorem
883 1896 1355 1985 eleemosynam
1402 1895 1591 1962 faciat
1634 1916 1832 1983 quam
1874 1903 2127 1967 tenetur
2176 1924 2195 1977 ς
2248 1906 2388 1971 tum

173 2011 608 2099 rationemodi,
639 2019 716 2082 ut
741 2012 963 2104 siquis
1004 2010 1183 2081 flexis
1234 2010 1515 2102 genibus
1564 2016 1760 2081 totam
1810 2012 2075 2083 missam
2131 2016 2374 2088 audiat.

163 2122 290 2195 Item
311 2131 480 2199 datur
508 2134 702 2200 locus
750 2128 1034 2198 consilio.
1063 2130 1232 2197 circa
1279 2126 1641 2217 quamlibet
1674 2128 1993 2197 actionem
2036 2130 2138 2201 vel
2168 2134 2379 2201 omis-

161 2243 390 2335 sionem,
431 2268 586 2337 quae
629 2250 776 2337 apta
801 2244 907 2331 sit,
951 2244 1084 2345 sive
1117 2244 1199 2312 ad
1235 2246 1441 2334 magis
1468 2244 1821 2313 arcendum
1864 2248 2166 2337 peccandi
2215 2251 2385 2340 peri-

160 2356 372 2441 culum,
403 2361 534 2431 sive
587 2360 670 2429 ad
717 2359 924 2451 magis
972 2358 1439 2450 proficiendum
1483 2360 1551 2426 in
1594 2359 1964 2429 virtutibus.
2020 2361 2149 2444 Sic,
2202 2364 2377 2433 verbi

159 2477 352 2563 gratia,
379 2480 486 2569 qui
522 2476 617 2546 ad
644 2475 1070 2545 obtinendum
1113 2476 1332 2564 gratiae
1374 2473 1495 2542 Dei
1541 2483 1964 2565 augmentum
2009 2477 2389 2549 deambula-

161 2588 302 2657 tione
343 2593 538 2663 aliave
591 2592 864 2659 honesta·
880 2594 1270 2659 recreatione
1307 2610 1443 2657 sese
1480 2590 1734 2679 privat3
1783 2592 1897 2679 qui
1943 2592 2025 2659 ad
2072 2592 2386 2665 minuen-

163 2700 263 2768 das
313 2704 597 2777 libidinis
687 2706 1063 2775 tentationes
1138 2704 1394 2795 jejunia
1480 2704 1843 2794 corporisve
1934 2706 2385 2795 flagellationes

54 2806 56 2815 ’
163 2814 424 2909 adhibet3
463 2822 588 2913 qui
617 2821 697 2890 ad
735 2824 946 2912 magis
991 2818 1354 2891 sectandam
1403 2819 1835 2888 humilitatem
1881 2820 2222 2910 publicum
2268 2826 2392 2893 ali·

165 2931 322 3019 quod
342 2942 398 3003 et
433 2938 876 3009 honorificum
907 2956 1148 3005 munus
1191 2935 1481 3019 dimittit,
1520 2936 1591 3003 in
1632 2932 1733 3003 his
1778 2936 2081 3005 omnibus
2124 2939 2391 3009 consilia

164 3054 508 3143 exsequitur.
567 3053 728 3122 Item
775 3053 962 3121 datur
995 3051 1175 3121 locus
1225 3050 1497 3119 consilio
1549 3050 1617 3117 in
1672 3049 1959 3139 qualibet
1999 3052 2248 3121 actione
2291 3062 2400 3130 vel

159 3166 492 3252 omissione,
537 3186 718 3257 quae,
747 3164 968 3255 positis
1009 3160 1535 3248 circumstantiis,
1590 3160 1819 3228 melior
1861 3168 1955 3229 est
2005 3182 2202 3252 quam
2251 3168 2395 3257 ejus

157 3283 731 3368 oppositum.Prout
753 3281 1011 3373 quando
1025 3281 1168 3371 quis
1179 3278 1537 3347 orationem
1559 3277 1888 3367 relinquit,
1914 3282 2372 3351 utvacetalicui

53 3410 57 3483 ᾖ
160 3393 446 3468 charitatis
470 3398 681 3491 operi,
709 3396 882 3487 quod
909 3419 984 3465 eo
1013 3402 1294 3485 tempore
1319 3396 1463 3462 etin
1494 3393 1571 3461 iis
1600 3394 2131 3480 circumstantiis,
2156 3399 2389 3468 melius

54 3490 56 3535 ³
155 3516 233 3577 est
253 3516 562 3597 oratione,
586 3512 692 3583 vel
719 3511 854 3581 vice
881 3531 1082 3579 versa.
1116 3508 1208 3577 Ex
1259 3508 1447 3577 dictis
1474 3514 1690 3576 autem
1740 3514 1910 3599 patet
1958 3514 2223 3581 consilia
2262 3536 2397 3583 esse

157 3644 404 3697 numero
429 3631 945 3719 quamplurima,
989 3635 1053 3696 et
1074 3627 1469 3695 immensam
1492 3626 1625 3693 fore
1652 3646 1878 3694 eorum
1922 3632 2384 3698 recensionem.

225 3741 598 3813 Paorosmo
613 3744 752 3813 lv·.
784 3782 875 3795 —
898 3740 1183 3825 Quando
1209 3738 1511 3811 dicitura
1540 3738 1943 3831 doctoribus,
1976 3742 2111 3811 tria
2139 3755 2409 3813 tantum

153 3854 287 3927 dari
319 3861 608 3929 consilia
647 3859 1049 3951 evanqelica,
1085 3856 1164 3927 id
1181 3857 1704 3927 antonomastice
1728 3856 2239 3950 intelliqendum
2281 3873 2399 3929 est.

53 3962 56 4045 Ϊ
157 4008 227 4025 -
251 3974 478 4045 Solent
521 3976 821 4067 equidem
861 3980 1151 4044 auctores
1181 3972 1395 4058 multi,
1448 3995 1599 4042 cum
1642 3978 1861 4043 sancto
1910 3972 2189 4059 Thoma,
2237 3976 2397 4071 dum

159 4098 337 4177 agunt
389 4092 476 4161 de
524 4091 809 4161 consiliis
855 4088 1267 4179 evangelicis,
1326 4088 1449 4157 tria
1500 4089 1805 4159 duntaxat
1849 4108 2402 4177 commemorare;

211 4356 272 4414 (ι)
297 4354 370 4403 De
395 4352 674 4413 monachis,
697 4362 806 4414 cap.
827 4354 878 4411 6,
903 4350 1000 4402 col.
1025 4352 1118 4401 443
1149 4355 1200 4400 et
1235 4350 1348 4399 4⁴4.

389 4450 440 4493 1.
2149 4444 2175 4488 8
