2834 4959
1117 351 1264 398 rans
1303 353 1541 400 TERTIA.
2336 359 2457 418 337

179 481 250 542 et
293 475 364 542 in
399 469 646 562 quibus
673 479 820 538 vota
845 470 987 540 haec
1018 473 1138 540 rite
1171 482 1981 568 acceptantur-auctoritate
2014 486 2459 572 ecclesiastica,

179 608 308 680 per
341 585 788 656 dioeeesanum
840 585 1044 676 (verbi
1109 589 1334 680 gratia)
1405 589 1827 684 Episcopum.
1889 594 2087 668 Porro
2144 604 2463 691 ejusmodi

183 700 806 793 congregationibus
831 721 966 770 non
987 701 1202 771 deesse
1227 710 1429 773 status
1456 706 1733 796 religiosi
1756 713 2117 800 essentiam,
2147 724 2468 810 sequenti-

183 817 317 885 bus
343 817 750 906 argumentis
775 817 1028 886 suaderi
1055 825 1252 910 potest
1283 843 1299 888 :

291 933 392 1002 Ab
429 933 704 1002 essentia
741 937 938 1002 status
982 932 1260 1022 religiosi
1295 935 1640 1007 deficerent
1686 940 1869 1011 dictoe
1915 915 2463 1039 congregationes,

199 1049 308 1118 vel
355 1047 438 1116 ob
474 1048 823 1118 carentiam
864 1053 1164 1120 votorum
1213 1052 1632 1140 solemnium,
1664 1057 1766 1125 vel
1792 1059 1877 1126 ob
1904 1062 2257 1130 carentiam
2284 1065 2467 1134 clau-

199 1181 408 1242 surae,
435 1159 533 1229 vel
563 1160 644 1228 ob
668 1161 1020 1232 carentiam
1043 1169 1246 1233 status
1269 1163 1702 1256 perfectionis,
1733 1169 1829 1238 vel
1854 1171 2114 1240 tandem
2142 1173 2225 1241 ob
2250 1197 2469 1246 caren-

203 1276 370 1346 tiam
391 1275 882 1366 approbationis.
907 1277 1112 1368 Atqui
1141 1279 1404 1348 nullum
1422 1301 1498 1348 ex
1526 1282 1631 1349 his
1652 1281 1782 1351 dici
1808 1291 2031 1374 potest.

299 1390 555 1476 Prima,
580 1397 808 1460 statum
841 1390 1216 1480 religiosum
1246 1395 1314 1462 in
1355 1394 1437 1462 iis
1464 1399 2068 1486 congregationibus
2098 1403 2228 1473 non
2264 1407 2473 1497 impe-

201 1507 304 1574 dit
356 1511 648 1574 votorum
708 1506 1098 1575 solemnium
1156 1510 1459 1578 carentia.
1514 1509 1769 1583 Etenim
1802 1515 1869 1583 in
1918 1517 2133 1606 prima
2174 1527 2477 1590 tractatus

195 1628 378 1713 parte
429 1621 846 1712 probavimus
899 1623 980 1690 ad
1025 1625 1364 1692 essentiam
1413 1633 1612 1695 status
1666 1629 1947 1720 religiosi
1990 1654 2123 1701 non
2158 1637 2475 1724 pertinere

197 1745 499 1807 votorum
543 1738 1038 1808 solemnitatem.
1073 1738 1156 1806 Et
1187 1739 1543 1829 Gregorius
1586 1740 1744 1810 XlII
1798 1765 2087 1834 expresse
2136 1749 2481 1820 declaravit

201 1849 616 1921 scholasticos
653 1855 967 1922 societatis
1013 1853 1166 1922 Jesu
1213 1875 1346 1924 esse
1393 1877 1541 1924 vere
1572 1856 1929 1946 religiosos,
1980 1866 2279 1948 quamvis
2322 1869 2481 1935 sim-

205 1967 410 2060 plicia
445 1968 778 2038 dumtaxat
810 1975 956 2038 vota
983 1971 1342 2040 emiserint.
1373 1967 1695 2060 Equidem
1726 1979 1873 2040 ante
1900 1975 2241 2063 praefatum
2266 1979 2483 2050 Ponti-

203 2085 400 2152 ficem
428 2083 732 2154 nonnulli
769 2086 1116 2154 canonistas
1149 2091 1443 2155 votorum
1464 2086 1936 2156 solemnitatem
1964 2094 2155 2160 statui
2184 2093 2485 2183 religioso

200 2200 609 2270 essentialem
659 2200 1106 2270 existimarunt
1159 2225 1177 2271 :
1228 2207 1324 2271 ast
1378 2203 1601 2294 opinio
1640 2203 1804 2290 haec,
1867 2214 2012 2296 post
2060 2217 2483 2280 memoratam

199 2320 503 2410 Gregorii
536 2319 690 2390 Xlll
727 2320 1192 2406 definitionem,
1224 2324 1408 2414 rejici
1438 2324 1705 2408 debuit3
1738 2326 1919 2394 etde
1950 2326 2113 2398 facto
2157 2332 2486 2400 unanimi-

199 2447 304 2506 ter
331 2439 564 2527 rejecta
599 2445 715 2509 est.
763 2437 848 2507 Ut
889 2439 1072 2522 adeo,
1103 2437 1220 2528 qui
1254 2439 1444 2508 hodie
1487 2440 1678 2508 vellet
1718 2465 1861 2512 eam
1892 2445 2231 2530 sustinere,
2262 2469 2299 2514 a
2331 2469 2485 2518 sana

203 2551 504 2621 doctrina
533 2573 792 2644 prorsus
813 2553 1110 2624 aberrare
1133 2555 1492 2624 censendus
1520 2555 1703 2623 foret.

303 2667 620 2758 Secundo,
661 2675 860 2740 status
899 2670 1183 2759 religiosi
1226 2670 1567 2737 essentiam
1610 2672 1680 2736 in
1729 2669 1919 2740 dictis
1966 2680 2483 2766 congregationi-

211 2785 346 2853 bus
398 2805 522 2854 non
577 2787 846 2878 impedit
897 2771 1177 2856 ca'rentia
1228 2786 1566 2854 clausuras.
1619 2783 1880 2852 Etenim
1932 2791 2213 2858 fatentur
2262 2815 2489 2864 omnes

211 2905 578 2976 clausuram
631 2927 766 2975 non
817 2927 952 2975 esse
1005 2907 1195 2975 statui
1243 2905 1545 2994 religioso
1602 2904 2023 2973 necessariam
2068 2907 2194 2974 nisi
2222 2909 2301 2976 de
2336 2914 2487 3000 jure

209 3019 664 3106 ecclesiastico,
719 3042 850 3090 non
909 3027 1126 3090 autern
1171 3021 1248 3089 de
1278 3021 1430 3111 jure
1471 3019 1749 3090 naturali
1782 3041 1897 3088 seu
1928 3019 2172 3090 divino.
2212 3021 2393 3095 Unde
2430 3030 2485 3096 si

206 3135 500 3206 Ecclesia
529 3137 896 3206 clausuram
925 3137 1316 3206 monialibus
1357 3158 1491 3206 non
1529 3137 1937 3228 injunxisset,
1980 3146 2236 3227 possent
2256 3161 2484 3211 omnes

209 3249 394 3316 illam
423 3271 561 3318 non
599 3271 873 3337 servare,
925 3250 1086 3340 quin
1132 3271 1167 3317 e
1220 3255 1419 3317 status
1456 3248 1741 3338 religiosi
1780 3249 2052 3316 essentia
2092 3248 2477 3321 deciderent.

211 3365 393 3455 Ergo
437 3365 581 3436 ideo
611 3372 864 3434 tantum
909 3365 1103 3434 hodie
1144 3364 1461 3433 clausurae
1510 3363 1791 3433 carentia
1836 3368 2071 3431 statum
2107 3366 2483 3457 religiosum

209 3485 296 3550 in
339 3481 526 3552 dictis
555 3480 1166 3572 congregationibus
1193 3479 1557 3572 impediret,
1604 3478 1783 3570 quia,
1830 3484 1971 3569 post
2011 3481 2376 3570 injunctam
2406 3486 2485 3553 de

207 3595 382 3663 facto
451 3592 848 3663 monialibus
922 3591 1228 3662 omnibus
1303 3590 1695 3672 clausuram,
1760 3594 2283 3679 congregationes
2358 3593 2485 3663 illae

209 3709 656 3779 inobedientes
711 3711 920 3779 forent
971 3707 1274 3779 Ecclesioe
1317 3712 1658 3799 praecepto,
1705 3715 1765 3774 et
1798 3706 1893 3776 sic
1940 3709 2073 3796 jam
2120 3729 2249 3774 non
2278 3716 2487 3778 essent

215 3827 292 3890 in
343 3827 511 3894 statu
567 3825 998 3916 perfectionis,
1045 3845 1163 3896 nec
1214 3823 1487 3915 proinde
1521 3823 1591 3892 in
1644 3829 1809 3892 statu
1852 3822 2173 3912 religioso.
2210 3821 2333 3892 Sed
2372 3825 2487 3893 t'al-

215 3959 376 4008 sum
408 3943 502 4033 est
539 3941 853 4010 clausurae
899 3945 1296 4031 praeceptum
1345 3939 1426 4008 ad
1462 3939 1989 4028 congregationes
2028 3937 2171 4006 illas
2204 3939 2480 4009 extendi.

215 4055 358 4125 Hoc
393 4055 538 4147 ipso
564 4059 740 4126 enim
773 4056 948 4147 quod
991 4057 1351 4126 tolerentur
1378 4055 1623 4145 absque
1652 4054 1970 4138 clausura,
2002 4053 2179 4123 sedes
2218 4053 2489 4144 Aposto-

215 4171 342 4240 tica
391 4171 656 4264 derogat
693 4173 908 4263 quoad
957 4173 1126 4264 ipsas
1168 4170 1328 4242 huic
1370 4175 1713 4262 praecepto.
1747 4166 1935 4236 Unde
1976 4171 2041 4237 vi
2088 4168 2289 4238 solius
2333 4171 2493 4240 tole-

219 4285 471 4369 rantiae,
504 4287 880 4358 eximuntur
931 4286 1011 4356 ab
1061 4289 1182 4358 isto
1237 4291 1582 4378 praecepto,
1630 4292 1693 4355 et
1742 4282 1913 4356 licite
1963 4283 2125 4356 illud
2182 4306 2313 4353 non
2364 4307 2495 4356 ser·

219 4411 400 4472 vant.

465 4534 507 4582 1.
2188 4523 2256 4572 η

944 4593 1100 4606 ’fia-⁹
