2834 4959
1075 336 1227 384 PARS
1261 335 1481 384 PRIMA.
2338 330 2418 388 29

193 485 222 522 ι
245 458 540 526 clamitat:
572 456 894 543 Quisitit,
913 457 1140 526 veniat
1162 470 1231 526 et
1247 457 1460 527 bibat.
1498 459 1633 542 Qui
1647 469 1867 551 potest
1888 481 2144 552 capere,
2168 463 2415 554 capiat.

191 597 216 634 ι
235 569 362 638 Non
409 569 612 638 dicit:
646 570 884 640 Velitis
937 571 1181 657 nolitis,
1239 571 1601 642 bibendum
1648 573 1829 642 vobis
1877 580 1973 642 est
2029 581 2219 665 atque
2270 598 2425 646 eur·-

139 677 146 682 ’
183 711 208 748 ι
242 685 528 767 rendum;
601 688 720 756 sed
781 711 799 753 ε
864 686 994 768 Qui
1040 687 1352 773 voluerit,
1409 690 1527 778 qui
1578 691 1863 778 potuerit
1913 710 2173 759 currere
2232 697 2423 780 atque

181 827 210 864 ι
241 807 461 888 potare,
507 800 622 868 ille
676 803 928 888 vincet,
974 801 1086 870 ille
1139 803 1497 870 satiabitur.
1530 801 1613 870 Et
1640 801 1785 870 ideo
1801 805 1967 894 plus
1991 818 2181 873 amat
2208 805 2421 895 virgi-

183 940 212 976 «
249 935 354 982 nes
391 911 702 999 Chi-isius,
759 918 918 1004 quia
965 923 1188 1007 sponte
1215 917 1513 984 tribuunt
1538 917 1711 1005 quod
1738 917 1865 987 sibi
1894 940 2027 987 non
2054 919 2263 988 fuerat
2288 921 2423 988 im-

185 1053 216 1090 ι
249 1034 532 1116 peratum.
583 1028 1010 1121 Major-isque
1049 1031 1292 1121 qratioe
1333 1043 1431 1100 est
1478 1030 1707 1100 offerre
1755 1033 1929 1122 quod
1982 1053 2115 1102 non
2165 1032 2423 1115 debeas,

193 1166 226 1208 ι(
263 1162 430 1231 quam
477 1143 752 1212 reddere
808 1145 982 1234 quod
1035 1147 1332 1234 exigaris.
1390 1173 1425 1211 n
1492 1147 1589 1215 Ac
1646 1147 1839 1238 paulo
1892 1153 2033 1238 post
2082 1169 2157 1216 ex
2213 1148 2427 1218 verbis

182 1257 430 1347 Apostoli
473 1261 616 1346 jam
671 1283 718 1328 a
765 1261 952 1330 nohis
1003 1261 1292 1352 allegatis
1345 1261 1673 1330 concludit
1724 1261 1811 1354 (1)
1866 1286 1883 1330 z
1946 1287 1983 1328 α
2022 1261 2307 1332 Tantum
2334 1268 2429 1332 est

187 1375 424 1463 «igitur
481 1375 658 1442 inter
733 1374 990 1466 nuptias
1045 1383 1110 1444 et
1163 1376 1599 1464 virginitatem
1623 1426 1649 1458 ,
1700 1381 2017 1466 quantum
2074 1377 2245 1446 inter
2294 1397 2429 1446 non

183 1511 214 1550 α
243 1509 486 1576 peccare
563 1497 634 1558 et
714 1489 880 1559 bene
927 1490 1176 1575 sacere3
1237 1491 1374 1559 imo
1424 1498 1499 1558 ut
1544 1491 1753 1562 levius
1813 1492 2051 1576 dicam,
2105 1499 2427 1582 quantum

181 1605 398 1670 «inter
455 1603 720 1673 bonum
775 1611 838 1672 et
899 1603 1162 1673 melius.
1228 1630 1264 1671 x>
1319 1603 1467 1686 Quo
1530 1605 1723 1675 etiam
1790 1605 2035 1676 faciunt
2096 1607 2427 1697 sequentia

176 1714 234 1784 S.
284 1715 556 1788 Doetoris
597 1719 812 1788 verba
840 1719 932 1810 (2)
969 1745 989 1786 ι
1029 1745 1066 1786 α
1091 1719 1382 1808 Apostoli
1428 1728 1494 1788 et
1536 1722 1817 1789 seniores
1874 1722 1955 1789 de
2014 1719 2429 1811 ,ierosolymis

189 1831 464 1902 «litteras
507 1835 802 1903 mittunt
851 1839 930 1900 ut
977 1855 1110 1902 non
1167 1835 1453 1925 amplius
1506 1835 1876 1925 imponatur
1927 1836 2143 1902 oneris
2186 1835 2291 1902 his
2316 1835 2431 1924 qui

201 1971 234 2008 ιι
261 1945 331 2013 de
370 1950 666 2035 gentibus
719 1949 1156 2035 crediderunt,
1208 1952 1336 2017 nisi
1383 1956 1455 2016 ut
1483 1948 1843 2016 abstineant
1878 1969 1945 2015 se
1968 1947 2052 2015 ab
2076 1947 2433 2016 idololatria

195 2083 226 2122 κ
252 2067 307 2126 et
347 2062 776 2134 fornicatione
827 2071 890 2132 et
937 2085 976 2132 a
1019 2065 1340 2153 sanguine
1387 2070 1449 2132 et
1496 2085 1533 2132 a
1576 2061 1934 2142 suffocatis3
1980 2071 2043 2130 et
2070 2063 2257 2151 quasi
2282 2081 2433 2152 par-

189 2201 218 2240 «
251 2178 406 2246 vulis
448 2187 647 2270 atque
697 2179 1054 2247 infantibus
1084 2178 1194 2248 lae
1217 2186 1445 2269 potum
1467 2178 1649 2267 dant,
1684 2198 1815 2246 non
1842 2173 2129 2245 solidum
2156 2175 2377 2246 eibum
2408 2197 2431 2242 :

185 2318 218 2356 ι
249 2313 364 2360 nee
431 2296 830 2385 praecipiunt
872 2295 954 2363 de
1003 2295 1425 2379 continentia,
1474 2315 1591 2362 nee
1633 2293 1715 2361 de
1759 2293 2127 2382 virginitate
2178 2293 2435 2382 signifi-

185 2433 216 2470 «
249 2416 414 2492 eant,
469 2433 595 2480 nee
643 2411 720 2478 ad
765 2411 1015 2500 jejunia
1059 2417 1432 2500 provocant,
1474 2430 1687 2500 neque
1712 2408 1941 2477 dicunt
1968 2409 2135 2478 illud
2158 2407 2331 2497 quod
2362 2406 2431 2474 iu

187 2545 222 2584 α
251 2519 594 2612 Evangelio
643 2526 724 2592 ad
772 2525 1106 2614 Apostolos
1151 2526 1485 2613 dirigitur,
1539 2545 1623 2592 ne
1664 2524 1939 2592 habeant
1967 2523 2127 2591 duas
2154 2523 2431 2603 tunicas,

194 2661 230 2700 a
258 2657 342 2703 ne
379 2661 622 2728 peram,
671 2661 752 2708 ne
808 2661 896 2708 oes
949 2641 1022 2709 in
1073 2641 1274 2722 zonis,
1326 2661 1405 2708 ne
1430 2641 1682 2728 virgam
1710 2641 1781 2707 in
1814 2659 2042 2721 manu,
2068 2659 2153 2705 ne
2184 2638 2438 2706 calcea-

201 2775 238 2812 «
278 2759 486 2819 menta
529 2753 594 2820 in
621 2754 912 2844 pedibus,
941 2761 1054 2822 aut
1087 2762 1254 2822 certe
1283 2753 1447 2822 illud
1468 2777 1487 2821 z
1512 2754 1590 2822 Si
1617 2752 1721 2821 vis
1733 2753 2067 2844 perfectus
2084 2773 2241 2838 esse,
2272 2751 2438 2820 vade

199 2889 238 2930 ι(
267 2877 336 2934 et
365 2867 560 2937 vende
595 2871 818 2938 omnia
851 2881 997 2952 tua,
1022 2875 1146 2938 etc.
1180 2894 1216 2934 o
1250 2867 1346 2936 Ex
1373 2867 1615 2957 quibus
1640 2866 1867 2956 liquet,
1898 2872 2179 2948 tantum,
2206 2864 2433 2934 Hiero·

193 3002 388 3071 nymo
419 2986 648 3074 judice,
695 2993 996 3077 praestare
1023 2983 1294 3052 consilia
1322 2983 1685 3074 praeceptis,
1717 2989 2039 3074 quantum
2074 2979 2227 3048 lacti
2256 2979 2438 3050 cibus

185 3099 439 3169 solidus.
490 3101 741 3172 Similia
783 3106 937 3169 sunt
977 3101 1150 3190 apud
1178 3097 1247 3168 S.
1277 3099 1723 3188 Augustinum
1755 3097 1977 3166 multis
2008 3097 2077 3164 in
2103 3096 2299 3181 locis3
2327 3098 2437 3165 sed

193 3217 494 3307 praecipue
545 3218 620 3286 in
667 3218 838 3286 libro
893 3214 974 3284 de
1019 3219 1270 3285 Sancta
1312 3214 1731 3304 Virqinitate,
1777 3213 1892 3281 ubi
1912 3213 1997 3280 ait
2022 3209 2115 3301 (3)
2147 3235 2165 3278 ς
2208 3237 2245 3281 (ι
2268 3209 2441 3282 Cum

201 3353 234 3390 (ι
269 3341 578 3421 perpetuae
623 3313 1037 3401 continentiae
1089 3329 1497 3420 professores,
1548 3350 1615 3398 se
1664 3328 2027 3416 conjugatis
2054 3346 2441 3420 comparan-

197 3467 230 3505 «ι
265 3452 374 3529 tes,
405 3448 762 3516 secundum
807 3445 1170 3537 Scripturas
1193 3444 1627 3534 compererint
1652 3463 1757 3512 eos
1789 3443 1981 3534 infra
2008 3463 2139 3512 esse
2166 3452 2236 3512 et
2249 3463 2442 3533 opere

202 3583 233 3622 α
263 3569 324 3626 et
377 3561 666 3632 mercede
711 3569 775 3630 et
822 3567 968 3629 voto
1023 3567 1085 3627 et
1132 3559 1430 3650 praemio,
1490 3557 1705 3626 statim
1759 3559 1971 3626 veniat
2027 3559 2097 3626 in
2156 3562 2439 3625 mentem

200 3697 231 3738 tt
265 3677 432 3762 quod
479 3677 793 3767 seriptum
831 3682 926 3744 est
962 3701 980 3742 t
1030 3676 1298 3756 Quanto
1323 3693 1608 3764 maynus
1634 3695 1723 3761 es,
1746 3683 1940 3742 tanto
1961 3671 2252 3741 humilia
2280 3680 2345 3737 te
2369 3668 2443 3738 in

202 3813 236 3850 ιι
265 3791 586 3860 omnibus.
607 3790 946 3870 »Necnom
963 3787 1034 3857 in
1049 3789 1326 3881 epistola
1341 3787 1435 3861 ad
1450 3787 1814 3876 Hilarium,
1831 3788 2181 3858 eonsilium
2202 3783 2443 3854 Christi
2546 3771 2556 3785 ”

197 3899 270 3968 de
297 3903 478 3974 rebus
495 3904 961 4003 temporalibus
984 3905 1429 3995 relinquendis
1448 3903 1703 3995 qrande
1720 3927 1797 3973 ac
1806 3902 2213 3996 praeelarum
2236 3909 2441 3985 vocat,

193 4025 256 4084 et
286 4015 454 4141 Ὧς
501 4023 592 4088 ait
631 4019 1154 4090 excellentiorem
1181 4041 1316 4088 esse
1339 4019 1823 4110 perfectionem,
1852 4037 2049 4106 quam
2075 4014 2237 4106 legis
2256 4039 2447 4086 man-

257 4170 602 4254 (15‘Aavems
625 4197 912 4259 Jommn„
939 4195 1035 4248 ub.
1065 4199 1116 4258 ι,
1141 4209 1287 4248 num.
1320 4197 1399 4259 13,
1431 4196 1525 4248 col.
1560 4196 1668 4248 262.

261 4286 322 4344 12)
353 4284 495 4348 Ihm..
529 4296 676 4338 num.
703 4289 788 4350 22,
815 4265 1048 4338 col-'290-

261 4373 320 4434 (3)
343 4373 410 4424 De
435 4376 622 4428 Sancta
657 4375 916 4440 Virmn„
939 4386 1054 4439 θοι).
1072 4375 1156 4438 31,
1185 4377 1308 4426 tom.
1337 4376 1368 4424 6
1397 4371 1569 4436 oper„
1590 4369 1685 4421 col.
1710 4369 1819 4422 ⁸55.
