2834 4959
374 340 495 398 332
939 346 1279 395 mcnws
1324 348 1403 395 DE
1447 348 1598 395 sm
1639 345 2057 394 mmmm.

380 496 417 537 a
442 474 655 537 mente
702 466 875 559 Papa
918 465 1009 536 xl
1052 466 1432 537 confirmata
1466 469 1613 555 fuit,
1649 489 1806 537 cum
1847 468 1904 534 is
1953 468 2360 558 Apostolicas
2403 468 2655 542 litteras

380 609 413 647 α
442 582 665 667 edidit,
702 582 1111 672 incipientes,
1150 580 1610 669 inscrutabili,
1649 579 1830 651 datas
1853 579 1980 648 sub
2003 581 2250 651 annulo
2281 582 2650 672 piscatoris,

380 724 415 762 t(
444 698 547 767 die
578 696 657 766 13
682 698 833 787 julii
878 695 1052 795 anni·
1088 695 1283 766 1703.
1330 718 1365 762 n
1425 696 1722 787 (Ibidem,
1769 695 1814 787 ἓ
1853 700 1926 783 2,
1973 718 2042 763 n.
2071 696 2169 787 8.)
2203 696 2406 768 Valde
2429 706 2650 770 autem

372 814 653 883 notanda
704 819 799 882 est
850 812 1159 897 clausula,
1225 833 1373 901 quae
1427 812 1586 880 huic
1651 810 2006 879 Clementis
2057 808 2149 879 XI
2201 812 2650 903 approbationi

374 929 619 1017 adjecta
678 926 803 994 fuit
846 947 863 993 ε
924 950 959 991 α
1006 922 1166 1017 lpsis
1210 924 1466 1011 litteris,
1517 925 1736 1014 inquit
1778 922 2158 992 Benedictus
2205 922 2388 1009 XIV,
2453 946 2654 1017 appo-

384 1068 421 1113 «
446 1044 565 1111 sita
586 1042 825 1131 legitur
853 1040 1145 1110 clausula
1173 1040 1495 1128 salutaris,
1522 1038 1865 1127 videlicet:
1905 1042 2234 1108 Goeterum
2255 1062 2392 1108 non
2419 1041 2654 1109 inten-

386 1188 421 1229 «
448 1158 667 1227 dimus
692 1179 813 1248 per
834 1166 1195 1247 proesentes
1220 1154 1440 1245 ipsum
1469 1153 2030 1223 conservator-ium
2055 1154 2131 1221 in
2159 1153 2386 1245 aliquo
2409 1178 2656 1248 appro-

386 1302 420 1343 «
452 1275 606 1345 bare
665 1296 687 1343 :
746 1294 893 1363 quae
940 1279 1097 1341 tunc
1160 1270 1403 1363 apponi
1433 1269 1786 1351 cousuevit,
1841 1290 1998 1337 cum
2053 1268 2498 1359 approbantur
2545 1292 2655 1339 seu

386 1417 421 1459 α
450 1390 920 1460 confirmantur
970 1387 1213 1477 regulae
1259 1386 1542 1477 alimjus
1591 1384 2071 1470 conservatorii,
2131 1389 2242 1452 aut
2283 1386 2654 1455 monasterii

390 1538 425 1575 α
454 1509 837 1591 mulierum,
910 1509 1053 1575 sine
1106 1507 1405 1575 clausura
1469 1506 1858 1588 viventium,
1927 1509 2152 1573 contra
2201 1504 2656 1594 pra-scriptum

386 1656 424 1695 «
456 1627 791 1699 decretalis
827 1624 1151 1694 Bonifacii
1194 1624 1281 1695 Vl
1290 1624 1373 1713 ll
1410 1631 1476 1693 et
1509 1624 1911 1693 decretorum
1957 1622 2216 1693 concilii
2251 1620 2645 1701 Tridentini,

392 1768 429 1809 α
456 1762 709 1811 necnon
738 1741 1215 1810 constitutionis
1259 1738 1329 1808 S.
1388 1738 1488 1808 Pii
1531 1738 1616 1829 V,
1659 1760 1806 1831 quae
1849 1737 2080 1829 incipit
2128 1736 2314 1805 Circa
2343 1746 2652 1826 pastor-a-
2794 1710 2795 1785 3

390 1880 427 1923 α
454 1854 561 1922 lis.
594 1880 628 1919 n
662 1854 875 1946 (Bulla
902 1854 1225 1939 Quamvis
1248 1856 1468 1945 juste,
1525 1854 1568 1945 ξ
1612 1852 1708 1943 5.)
1749 1850 1934 1921 Unde
1971 1850 2270 1920 Clemens
2295 1849 2386 1918 Xl
2413 1870 2658 1942 appro-

382 1968 557 2038 bavit
602 1971 869 2061 quidem
912 1978 977 2040 et
1024 1971 1436 2041 confirmavit
1460 1969 1718 2061 regulas
1751 1976 1816 2037 et
1841 1966 2102 2036 vivendi
2147 1967 2420 2035 modum
2463 1966 2660 2059 virgi-

382 2105 545 2153 num
597 2085 1145 2175 Anglicanarum,
1176 2086 1281 2154 sed
1343 2087 1634 2178 ipsarum
1665 2089 2018 2153 conventus
2059 2104 2194 2151 non
2260 2082 2648 2174 approbavit.

382 2198 701 2289 Tempore
748 2206 967 2269 autem
1014 2198 1345 2269 Benedicti
1390 2198 1574 2284 XIV,
1609 2199 2000 2269 exstabant
1981 2221 2054 2268 m
2085 2197 2474 2287 Augustam
2495 2196 2654 2265 dioe-

386 2311 516 2381 cesi
548 2312 679 2380 duo
722 2312 999 2404 hujusce
1039 2314 1315 2383 instituti
1364 2315 1774 2403 monasteria,
1829 2336 1944 2383 seu
1989 2314 2204 2405 potius
2251 2320 2653 2382 conservato·

388 2430 535 2497 ria:
568 2448 777 2496 unum
824 2430 895 2495 in
944 2431 1083 2519 ipsa
1126 2429 1383 2497 civitate
1439 2430 1757 2519 Augustae
1800 2430 2322 2519 Vindelicorum,
2387 2430 2656 2498 alterum

390 2538 885 2610 Mindelheimii.
932 2541 1207 2631 Utrique
1251 2544 1680 2634 Augustanus
1723 2542 2078 2636 Episcopus
2132 2544 2533 2633 injunxerat,
2595 2546 2660 2609 ut

390 2676 577 2741 suam
620 2655 1019 2725 ordinariam
1064 2660 1507 2729 auctoritatem
1555 2664 1997 2751 agnoscerent.
2051 2658 2272 2729 Paruit
2327 2676 2660 2729 conserva·

392 2772 629 2841 torium
680 2773 1141 2861 Augustanum
1173 2798 1191 2843 ε
1226 2780 1291 2843 at
1328 2798 1458 2846 non
1493 2776 1649 2845 item
1675 2775 2224 2846 conservatorium
2273 2772 2664 2845 Mindelhei-

392 2880 537 2960 mii,
596 2900 663 2947 se
728 2880 1096 2970 subjectum
1143 2882 1536 2953 contendens
1603 2884 1964 2955 auctoritati
2017 2882 2334 2973 generalis
2383 2881 2668 2973 superio-

393 2995 595 3077 rissae,
622 2994 693 3063 in
720 2996 847 3065 alia
872 2996 1131 3063 dioecesi
1160 2994 1510 3085 (Monachii
1538 2999 1795 3089 nempe)
1817 2998 2300 3067 commorantis.
2361 2994 2493 3065 Nec
2551 3014 2665 3065 una

394 3115 533 3177 erat
575 3111 769 3179 totius
809 3111 1325 3200 congregationis
1370 3114 1792 3202 superiorissa
1833 3114 2174 3203 generalis,
2233 3112 2342 3182 sed
2391 3111 2610 3201 plures
2643 3131 2661 3189 ;

396 3225 486 3293 ita
529 3246 763 3315 nempe
809 3232 883 3295 ut
930 3248 1337 3317 unaquaeque
1390 3228 1462 3295 in
1505 3228 1752 3317 aliquot
1793 3228 1922 3297 sibi
1967 3227 2288 3317 subjectos
2319 3229 2666 3297 conventus

394 3360 767 3429 supremam
798 3342 965 3411 hanc
1010 3342 1330 3432 generalis
1374 3344 1808 3433 superiorissae
1855 3346 2300 3413 auctoritatem
2327 3344 2659 3412 exerceret.

362 3454 523 3523 ·Ad
554 3454 987 3525 dirimendam
1035 3463 1251 3527 autem
1296 3478 1492 3548 supra
1562 3464 1992 3529 memoratam
2067 3479 2220 3527 cum
2287 3456 2665 3545 Augustano

398 3569 713 3660 Episoopo
776 3574 1279 3641 controversiam
1297 3624 1315 3661 ,
1388 3573 1710 3645 solvendas
1785 3574 2053 3643 fuerunt
2119 3574 2265 3642 duae
2341 3574 2663 3661 sequentes

397 3686 779 3773 quaestiones
832 3709 851 3755 :
912 3710 949 3753 (t
974 3692 1201 3758 utrum
1246 3690 1572 3779 ejusmodi
1620 3689 1900 3779 virgines
1946 3708 2064 3778 pro
2119 3688 2288 3754 veris
2365 3678 2664 3773 religiosis

409 3824 441 3863 α
472 3798 693 3869 haberi
748 3801 1043 3889 debeant,
1092 3822 1169 3871 ac
1230 3809 1401 3888 vota,
1471 3824 1618 3893 quae
1667 3803 1750 3871 ab
1792 3802 1950 3894 ipsis
1999 3802 2144 3871 fieri
2185 3800 2524 3883 dicuntur,
2573 3815 2664 3865 so·

408 3940 445 3979 «
476 3914 746 4000 lemnia,
795 3937 879 3983 an
911 3916 1125 4007 potius
1152 3918 1478 4009 simplicia
1523 3918 1838 3987 censenda
1879 3918 2055 4007 sint3
2099 3922 2166 3985 et
2212 3936 2294 3983 an
2333 3911 2662 3983 ordinarie

408 4054 443 4095 α
464 4031 901 4121 jurisdictioni
946 4030 1419 4125 Episcoporum
1441 4086 1462 4122 ‚
1534 4036 1603 4103 in
1671 4054 1956 4123 quorum
2007 4031 2389 4101 dioecesibus
2453 4044 2663 4097 earum

408 4170 445 4211 α
472 4148 937 4217 conservatoria
970 4147 1090 4217 sita
1122 4159 1298 4238 sunt,
1340 4149 1626 4240 subjecta
1645 4172 1781 4221 esse
1805 4150 2102 4220 debeant.
2135 4146 2396 4239 »ffluua
2427 4148 2662 4229 Quam·

402 4260 505 4327 vis
518 4260 733 4350 justo,
788 4260 997 4352 5¹3.)
1040 4262 1239 4335 Porro
1283 4265 1658 4355 quaestionis
1697 4266 2038 4358 utriusque
2061 4262 2392 4348 resolutio,
2423 4260 2666 4330 assene-

402 4370 573 4441 dicto
638 4374 793 4443 XlV
854 4376 1259 4465 confirmata,
1312 4380 1407 4449 sic
1463 4402 1530 4449 se
1603 4382 1793 4451 habet
1839 4406 1858 4449 ε
1927 4381 2224 4473 Vimine-5
2277 4376 2666 4467 Anqlicanas
