2834 4959
1120 387 1275 437 Puta
1314 390 1559 440 nuni.
2355 394 2478 454 423

164 510 449 579 librum
474 508 594 603 qui
612 508 1001 578 inscribitur
1022 507 1347 579 Hibernia
1372 510 1800 586 dominicam
1827 518 2108 609 (auctore
2123 522 2204 591 de
2230 522 2476 615 Burgo,

163 626 333 695 edit.
368 623 757 695 Kilkennioe
784 623 1007 712 1762).
1044 622 1307 713 Sylvam
1326 626 1424 695 ibi
1449 629 1724 719 reperiet
1739 632 2312 724 documentorum,
2334 658 2478 728 quae

163 740 427 833 triplex
458 740 622 811 illud
654 741 1277 810 assertumfirmant.
1306 740 1640 814 Nonnulla
1665 752 1918 819 tantum
1939 751 2008 819 in
2033 752 2478 842 probationem

162 857 441 927 cursim
462 856 890 933 adducemus.

264 970 363 1041 Et
387 972 457 1040 1·
502 972 773 1063 quidem
836 972 919 1040 ad
960 972 1488 1062 permanentiam
1516 976 1692 1065 quod
1744 980 1976 1049 attinet
2025 980 2476 1073 religiosorum

164 1086 565 1176 Anglorum
596 1093 661 1155 et
690 1084 1169 1167 Hibernorum,
1200 1107 1239 1155 a
1290 1096 1580 1179 tempore
1605 1092 1974 1164 schismatis
2021 1094 2290 1169 Ilenrici
2325 1098 2476 1171 vul

166 1220 403 1291 usque
432 1220 637 1283 nunc,
700 1199 1077 1288 citabimus,
1124 1202 1407 1293 exempli
1446 1204 1676 1294 gratia,
1723 1208 2015 1299 praeclari
2061 1212 2310 1282 ordinis
2335 1212 2476 1283 Do-

170 1316 679 1387 minicanorum
733 1316 1079 1387 familiam.
1134 1316 1438 1389 Exstabat
1485 1321 1554 1391 in
1603 1321 1920 1393 Hibernia
1969 1326 2168 1418 hujus
2211 1328 2474 1414 Ordinis

172 1432 557 1523 provincia.
588 1430 749 1500 Eam
780 1452 975 1522 porro
1002 1438 1273 1503 testatur
1300 1436 1379 1503 de
1390 1432 1638 1526 Bur-go,
1667 1460 2020 1531 nunquam
2069 1464 2476 1519 annumerat-,-

174 1556 341 1615 tam
359 1545 567 1636 fiais-se
592 1547 769 1615 inter
816 1546 1151 1617 extinctas
1194 1570 1311 1617 seu
1362 1548 1682 1620 titulans
1701 1555 2080 1643 provincias
2126 1558 2470 1647 (Hibernia

176 1657 653 1741 dominicam,
684 1682 835 1753 pag‚
866 1660 1007 1752 93).
1036 1660 1181 1732 Imo
1208 1662 1470 1751 quando
1491 1686 1570 1733 ex
1591 1666 2088 1739 Gromwelliana
2133 1674 2472 1761 tyrannide

174 1776 401 1865 magis
440 1776 513 1844 in
564 1796 711 1845 eam
752 1777 1114 1867 persecutio
1170 1776 1505 1847 desaeviret
1557 1787 1620 1847 et
1655 1781 1912 1853 exulare
1956 1792 2318 1875 cogeretur,
2377 1791 2474 1859 sic

174 1888 409 1980 quoad
438 1891 650 1981 ipsam
678 1889 1009 1961 decretum
1026 1892 1213 1961 estin
1236 1892 1519 1982 capitulo
1549 1896 1834 1983 generali
1855 1896 2466 1985 Dominicanorum,

170 2022 365 2072 anno
408 2002 585 2071 1656
616 2027 633 2071 ε
660 2005 1087 2076 Decet-nimus
1137 2028 1217 2075 ac
1244 2006 1666 2078 declaramus
1709 2008 1890 2101 quod
1933 2012 2074 2080 hoee
2094 2014 2470 2105 provincia,

174 2116 473 2186 tametsi
491 2139 669 2187 nunc
694 2130 835 2189 tota
860 2121 1105 2209 exalet,
1129 2121 1209 2189 ob
1239 2122 1770 2193 acatholicorum
1798 2125 2156 2212 soevitiam,
2189 2130 2474 2199 exten-is

170 2232 415 2303 nativo
462 2232 635 2319 sola,
688 2234 981 2305 retineat
1026 2248 1251 2307 tamen
1294 2260 1566 2327 nomen,
1609 2240 1858 2333 locum,
1884 2241 2006 2331 jus
2049 2243 2471 2336 famamque

162 2348 545 2440 provincia
570 2347 921 2439 (Hibernia
962 2349 1420 2441 dominicam,
1450 2375 1600 2445 pag.
1635 2354 1812 2447 119).
1863 2354 2080 2433 Simul
2108 2357 2190 2427 ab
2241 2360 2468 2430 eodem

173 2465 468 2559 capitulo
502 2468 779 2555 potestas
804 2464 971 2535 iacta
1014 2472 1111 2536 est
1151 2468 1438 2557 generali
1487 2468 1752 2541 Ordinis
1787 2473 2151 2564 praepoeitO,
2197 2474 2466 2565 provin-

176 2580 421 2656 cialem
482 2581 551 2649 in
594 2578 719 2649 hac
760 2580 1101 2671 provincia
1162 2583 1578 2671 nominandi,
1639 2586 1845 2655 donec
1895 2594 2106 2676 posset
2147 2584 2386 2660 iterum
2429 2612 2466 2659 a

180 2697 481 2790 capitulo
508 2696 893 2787 provinciali
920 2696 995 2767 in
1030 2697 1349 2769 Hibernia
1400 2697 1480 2767 de
1525 2718 1706 2767 more
1741 2700 1920 2788 eligi.
1955 2702 2128 2792 Ergo
2153 2726 2358 2794 usque
2383 2707 2466 2777 ad

178 2832 445 2883 annum
482 2811 647 2881 1656
680 2813 1049 2889 exstiterant
1068 2819 1133 2883 et
1161 2819 1319 2883 tunc
1353 2811 1662 2902 temporis
1717 2812 1934 2883 adbuc
1961 2816 2315 2885 existebant
2359 2840 2464 2889 re-

173 2924 449 3017 gulares
482 2926 782 2999 Hiberni.
825 2926 953 2997 Sed
978 2948 1188 3019 neque
1229 2934 1448 3019 postea
1499 2927 1762 3000 extincti
1812 2926 2100 2996 fuerunt.
2135 2927 2464 3019 Equidem

174 3064 349 3113 anno
408 3042 581 3113 1697
656 3064 693 3111 a
748 3041 1163 3114 Par-lamento
1206 3049 1518 3113 statutum
1569 3050 1689 3128 est,
1737 3036 1812 3112 ut
1860 3064 2086 3113 omnes
2133 3042 2464 3117 Hiberniae

174 3157 517 3249 regulares
590 3156 659 3225 in
725 3161 1115 3247 perpetuum
1162 3156 1522 3241 exalarent,
1601 3163 1667 3227 et
1727 3156 1992 3249 quidem
2065 3158 2187 3227 sub
2273 3182 2464 3250 poena

175 3272 443 3355 martia,
486 3269 543 3339 si
591 3272 663 3339 iu
696 3270 1077 3341 Hiberniam
1126 3276 1595 3341 reverterentur
1635 3270 1804 3361 (vide
1835 3271 2152 3341 Hibernia
2177 3270 2464 3345 domini-

177 3408 383 3475 cana,
417 3388 661 3479 pagina
714 3385 895 3478 155).
950 3386 1075 3457 Sed
1120 3387 1411 3457 crudelia
1455 3387 1594 3458 haec
1657 3390 1892 3457 statuta
1947 3387 2120 3459 haud
2190 3392 2466 3481 impedi-

173 3507 423 3573 verunt
478 3503 835 3592 quominus
914 3528 951 3569 «
1009 3503 1363 3593 regulares,
1436 3503 1720 3591 generali
1779 3502 1968 3572 exilio
2047 3527 2222 3575 anno
2289 3507 2460 3577 1698

178 3644 212 3685 «
258 3618 473 3711 pulsi,
509 3617 819 3708 paulatim
866 3618 937 3688 in
998 3616 1381 3687 Hiberniam
1443 3618 1936 3707 regrederentur
1992 3638 2110 3707 pro
2147 3618 2464 3708 spirituali

178 3758 210 3797 α
238 3732 493 3803 Christi
528 3732 825 3801 fidelium
848 3732 1334 3819 sustentatione,
1382 3734 1666 3823 repetitis
1697 3733 1944 3802 scilicet
1997 3752 2222 3800 eorum
2273 3732 2464 3805 obse·

179 3868 215 3911 α
246 3840 651 3917 erationibus
699 3844 875 3930 flexi,
920 3848 1363 3937 majoremque
1395 3846 1838 3938 praestolantes
1891 3841 2306 3915 clementiam
2333 3846 2456 3914 sub

181 3958 495 4051 «regines
532 3960 749 4031 Annae
792 3960 1134 4053 gubernio.
1162 3986 1199 4029 >³
1236 3960 1590 4052 (Hibernia
1619 3958 2066 4029 dominic-ana.
2103 3980 2248 4048 pag.
2280 3959 2467 4049 157.)

170 4075 343 4158 lino,
378 4098 533 4147 cum
562 4068 877 4167 paulatim
918 4084 1271 4147 cessaretur
1298 4077 1381 4147 ab
1410 4074 1722 4167 urgendis
1745 4076 2066 4167 praedictis
2093 4074 2466 4145 crudelibus

170 4193 239 4263 in
260 4191 603 4284 regulares
644 4191 901 4273 edictis,
946 4212 1121 4262 anno
1175 4193 1337 4262 1721
1396 4199 1746 4283 potuerunt
1785 4190 2002 4263 Patres
2053 4188 2466 4259 Dominicani

172 4307 529 4399 provinciae
584 4304 945 4386 Hiberniae,
1008 4326 1125 4375 sua
1200 4306 1596 4396 jamdudum
1652 4303 2017 4394 interrupta
2083 4302 2466 4394 capitularia

171 4426 445 4497 comitia
468 4422 770 4495 Dublinii
797 4423 1037 4495 iterum
1070 4422 1414 4493 celebrare.
1459 4420 1646 4503 Quod
1694 4418 1788 4491 sie
1815 4426 2070 4491 enarrat
2097 4418 2176 4488 de
2207 4416 2462 4509 Burgo:
