2834 4959
1080 394 1229 441 PARS
1277 394 1539 451 QUARTA.
2320 390 2392 446 61
2411 391 2446 444 5

182 516 527 607 Episcopus
579 514 859 582 novitios
886 522 1001 582 aut
1056 516 1331 583 novitias
1368 515 1448 583 ad
1518 515 1980 606 professionem
2034 517 2442 599 admittendi,

180 634 503 725 praecipua
530 636 593 699 et
622 629 865 720 optima
911 630 982 698 in
1007 631 1188 721 praxi
1232 631 1460 721 regula
1481 638 1595 712 est,
1625 637 1701 699 ut
1744 630 2171 723 inspiciantur
2217 631 2448 702 unius·

180 751 493 839 cujusque
545 744 795 816 ordinis
840 744 1050 834 quoad
1084 744 1213 813 boc
1238 745 1724 814 constitutiones
1749 750 1809 814 et
1836 744 2142 835 legitimae
2185 750 2452 817 consue-

179 864 454 932 tudines.
498 888 532 929 α
578 860 680 930 Ad
734 858 1273 950 dignoscendum,
1308 860 1523 951 inquit
1549 860 1919 951 FagnanuS,
1947 863 2094 953 quis
2122 865 2320 953 possit
2369 865 2448 933 ad

190 1005 223 1045 α
247 978 545 1047 habitum
570 983 634 1047 et
656 975 1121 1067 professionem
1154 976 1459 1069 recipere,
1509 977 1579 1044 in
1605 977 1839 1068 primis
1861 979 2328 1047 recurrendum
2357 986 2452 1047 est

192 1120 227 1159 «ι
247 1094 327 1162 ad
356 1090 879 1190 consuetudines,
907 1087 1243 1181 privilegia
1277 1095 1341 1158 et
1370 1096 1606 1171 statuta
1643 1093 1960 1183 cujusque
1981 1093 2248 1162 ordinis,
2281 1118 2315 1159 ν
2348 1093 2447 1183 (ln

181 1229 320 1299 cap.
352 1212 767 1294 Porrectum,
800 1204 879 1273 de
906 1203 1373 1296 Reqularibus,
1402 1228 1472 1275 n.
1502 1206 1643 1297 34.)

1239 1456 1283 1546 g
1317 1454 1394 1523 ιι.

176 1608 215 1669 Q
226 1609 397 1658 ninam
413 1607 625 1671 religiosi
635 1609 939 1671 potestatem
950 1604 1171 1657 habeant
1184 1608 1400 1657 novitios
1410 1611 1503 1657 nut
1511 1610 1726 1659 novitius
1735 1606 1798 1659 nd
1808 1606 2174 1671 professionem
2182 1608 2452 1662 ndmlttere

267 1784 323 1851 1.
360 1784 696 1875 Praecipua
738 1782 949 1873 quoad
990 1781 1113 1852 hoc
1144 1781 1660 1872 dignoscendum
1700 1785 1924 1873 regula
1967 1792 2081 1872 est,
2125 1789 2197 1854 ut
2233 1805 2454 1853 recur-

172 1901 361 1963 ratur
387 1896 465 1964 ad
512 1896 1034 1987 uniuscujusque
1086 1897 1329 1966 ordinis
1378 1898 1661 1989 religiosi
1704 1904 1958 1985 statuta,
2005 1899 2344 1991 privilegia
2392 1902 2452 1966 et

176 2008 720 2092 consuetudines3
764 2016 959 2102 prout
1004 2013 1309 2081 adnotare
1353 2012 1560 2081 solent
1624 2015 1996 2103 canonistae,
2043 2013 2158 2080 ubi
2211 2014 2292 2081 de
2331 2012 2450 2080 hac

174 2128 449 2195 materia
478 2126 821 2196 disserunt.
857 2128 930 2197 ln
966 2132 1293 2220 specimen
1344 2136 1566 2199 autem
1610 2131 1932 2200 varietatis
1978 2130 2151 2200 circa
2178 2129 2302 2199 hoc
2353 2131 2449 2196 vi-

170 2241 411 2329 gentis,
438 2263 644 2332 pauca
691 2243 829 2312 hoec
856 2243 1241 2335 subjicimus
1269 2268 1287 2313 z

259 2356 336 2423 In
384 2356 609 2445 regula
647 2357 924 2427 fratrum
952 2358 1283 2437 Minorum
1326 2359 1393 2431 S.
1446 2358 1796 2445 Francisci,
1847 2360 2051 2451 capite
2077 2360 2148 2446 2,
2209 2361 2307 2428 sic
2335 2358 2450 2428 ha-

168 2472 363 2541 betur
406 2494 421 2538 z
468 2470 731 2562 «Siqui
758 2473 1082 2542 voluerint
1119 2475 1291 2546 hane
1340 2476 1542 2545 vitam
1587 2477 1903 2568 accipere,
1933 2483 1994 2547 et
2022 2466 2336 2546 'venerint
2368 2474 2447 2544 ad

172 2614 206 2651 «
234 2588 471 2656 fratres
520 2594 793 2675 nostros,
846 2588 1109 2657 mittant
1138 2609 1246 2656 eos
1290 2587 1373 2655 ad
1425 2591 1759 2660 ministros
1783 2593 2257 2682 provinciales3
2297 2591 2452 2682 qui-

173 2728 207 2769 «
236 2702 371 2771 bus
398 2701 829 2791 solummodo,
862 2707 927 2770 et
948 2722 1082 2770 non
1114 2702 1257 2771 aliis
1280 2702 1406 2770 reci
1414 2703 1636 2791 piendi
1664 2703 1890 2771 fratres
1916 2704 2178 2773 licentia
2220 2725 2452 2773 conce-

171 2844 205 2880 (ι
238 2818 462 2886 datur.
497 2842 533 2881 1>
576 2816 670 2885 lbi
692 2825 907 2886 autem
949 2838 1068 2885 vox
1103 2814 1520 2895 solummodo
1551 2837 1684 2885 non
1740 2815 2024 2886 excludit
2073 2817 2450 2885 ministrum

157 2931 571 3023 generalem,
600 2939 791 3023 prout
815 2930 1160 3001 declaravit
1178 2931 1528 3022 Gregorius
1561 2930 1672 3001 IX.

248 3048 327 3119 ln
359 3046 936 3116 constitutionibus
977 3046 1227 3117 ordinis
1276 3044 1778 3117 Praedicatorum
1827 3043 2001 3136 (dist.
2037 3045 2100 3130 1,
2151 3064 2292 3135 cap.
2336 3042 2442 3129 13,

152 3163 291 3257 §3)
350 3162 453 3231 sic
490 3162 731 3251 legitur
764 3186 783 3232 z
825 3186 860 3230 ι
890 3161 1128 3232 Nullus
1168 3163 1522 3255 recipiatur
1572 3164 1642 3233 in
1685 3163 1947 3232 fratrem
2003 3152 2322 3231 clericum
2363 3160 2446 3229 ad

163 3310 197 3347 ι(
222 3280 688 3374 probationem
726 3280 829 3348 vel
875 3279 1368 3371 professionem,
1420 3280 1547 3349 nisi
1574 3301 1613 3349 a
1641 3280 1843 3371 priori
1892 3278 2290 3369 provinciali,
2347 3276 2450 3348 vel

163 3426 197 3467 «
226 3398 317 3469 ab
375 3416 451 3465 eo
513 3396 621 3464 cui
690 3416 885 3485 super
940 3395 1064 3464 hoc
1119 3395 1361 3465 dederit
1412 3395 1737 3467 licentiam
1807 3394 2173 3486 specialem,
2229 3394 2333 3464 vel
2413 3415 2450 3462 a

165 3542 199 3583 α
230 3511 447 3606 priori
498 3509 909 3580 conventuali
958 3532 1113 3581 cum
1140 3532 1402 3581 assensu
1447 3512 1642 3581 totius
1697 3511 1800 3581 vel
1825 3511 2091 3601 majoris
2118 3510 2318 3601 partis
2345 3528 2450 3577 ca·

164 3665 197 3703 α
230 3630 465 3727 pituli.
534 3632 925 3699 Conversum
990 3636 1205 3699 autem
1251 3651 1381 3699 non
1451 3628 1720 3721 recipiat
1770 3627 1948 3720 prior
2009 3622 2447 3718 provincialis,

164 3778 195 3818 «
242 3767 378 3817 nec
410 3744 650 3834 aliquis
679 3745 757 3814 de
806 3745 950 3836 ejus
976 3744 1262 3835 licentia,
1292 3745 1422 3814 nisi
1447 3744 1526 3814 de
1561 3764 1876 3815 consensu
1906 3741 2138 3835 prioris
2174 3747 2237 3809 et
2292 3738 2451 3808 dua-

162 3896 199 3943 ᾳ
232 3880 403 3933 rum
434 3862 719 3947 partium
749 3862 1053 3942 fratrum,
1090 3860 1206 3951 qui
1248 3868 1398 3932 sunt
1423 3862 1503 3932 de
1548 3867 1894 3945 conventu,
1923 3881 2043 3952 pro
2080 3878 2212 3948 quo
2254 3855 2450 3925 fuerit

162 4002 197 4050 t<
246 3972 654 4049 induendus.
686 3998 721 4041 n

256 4098 347 4166 ln
376 4092 942 4163 constitutionibus
970 4095 1217 4165 ordinis
1266 4094 1703 4165 Eremitarum
1730 4092 1801 4165 S.
1854 4091 2208 4181 Augustini
2238 4091 2326 4183 (p.
2377 4091 2446 4175 2,

150 4238 317 4308 cap.
371 4212 434 4303 1)
472 4211 560 4279 ita
588 4210 937 4280 statuitur.
980 4236 1017 4277 α
1043 4210 1464 4319 Recipiantur
1490 4216 1706 4280 autem
1757 4208 2032 4302 (novitii)
2062 4208 2143 4279 de
2186 4208 2450 4279 licentia

152 4360 191 4400 α
231 4326 487 4424 prioris
512 4325 956 4419 provincialis,
994 4333 1058 4396 et
1081 4327 1161 4396 de
1212 4350 1556 4415 consensu,
1600 4325 1812 4418 primo
1853 4332 2116 4419 patrum
2161 4323 2446 4409 concilii,

156 4473 197 4513 α
230 4442 485 4515 deinde
516 4445 783 4536 majoris
805 4444 1006 4537 partis
1036 4444 1328 4537 capituli.
1364 4468 1399 4509 »
