2834 4959
1179 357 1328 402 psas
1377 343 1595 408 Palm.
2395 315 2517 411 167

243 453 624 548 Αητῶπίαηι
647 479 862 568 fuisse
874 478 1258 546 monasticae
1277 477 1433 546 vitoe
1451 489 1813 560 auctorem,
1835 481 1951 549 sed
1962 481 2300 552 duntaxat
2319 487 2525 575 fuisse

226 595 546 684 primum
571 615 656 662 ea:
679 593 818 660 illis
849 592 1188 660 monachis
1203 613 1312 672 om
1337 613 1591 662 numu
1614 615 2061 665 mcomsnum.
2094 635 2186 650 --
2212 600 2522 670 Auctores

229 711 576 789 nonnulli.
611 719 688 778 ut
729 710 1004 801 probent
1044 709 1482 778 monasticum
1522 709 1891 780 institutum
1947 721 2173 800 quarto
2218 717 2523 789 duntaxat

225 825 480 894 saeculo
525 825 870 916 incepisse,
929 829 1228 894 sanctum
1281 823 1715 894 Athanasium
1773 829 1845 896 in
1892 833 2111 898 testem
2163 832 2517 920 adducunt,

232 948 555 1029 tanquam
603 939 722 1028 qui
797 943 1012 1028 aperte
1054 937 1412 1023 tradiderit,
1463 941 1931 1010 monachorum
1982 946 2269 1034 primum
2328 949 2521 1020 fuisse

239 1053 316 1122 S.
368 1053 756 1122 Antonium.
811 1053 954 1120 Imo
1001 1052 1302 1142 quidam,
1349 1073 1473 1143 pro
1516 1068 1647 1124 una
1692 1056 2045 1148 eademque
2090 1081 2161 1128 re
2216 1061 2521 1135 habentes

240 1168 624 1258 reliqiosam
665 1173 730 1253 et
753 1168 1192 1239 monasticam
1231 1169 1457 1251 vitam,
1490 1169 1710 1239 eadem
1764 1176 1969 1242 sancti
2004 1175 2339 1246 Athanasii
2368 1201 2517 1249 auc-

241 1287 494 1352 toritate
537 1285 863 1368 nituntur,
918 1290 991 1352 ut
1031 1284 1250 1352 nullos
1301 1290 1448 1353 ante
1496 1292 1802 1376 quartum
1850 1289 2165 1358 saeculum
2210 1295 2516 1364 exstitisse

239 1400 580 1490 religiosos
642 1399 1052 1468 concludant.
1113 1399 1198 1468 Hi
1251 1421 1443 1488 porro
1510 1402 1850 1492 scriptores
1910 1405 1989 1472 ad
2044 1405 2114 1476 S.
2177 1407 2512 1480 Athanasii

236 1521 480 1582 textum
511 1535 652 1581 non
675 1517 822 1584 satis
844 1515 1240 1584 attendentes
1269 1535 1533 1604 prorsus
1563 1515 1936 1588 hallucinati
1960 1527 2132 1589 sunt.

313 1629 394 1696 In
443 1630 592 1696 vita
629 1649 864 1720 nempe
897 1629 1100 1698 sancti
1134 1629 1429 1714 Antonii,
1464 1653 1665 1720 quam
1714 1635 1973 1726 scripsit
2014 1635 2083 1706 S.
2120 1637 2511 1710 Athanasius

231 1745 542 1836 (operum
571 1742 644 1812 S.
675 1743 1042 1832 Athanasii,
1063 1751 1240 1814 tomo
1261 1748 1324 1834 1,
1345 1767 1495 1836 pag.
1531 1745 1661 1815 795
1676 1753 1739 1816 et
1768 1747 1949 1836 796),
1968 1758 2269 1820 narratur
2296 1758 2507 1844 primo

233 1861 568 1950 quomodo
608 1861 957 1946 Antonius,
999 1881 1171 1930 anno
1217 1863 1417 1930 aetatis
1460 1863 1719 1932 circiter
1766 1865 2099 1952 vigesimo,
2133 1871 2319 1935 avitis
2371 1891 2515 1960 pos-

237 1977 633 2046 sessionibus
709 1997 842 2048 sese
913 1978 1180 2058 exuerit,
1256 1984 1318 2044 et
1369 1998 1501 2045 non
1552 1977 1781 2068 procul
1816 2000 1851 2044 a
1902 1979 2095 2048 domo
2142 2001 2257 2049 sua
2317 1987 2517 2052 ascesi

233 2113 494 2182 operam
531 2092 695 2161 dare
739 2091 1028 2182 coeperit.
1060 2089 1234 2159 Tum
1271 2097 1535 2160 sanctus
1565 2092 1955 2162 Athanasius
1999 2095 2087 2161 ita
2120 2095 2458 2187 subjungit
2489 2122 2505 2164 :

235 2233 268 2273 a
295 2207 616 2278 Nondum
641 2208 820 2276 enim
853 2219 994 2275 tam
1024 2205 1252 2274 σνεύνα
1284 2213 1469 2276 erant
1508 2207 1576 2276 in
1616 2205 1901 2300 AEgypto
1928 2212 2357 2300 monasteria,
2384 2233 2508 2282 ne-

235 2349 266 2386 «
291 2347 424 2413 que
469 2323 658 2392 ullus
711 2324 985 2390 omnino
1033 2320 1393 2393 monachus
1432 2330 1695 2392 novoeat
1732 2337 1999 2393 vastam
2034 2348 2371 2412 eremum;
2398 2329 2507 2398 sed

231 2465 266 2502 «
293 2437 604 2530 quisquis
655 2437 782 2506 sibi
823 2458 1052 2506 vacare
1078 2444 1368 2527 cuperet,
1391 2439 1447 2506 is
1484 2439 1659 2508 haud
1694 2441 1925 2530 procul
1956 2463 1993 2510 a
2030 2463 2147 2511 suo
2182 2445 2327 2512 vico
2360 2445 2513 2513 soli-

237 2581 276 2616 «
304 2555 470 2622 taric
521 2575 590 2620 se
641 2553 999 2622 exercebat.
1027 2580 1060 2618 s
1118 2551 1332 2626 Refert
1375 2559 1591 2644 postea
1630 2561 1927 2624 sanctum
1981 2559 2293 2646 juvenem
2334 2562 2505 2628 anti-

237 2688 532 2755 quorum
584 2669 880 2736 asceteria
929 2667 1278 2758 aliquando
1333 2667 1605 2750 obiisse3
1642 2687 1717 2736 ac
1755 2669 1907 2736 dein
1948 2675 2257 2741 remotius
2288 2695 2327 2742 a
2366 2677 2507 2746 vico

244 2805 368 2852 suo
401 2783 474 2851 in
506 2785 916 2873 sepulchrum
947 2783 1275 2874 quoddam
1311 2783 1675 2865 secessisse;
1712 2803 1789 2849 ex
1821 2803 1951 2872 quo
1974 2783 2253 2853 daemoni
2283 2786 2506 2858 incus-

247 2921 358 2968 sus
403 2907 635 2980 metus,
667 2917 748 2972 ne
782 2897 1110 2971 Antonius
1161 2920 1453 2967 armum
1495 2897 1697 2966 ascesi
1730 2896 2053 2988 impleret.
2096 2896 2251 2966 Inde
2290 2907 2507 2970 autem

237 3009 436 3100 (circa
455 3034 704 3082 annum
717 3013 883 3104 285)
897 3031 1310 3105 progressum
1332 3033 1467 3081 esse
1489 3013 1849 3081 Antonium
1870 3011 1937 3080 in
1961 3014 2509 3106 montem‚ibique

232 3130 548 3218 reperisse
615 3129 950 3198 castellum
1019 3127 1376 3224 desertum.
1429 3129 1499 3195 in
1550 3148 1681 3217 quo
1733 3127 1967 3218 viginti
2018 3127 2275 3196 circiter
2320 3131 2509 3200 annis

235 3245 502 3312 ascesim
556 3265 757 3335 agens
804 3245 1137 3328 habitavit,
1168 3243 1270 3312 bis
1319 3243 1727 3312 solummodo
1772 3241 2049 3331 singulis
2080 3242 2271 3312 annis
2310 3267 2507 3338 panes

235 3358 313 3427 ad
368 3381 472 3430 sex
524 3381 786 3430 menses
827 3381 942 3450 per
981 3370 1332 3450 supernam
1375 3359 1693 3428 domicilii
1727 3359 1828 3426 sui
1859 3364 2105 3448 partem
2152 3361 2499 3454 accipiens,

227 3495 346 3544 nec
383 3478 516 3546 nisi
542 3497 693 3545 raro
715 3478 891 3544 visus
911 3474 994 3543 ab
1013 3474 1229 3564 aliquo
1259 3474 1427 3564 (loco
1456 3475 1669 3560 citato,
1702 3493 1849 3564 pag.
1888 3473 2017 3543 798
2036 3474 2117 3543 ad
2141 3475 2319 3566 807).

307 3589 610 3660 Tandem
633 3573 1066 3680 subjungit'S.
1100 3588 1489 3657 Athanasius
1510 3589 1578 3656 in
1602 3587 1781 3656 hunc
1803 3579 2073 3656 rhodum
2106 3611 2124 3656 ε
2163 3613 2199 3652 «
2226 3588 2507 3678 Cupien-

227 3732 260 3771 α
284 3707 468 3776 tibus
497 3705 730 3774 multis
759 3706 1028 3774 ascesim
1057 3707 1196 3795 ejus
1232 3704 1497 3788 imitari,
1530 3701 1803 3792 aliisque
1852 3701 2281 3772 familiaribus
2318 3722 2502 3772 acce-

239 3847 274 3883 «
300 3819 633 3905 dentibus,
681 3821 750 3889 vi
797 3820 1141 3889 confractis
1192 3841 1267 3888 ac
1315 3818 1599 3909 depulsis
1655 3817 1926 3904 foribus,
1977 3819 2130 3886 exiit
2177 3817 2503 3887 Antonius

237 3961 274 4000 a
305 3942 614 4025 tanquam
663 3935 760 4004 ex'
782 3935 972 4024 adyto
1015 3935 1296 4025 quodam
1348 3932 1634 4001 initiatus
1680 3953 1753 4000 ac
1802 3933 2077 4000 numine
2120 3933 2499 4019 correptus;

235 4075 270 4116 ι(
305 4057 372 4118 et
399 4056 556 4118 tunc
587 4050 880 4142 primum
911 4054 1086 4118 extra
1113 4046 1449 4117 castellum
1478 4046 1655 4116 visus
1688 4052 1785 4114 est
1814 4044 1896 4114 ab
1924 4041 2498 4112 adventantibus...

237 4191 268 4228 α
293 4164 532 4235 Multos
574 4163 898 4234 Dominus
931 4185 1046 4254 per
1074 4185 1228 4232 eum
1257 4164 1533 4248 sanavit,
1564 4167 1627 4230 et
1656 4159 1816 4228 alios
1851 4181 1889 4227 a
1916 4157 2321 4226 daemonibus
2350 4179 2506 4247 pur·

237 4307 272 4344 a
297 4281 588 4371 gavit...
657 4277 884 4348 Multis
935 4280 1255 4370 persuasit
1315 4284 1389 4344 ut
1448 4275 1819 4346 solitariam
1898 4273 2207 4362 eligerent
2257 4274 2497 4354 vitam3

243 4417 276 4454 α
307 4403 492 4486 atque
521 4397 616 4464 ita
645 4393 914 4486 demum
943 4394 1104 4462 facta
1129 4401 1280 4461 sunt
1299 4393 1504 4460 etiam
1526 4391 1599 4460 in
1628 4387 1977 4458 montibus
1999 4387 2506 4472 monasteria,et
