2834 4959
400 334 526 391 428
974 338 1315 389 mcuws
1358 334 1440 387 DE
1481 338 1634 387 mu
1673 336 2094 387 assumunt.

408 490 442 529 α
467 462 653 534 ,nella
682 461 1057 531 Francia...
1088 460 1145 531 ll
1172 460 1283 551 n’y
1308 482 1351 530 a
1379 482 1494 552 pas
1523 460 1892 551 longtemps
1919 460 2166 551 qn'une
2201 462 2492 535 decision
2529 466 2676 539 dans

406 606 441 644 «
474 579 535 648 le
558 580 773 657 meme
800 598 947 645 sens
974 598 1015 646 a
1040 577 1141 647 ete
1168 576 1423 645 donnee
1449 597 1576 645 aux
1598 575 1962 665 Augustius
1985 574 2236 667 Belgas.
2265 603 2306 643 n

490 698 695 767 Nota.
730 730 821 747 -
854 694 1123 775 Certior,
1138 694 1347 765 factus
1388 714 1538 763 sum
1584 693 1896 785 prodiisse
1935 714 2150 784 nuper
2175 694 2426 765 'Romae
2469 696 2677 767 decla·

394 810 715 881 rationem
756 809 1137 899 quamdam,
1182 829 1315 899 qna
1352 828 1650 898 expresse
1689 806 2050 897 dicebatur,
2101 830 2508 899 nequaquam
2551 832 2672 881 sae·

397 925 727 995 sularibus
762 922 989 993 Galliae
1024 923 1281 1013 legibus
1319 922 1765 1007 tribuendum,
1801 922 1978 1011 quod
2015 922 2196 991 itlius
2225 925 2516 1013 regionis
2541 948 2672 995 mo-

400 1044 603 1113 niales
630 1050 787 1113 ‘vota
832 1043 1143 1113 solemnia
1184 1063 1315 1113 non
1356 1040 1709 1127 haberent;
1745 1040 1856 1109 sed
1893 1040 2090 1109 aliam
2131 1049 2380 1111 exstare
2414 1043 2671 1136 hujusce

388 1161 725 1251 praeseutis
754 1180 985 1229 earum
1022 1157 1409 1229 monialium
1443 1156 1834 1228 conditionis
1871 1176 2160 1226 causam.
2199 1156 2670 1229 Documentum

391 1282 611 1345 autem
640 1274 801 1344 illud
831 1274 1127 1345 nondum
1162 1274 1328 1343 mihi
1356 1290 1738 1362 comparare
1767 1272 1969 1361 potui.

482 1389 921 1459 Amoueamus
961 1388 1075 1474 Vl,
1118 1410 1201 1457 ex
1240 1386 1548 1457 absurdis
1585 1408 1734 1477 quoe
1774 1385 2081 1476 alioquin
2118 1399 2558 1478 sequerentur.
2595 1426 2674 1439 —

398 1506 463 1571 1⁰
512 1502 929 1593 sequeretur,
978 1502 1257 1593 pendere
1310 1524 1351 1571 a
1400 1501 1697 1593 principe
1745 1500 2066 1591 assentari,
2121 1506 2193 1569 ut
2241 1501 2424 1571 nulla
2473 1502 2678 1571 emitti

396 1618 642 1708 possint
679 1620 753 1686 iu
794 1624 925 1688 toto
964 1617 1127 1687 orbe
1154 1617 1470 1687 solemnia
1505 1622 1672 1687 vota.
1705 1614 1968 1685 Etenim
2005 1614 2166 1703 ideo,
2195 1616 2376 1704 Juxta
2409 1616 2676 1707 opinio-

396 1754 553 1805 nem
584 1756 783 1826 quam
828 1736 1271 1822 confutamus,
1304 1739 1512 1825 potest
1551 1733 1650 1803 lex
1685 1734 2014 1803 saeoularis
2043 1734 2112 1801 in
2137 1731 2338 1801 Gallia
2363 1730 2678 1824 impedire

398 1876 483 1925 ne
520 1855 837 1925 solemnia
872 1855 1001 1925 sint
1036 1858 1184 1923 vota
1218 1853 1287 1923 in
1328 1874 1403 1921 ea
1437 1853 1702 1941 regione
1744 1874 1782 1921 a
1825 1852 2144 1942 religiosis
2181 1848 2384 1921 Gallis
2423 1853 2672 1938 emissa,

398 1970 553 2061 quia
583 1971 655 2041 in
693 1970 849 2061 ipsis
885 1991 1019 2038 non
1060 1967 1349 2058 agnoseit
1384 1967 1668 2037 dominii
1712 1966 2227 2058 incapacitatem.
2259 1964 2674 2047 Quantumvis

400 2107 637 2177 nempe
674 2089 799 2177 ipsi
844 2088 1043 2155 velint
1080 2106 1215 2153 sese
1256 2082 1576 2153 inhabiles
1617 2082 1882 2153 reddere
1913 2082 1992 2151 ad
2027 2080 2484 2172 possidendum
2515 2080 2676 2151 bona

402 2198 806 2289 temporalia,
841 2199 941 2268 lex
977 2220 1083 2269 eos
1119 2198 1368 2269 habiles
1408 2219 1667 2291 semper
1707 2204 1996 2287 reputat3
2045 2198 2132 2267 ita
2167 2202 2246 2266 ut
2279 2196 2676 2267 obvenientes

404 2312 802 2381 haereditates
840 2314 935 2382 eis
978 2320 1283 2405 tanquam
1336 2312 1506 2381 veris
1559 2317 1623 2380 et
1667 2310 1980 2401 legitimis
2027 2310 2316 2381 dominis
2363 2309 2670 2381 attribuat.

320 2488 325 2495 .
404 2424 605 2497 Porro
656 2426 829 2496 idem
878 2434 1155 2497 statuere
1206 2431 1407 2517 potest
1463 2426 1794 2496 saecularis
1836 2418 2147 2518 ‘princeps
2199 2426 2428 2497 Galliae
2481 2425 2676 2517 quoad

404 2540 739 2629 religiosos
792 2546 1126 2610 extraneos
1182 2538 1525 2630 quoslibet.
1585 2540 1800 2610 Potest
1859 2562 2144 2631 namque
2193 2540 2562 2623 decernere,
2612 2544 2680 2608 ut

400 2654 676 2744 quilibet
716 2662 1081 2743 extraneus,
1132 2656 1267 2725 sive
1312 2656 1654 2747 religiosus
1701 2658 1811 2736 sit,
1867 2658 2001 2724 sive
2043 2677 2204 2739 non,
2249 2658 2304 2723 si
2345 2656 2428 2723 ab
2462 2654 2676 2743 aliquo

402 2761 587 2839 Gallo
626 2771 831 2841 haeres
867 2771 1263 2859 instituatur,
1294 2775 1413 2840 aut
1445 2770 1506 2841 ei
1549 2771 1632 2842 ab
1669 2772 1966 2841 intestato
2015 2770 2344 2853 succedat,
2385 2768 2677 2839 habeatur

402 2890 712 2975 tanquam
766 2884 1006 2953 habilis
1068 2884 1150 2953 ad
1216 2884 1650 2975 colligendam
1700 2884 1881 2954 iliam
1939 2887 2406 2955 haereditatem.
2467 2884 2548 2953 Et
2597 2886 2676 2952 sic

404 2998 631 3067 nullus
669 3002 745 3068 in
800 2999 1051 3068 mundo
1108 3001 1375 3069 existere
1425 3000 1658 3089 poterit
1709 3002 2096 3090 religiosuS‚·
2133 3002 2248 3090 qui
2305 3022 2508 3092 capax
2559 3019 2676 3068 non

402 3112 487 3183 sit
528 3114 804 3183 dominii
858 3117 928 3182 in
970 3112 1180 3184 Gallia
1228 3114 1550 3200 habendi3
1605 3136 1682 3184 ae
1722 3114 1996 3206 proinde
2053 3116 2275 3185 nullus
2323 3117 2392 3185 in
2441 3113 2678 3183 mundo

402 3250 549 3299 vere
590 3231 907 3301 solemnia
950 3237 1093 3299 vota
1146 3233 1436 3299 emittere
1487 3230 1742 3321 poterit.
1793 3228 1926 3299 Nee
1972 3236 2227 3299 tantum
2285 3230 2366 3297 ita
2411 3234 2680 3297 statuere

408 3348 613 3434 potest
650 3342 751 3413 lex
790 3345 1116 3415 saecularis
1156 3344 1406 3429 Galliae,
1455 3346 1568 3415 sed
1609 3344 1688 3415 de
1727 3342 1892 3414 facto
1934 3346 2020 3415 its
2059 3344 2398 3436 disposuit.
2442 3343 2678 3413 Admit-

406 3459 482 3526 tit
536 3479 771 3550 nempe
835 3460 1119 3531 haeredes
1178 3461 1436 3529 institui
1500 3480 1686 3552 posse
1745 3462 1944 3530 etiam
1995 3467 2326 3529 extraneos
2378 3465 2443 3527 et
2485 3458 2674 3527 valere

404 3574 779 3645 donationes
826 3575 981 3665 ipsis
1026 3574 1219 3643 factas
1272 3572 1387 3664 (1).
1447 3572 1674 3665 Neque
1725 3573 1900 3643 adest
1950 3574 2084 3645 ulla
2137 3575 2431 3666 exceptio
2479 3568 2674 3666 quoad

471 3788 537 3849 (ι)
562 3784 647 3838 Sie
670 3784 829 3837 habet
846 3785 929 3837 lex
950 3785 1052 3837 diet
1086 3788 1147 3839 14
1172 3786 1290 3849 Jutn
1318 3788 1459 3849 1810,
1482 3784 1697 3839 articulo
1723 3788 1746 3839 1
1779 3805 1792 3837 ε
1813 3786 1904 3837 Les
1933 3784 2147 3837 articles
2172 3786 2266 3839 ‘126
2285 3788 2337 3835 et
2365 3788 2458 3838 912
2472 3784 2541 3835 du
2567 3780 2675 3833 code

406 3874 535 3927 civil
574 3874 686 3926 sont
724 3874 975 3939 abr-oyen
1008 3890 1069 3925 en
1106 3876 1449 3941 consequence,
1495 3874 1566 3926 les·
1591 3878 1856 3943 etranqers
1883 3878 2066 3926 aur-ont
2096 3875 2144 3925 Ie
2170 3873 2309 3924 droit
2346 3872 2407 3925 de
2435 3870 2674 3929 monstier,

410 3968 471 4019 de
490 3968 721 4033 dis-poser-
750 3970 801 4018 et
829 3968 892 4018 de
922 3970 1145 4019 receuoir·
1178 3968 1300 4019 dela
1326 3969 1486 4021 meme
1513 3969 1735 4021 muniere
1762 3985 1856 4037 que
1892 3968 1963 4021 les
1992 3969 2261 4034 Franfais,
2291 3968 2424 4019 dans
2446 3966 2574 4015 toute
2591 3960 2676 4011 l'e'·

410 4056 597 4108 tentiae
616 4058 689 4109 du
712 4070 969 4124 royaume.
1000 4060 1141 4117 (Votr
1163 4068 1231 4110 au
1258 4058 1387 4111 code
1412 4060 1544 4123 avil,
1573 4060 1748 4112 article
1779 4062 1906 4123 ⁸126.)
1939 4060 2072 4111 Dum
2101 4058 2172 4109 tbi
2187 4056 2376 4109 dieitur
2409 4054 2477 4106 les
2505 4052 2677 4104 eimu-

412 4158 547 4211 9ενε,
590 4148 769 4211 nuque
821 4148 885 4199 ds
920 4148 1157 4201 omnibus
1196 4150 1403 4201 omntno
1455 4149 1848 4213 pronuntiatum
1885 4148 1958 4199 ita
1987 4152 2046 4197 ut
2068 4145 2164 4198 snb
2195 4145 2320 4209 legis
2345 4140 2672 4207 dispositione,

409 4236 602 4299 absque
632 4235 737 4287 ulio
780 4236 953 4301 dubio,
990 4237 1490 4305 comprehendantur
1533 4240 1689 4290 ettam
1722 4237 1937 4301 religlosi
1969 4235 2182 4301 professi
2203 4238 2486 4285 exterarum
2513 4228 2673 4279 natio·

406 4334 551 4373 num.
598 4324 741 4376 Unde
784 4330 981 4378 eertum
1023 4332 1229 4381 omnino
1257 4330 1355 4390 est,
1389 4324 1588 4377 nullum
1623 4324 1776 4377 hodie
1822 4326 2058 4388 existere,
2100 4326 2191 4375 aut
2229 4316 2672 4384 existerepossetn

412 4410 605 4463 mundo
636 4414 942 4480 religiosum,
962 4420 1179 4482 quinon
1206 4421 1274 4470 ιιι,
1291 4416 1527 4483 legaliter·
1557 4416 1770 4471 dominil
1799 4428 1960 4481 capax
1989 4415 2044 4466 in
2065 4412 2248 4465 Galus.
