2834 4959
1204 362 1410 413 mun.
2330 357 2455 415 677

239 486 528 551 Proposita)
551 484 664 537 111⁸.
681 482 861 535 Status
875 474 1156 545 religiosus,
1172 481 1274 535 late
1291 486 1545 545 sumptus,
1564 480 1701 535 idem
1718 484 1925 535 omnino
1940 486 2023 533 est
2036 495 2155 534 eum
2167 486 2307 537 statu

300 576 622 642 perfeetionis
647 571 967 636 acquirendo
992 571 1228 623 inchoato
1262 582 1356 621 seu
1377 571 1766 637 incompleto...
1843 606 1921 625 ...
2190 608 2269 627 ...
2402 578 2465 627 46

241 666 530 731 Propositio
561 664 666 717 Wt.
701 661 778 713 Ad
801 662 1073 713 essentiam
1093 663 1256 711 status
1281 660 1498 725 religiosi
1520 661 1695 713 stricte
1714 664 1905 726 sumpti
1929 605 2221 725 requiritur,
2249 665 2311 714 ut

305 758 372 807 sit
393 758 556 806 status
574 752 904 804 tendentium
933 750 1000 800 ad
1029 747 1398 813 perfectionem
1420 762 1511 814 per
1530 752 1629 801 tria
1654 750 1862 803 eonsffla
1888 752 2174 815 “angelica
2191 754 2311 803 voto

303 842 506 893 firmata
514 869 2312 895 ..........................................................
2406 842 2469 893 46

242 928 526 993 Proponite
559 926 640 979 Ψ.
689 928 778 979 Est
803 926 870 977 de
899 926 1122 977 amentia
1151 926 1317 977 status
1339 924 1559 989 religioei
1579 928 1781 993 proprie
1798 925 1937 990 dieti,
1964 928 2027 979 ιιι
2046 928 2115 977 sit
2145 930 2311 977 status

304 1018 622 1083 pascationis
649 1016 966 1080 acquirenda
991 1014 1272 1079 completus
1279 1046 2306 1069 .................................
2406 1016 2469 1067 46

243 1106 528 1173 &moenio
550 1105 656 1159 Vl·-
689 1104 879 1156 'rotalis
905 1102 1116 1155 traditio
1133 1106 1215 1153 sui
1231 1102 1333 1154 Deo
1355 1102 1511 1165 faeta,
1534 1108 1589 1154 et
1608 1106 1813 1156 nomine
1838 1104 1925 1157 Dei
1949 1105 2015 1155 ab
2034 1104 2203 1168 aliquo
2216 1104 2311 1155 bo·

304 1198 463 1257 mine,
479 1197 566 1247 Del
579 1198 835 1255 ministro,
851 1196 1132 1255 acceptata,
1147 1192 1400 1244 censenda
1414 1197 1495 1244 est
1510 1196 1763 1258 pertinere
1777 1194 1847 1246 ad
1861 1196 2131 1247 essentiam
2148 1195 2314 1245 status

303 1282 524 1347 religiosi
549 1286 720 1336 stricte
742 1284 936 1347 sumpti
939 1313 2311 1336 ............................................
2410 1282 2475 1334 46
2524 1324 2531 1335 .

245 1372 535 1436 Propositw
561 1368 692 1422 Vll.
717 1371 790 1421 Ad
819 1371 1096 1421 esoentiam
1137 1372 1298 1421 status
1329 1369 1547 1433 religiosi
1579 1383 1683 1423 non
1705 1373 1980 1437 requiritur
1999 1373 2060 1422 ut
2078 1371 2198 1420 vota
2212 1370 2320 1419 sint

305 1461 554 1512 solemnia
596 1460 946 1521 (remissive)..
1093 1495 1108 1509 .
1122 1491 1170 1511 ..
2204 1491 2312 1510 ....
2416 1460 2479 1510 53

243 1550 535 1615 Propo-ritae
559 1548 712 1601 Villt.
746 1551 957 1603 Certum
989 1551 1070 1601 est
1098 1492 1390 1601 Eoeiesiam
1402 1562 1547 1615 posse
1566 1495 1839 1615 probibere
1854 1552 1911 1601 et
1916 1495 2135 1601 ἰιτιιιιιιι
2154 1548 2317 1599 faeere

306 1640 584 1705 quemlibet
613 1642 804 1690 statum
836 1638 1188 1702 religiosorum
1215 1638 1280 1689 ab
1305 1641 1412 1702 ipsa
1438 1652 1541 1690 non
1571 1638 1965 1703 approbatum..
2106 1672 2154 1687 ..
2172 1668 2307 1689 .....
2413 1637 2475 1688 ⁵3

241 1728 532 1792 Propositio
555 1726 659 1777 ixt.
685 1726 891 1776 Attenia
907 1722 1022 1775 sola
1049 1727 1232 1775 natura
1252 1726 1420 1776 status
1436 1725 1685 1799 rel‚iglosi
1711 1726 1777 1775 ad
1796 1726 1907 1787 ejus
1926 1727 2199 1777 essentiam
2220 1736 2321 1777 non

307 1812 526 1873 pertinet
551 1812 654 1859 vita
687 1811 1030 1861 eommunis..
1143 1842 1186 1861 ..
1239 1844 1317 1862 ...
2418 1810 2481 1860 54

249 1896 538 1960 Propaniso
563 1894 644 1947 xt.
661 1896 968 1948 probabilius
987 1897 1191 1948 videtur
1203 1896 1441 1949 Beelesiae
1460 1842 1883 1962 approbationem
1892 1844 1959 1947 ad
1978 1896 2195 1959 religiosi
2214 1899 2319 1948 sta-

312 1987 1145 2051 messentiamnonpertinere..
1303 2016 2315 2040 ..
2416 1986 2478 2036 56

251 2071 536 2135 Ρνοροείτίο
561 2072 665 2125 xi·.
692 2072 936 2138 obligatio
955 2079 1212 2141 reciproca
1214 2023 1515 2140 ‘religiosum
1535 2078 1668 2129 inter
1688 2078 1743 2127 et
1761 2077 2180 2127 communitatem
2203 2075 2321 2137 (qua

315 2171 501 2223 nempe
519 2174 622 2212 non
643 2166 844 2214 tantum
859 2166 1120 2229 religiosus
1135 2169 1373 2219 teneatur
1389 2178 1690 2231 permanere
1708 2170 1761 2217 in
1782 2163 1977 2227 ordine,
1993 2164 2085 2215 sed
2103 2164 2225 2215 ordo
2243 2164 2320 2213 vi-

316 2246 489 2297 cissim
511 2247 656 2301 illum
677 2244 781 2301 non
799 2254 998 2317 eiicere)
1027 2252 1093 2305 ad
1117 2254 1334 2319 religiosi
1356 2257 1525 2307 status
1549 2254 1889 2305 substantiam
1906 2265 2011 2305 non
2030 2252 2310 2317 pertinet..
2412 2248 2473 2299 64

187 2378 434 2431 SECTIO
456 2380 556 2431 111.
584 2382 652 2433 De
679 2388 918 2436 votorum
949 2385 1274 2440 solemnitate
1275 2415 2323 2441 ..................................
2420 2384 2483 2432 66

178 2508 395 2562 CAPUT
413 2510 454 2561 i.
475 2510 546 2562 De
559 2514 894 2561 eommuniter
907 2517 1111 2575 recepta
1123 2512 1463 2577 distinetione,
1479 2522 1593 2569 tum
1608 2520 1741 2571 inter
1753 2516 1998 2583 simplicia
2014 2520 2065 2567 et
2077 2516 2325 2569 solemnia

311 2602 450 2658 ⁴vota.
480 2603 594 2651 tnm
619 2600 753 2649 inter
780 2598 1144 2649 accidentalem
1171 2605 1224 2651 et
1255 2603 1646 2653 substantialem
1669 2607 2102 2657 solemnitatem.
2213 2640 2256 2657 ..
2277 2637 2319 2657 ..
2425 2602 2487 2653 66

181 2731 398 2783 CAPUT
418 2732 482 2782 11.
512 2732 628 2784 Voti
655 2732 902 2782 eastitatis
921 2728 1238 2792 solemnitas,
1267 2730 1392 2793 quid
1417 2734 1507 2794 sit,
1530 2745 1623 2783 seu
1655 2734 1709 2783 in
1734 2745 1837 2796 quo
1856 2733 2057 2796 proprie
2070 2736 2327 2785 consistat.
2426 2738 2489 2785 66

252 2820 284 2885 5
309 2822 350 2873 1.
377 2821 654 2885 Exponltur
675 2819 858 2885 triplex
881 2818 1147 2872 doctorum
1173 2822 1425 2871 sententia
1432 2852 2331 2875 .............................
2431 2824 2491 2873 66

254 2910 288 2974 5
317 2911 381 2961 11.
429 2910 670 2972 ReJloitur
691 2911 856 2973 prima
883 2911 1161 2970 sententia,
1186 2911 1288 2961 voti
1323 2911 1571 2961 eastitatis
1597 2908 1973 2961 solemnitatem
2007 2918 2257 2971 reponens
2276 2908 2329 2957 in

317 2998 485 3062 aliqua
503 2997 850 3049 benedictione
881 3008 973 3048 sen
995 3000 1374 3049 eonsecratione
1401 2998 1565 3049 aliove
1584 3000 1793 3048 externo
1818 2998 1921 3047 ritu
1932 3028 2323 3049 .............
2428 2997 2489 3048 70

254 3086 538 3151 Proper-itio
571 3086 628 3139 it.
663 3087 969 3139 solemnitas
1005 3086 1352 3141 substantialis
1383 3088 1487 3139 voti
1510 3088 1757 3139 eastitatis
1778 3096 1881 3137 non
1904 3085 2139 3137 consistit
2166 3086 2219 3136 ln
2242 3084 2335 3135 ail-

317 3186 418 3239 qua
443 3172 790 3227 benedietione
814 3173 895 3226 vel
920 3178 1348 3228 consecratione..
1776 3204 2125 3227 ............
2426 3172 2489 3223 '10

253 3262 538 3326 propositio
565 3261 645 3313 11⁸.
681 3262 784 3313 Etsi
805 3266 986 3315 votum
1021 3267 1246 3328 nequeat
1280 3278 1390 3317 esse
1367 3208 1655 3317 ..solemne
1699 3262 1893 3327 absque
1918 3261 2087 3324 aliqua
2109 3264 2319 3311 externa

319 3350 744 3411 manifestatione,
769 3350 1054 3404 substantia
1078 3357 1250 3405 lamen
1275 3354 1607 3404 solemnitatis
1622 3364 1727 3403 non
1746 3352 1975 3402 consistit
1996 3352 2051 3400 in
2068 3348 2171 3399 ulio
2194 3349 2326 3412 eius-

317 3439 456 3492 modi
476 3444 686 3491 externo
709 3441 858 3491 modo
879 3447 969 3492 aut
995 3445 1120 3506 ritu,
1145 3446 1197 3495 in
1223 3445 1491 3495 emissione
1510 3447 1745 3494 votorum
1763 3440 2008 3493 adhibito.
2028 3477 2041 3491 .
2054 3472 2093 3491 ..
2110 3475 2128 3492 .
2146 3475 2161 3489 .
2178 3476 2193 3489 .
2211 3475 2225 3492 .
2242 3476 2257 3492 .
2274 3470 2317 3489 ..
2431 3435 2488 3485 '11

256 3530 289 3595 5
318 3530 406 3583 lii.
428 3530 666 3592 Relicitur
703 3530 929 3583 secunda
968 3536 1240 3593 sententia,
1269 3533 1643 3585 solemnitatem
1682 3544 1931 3596 reponens
1950 3533 2003 3582 in
2038 3528 2333 3591 traditione,

321 3631 424 3683 qua
455 3632 638 3670 vovens
671 3618 769 3669 Deo
791 3620 843 3669 et
866 3620 1093 3684 religioso
1117 3634 1268 3686 quem
1297 3622 1577 3684 ingreditur
1604 3620 1768 3673 ordini
1790 3632 1900 3672 sese
1929 3619 2085 3671 donat
2106 3619 2160 3667 et
2186 3626 2333 3667 man-
2400 3622 2417 3637 ·

318 3711 519 3771 eipat..
660 3742 738 3760 ...
820 3744 836 3761 .
855 3742 930 3763 ...
1013 3742 1090 3761 ...
1299 3743 1596 3764 ,...-.....
1772 3748 1820 3763 ..
1931 3738 2263 3760 ...........
2428 3700 2489 3753 ’16

260 3797 293 3861 g
325 3796 406 3849 IV.
445 3796 573 3847 Vera
597 3796 881 3849 ostenditur
903 3800 1054 3849 tertia
1085 3800 1358 3863 sententia,
1379 3802 1762 3851 solemnitatem
1777 3800 1884 3850 voti
1904 3808 2155 3860 reponens
2173 3793 2230 3843 in
2256 3790 2339 3843 de-

321 3888 456 3937 creto
481 3884 739 3949 Ecclesioe,
761 3900 862 3950 quo
883 3890 1124 3939 statuitur
1143 3892 1220 3951 ut,
1241 3901 1330 3952 per
1347 3892 1487 3941 certa
1508 3888 1743 3953 quisdam
1754 3891 1873 3938 vota
1892 3884 2141 3937 castitatis
2163 3890 2216 3936 et
2238 3890 2345 3931 nou

321 3984 411 4036 per
429 3974 548 4037 alia,
591 3975 861 4026 dirimatur
893 3978 1276 4029 matrimonium
1317 3979 1627 4030 antecedens
1664 3991 1769 4029 non
1808 3975 2240 4032 consummatum,
2288 3970 2343 4019 et

322 4072 510 4111 vovens
549 4062 602 4111 in
639 4066 944 4126 perpetuum
981 4064 1047 4114 sit
1081 4064 1314 4117 inhabilis
1335 4066 1400 4117 ad
1428 4068 1813 4117 matrimonium
1844 4060 2009 4115 valide
2034 4057 2345 4112 eontraben·

325 4149 452 4201 dum
473 4180 2331 4209 ............................................................
2431 4144 2489 4195 81

266 4238 296 4301 5
327 4238 379 4289 V.
413 4238 663 4292 Nonnulla
685 4237 1012 4292 deducuntur
1033 4242 1318 4305 corollaria,
1343 4244 1531 4309 quibus
1550 4245 1713 4307 magis
1733 4240 1943 4308 patefiat
1966 4240 2197 4303 exposita
2221 4235 2339 4286 doe·
2431 4320 2493 4371 ω

324 4327 459 4377 trina
474 4355 2330 4383 ...........................................................

268 4412 616 4467 Comum-im
637 4418 678 4470 1.
713 4416 886 4469 Potest
913 4422 1092 4470 votum
1128 4418 1238 4470 fleri
1260 4432 1324 4471 ex
1345 4419 1560 4473 solemni
1584 4419 1817 4485 simplex.
1832 4451 1879 4470 ..
1899 4444 2323 4472 ..............
2428 4406 2498 4463 63
