2834 4959
1059 375 1212 424 PARS
1257 377 1473 424 TERTIA
1482 407 1498 424 .
2290 379 2325 436 3
2334 382 2369 436 5
2380 383 2407 436 1

205 503 282 572 2⁰
317 496 644 590 Equidem
681 495 1141 586 superveniens
1177 497 1503 566 szecularis
1542 498 1703 588 legis
1746 499 2076 592 dispositio
2122 503 2419 593 ipsismet

111 614 572 709 regularibus,
631 615 952 702 quatenus
998 611 1197 680 meris
1251 613 1531 698 civibus,
1586 615 1987 687 haereditates
2052 619 2409 712 adscripsit.

109 731 238 802 Sed
263 752 348 800 ea
376 724 712 818 dispositio
750 745 885 794 non
929 725 1135 815 potuit
1161 725 1374 814 legem
1413 725 1717 798 Ecclesiae
1768 749 2098 816 enervare,
2139 757 2269 824 qua
2292 744 2415 805 sta·

113 848 360 934 mitur,
404 839 808 912 haereditates
861 837 1163 926 religioso
1191 917 1202 928 ,
1234 839 1651 910 obvenientes
1702 843 1913 934 ipsius
1962 850 2413 920 communitati

111 960 408 1050 acquiri.
439 955 734 1038 Etenim,
764 958 840 1021 ut
879 952 1052 1022 infra
1085 952 1463 1043 probamus,
1508 962 1715 1046 potest
1752 957 2060 1044 Ecclesia,
2104 963 2415 1056 indepen-

111 1076 359 1143 denter
381 1094 420 1140 a
444 1072 748 1162 potestate
773 1064 975 1151 civili,
1006 1065 1178 1136 bona
1207 1067 1433 1136 omnia
1466 1091 1610 1160 quae
1638 1069 1939 1163 religioso
1978 1073 2411 1159 obvenissent,

113 1192 174 1259 si
208 1187 682 1280 professionem
701 1203 836 1250 non
861 1182 1207 1266 emisisset,
1229 1186 1369 1274 ejus
1393 1189 1781 1256 monasterio
1799 1189 2168 1260 attribuere.
2198 1194 2411 1282 Atque

113 1308 296 1374 item
323 1323 456 1372 non
482 1299 682 1392 potuit
713 1298 819 1368 lex
843 1296 1170 1368 soecularis
1197 1298 1689 1390 incapacitatem
1717 1302 1993 1374 dominii
2022 1327 2059 1374 a
2094 1307 2411 1398 religiosis
2494 1297 2507 1308 ’

111 1417 434 1511 professis
457 1414 708 1499 tollere3
736 1433 858 1482 nec
884 1413 1158 1504 proinde
1181 1413 1388 1482 iacere
1417 1420 1491 1483 ut
1510 1415 1959 1490 haereditatum
1985 1422 2249 1492 illarum
2272 1429 2407 1494 veri

110 1533 378 1602 domini
423 1529 783 1600 evaderent.
831 1527 1004 1618 Ergo
1053 1531 1469 1618 quantumvis
1515 1532 1841 1604 saecularis
1880 1536 1982 1605 lex
2009 1537 2409 1609 haereditates

113 1645 440 1738 religiosis
477 1643 637 1734 ipsis
673 1641 996 1726 tribuerit,
1032 1641 1105 1711 in
1155 1664 1224 1711 re
1271 1643 1675 1717 haereditates
1720 1649 1852 1719 illae
1898 1651 1980 1720 ad
2024 1655 2409 1744 respectivas

115 1783 348 1832 eorum
375 1757 879 1830 communitates
905 1756 1388 1848 pertinuerunt.

203 1875 272 1946 3⁰
320 1875 686 1944 Potuerunt
732 1873 888 1943 dicti
927 1872 1256 1962 regulares
1297 1893 1435 1944 sese
1480 1879 1791 1966 tanquam
1831 1875 2283 1948 haereditatum
2323 1883 2405 1949 il-

113 1991 345 2060 larum
389 1991 682 2058 dominos
725 1987 1016 2058 civiliter
1043 2009 1290 2080 gerere,
1324 1989 1577 2080 integra
1608 1989 1681 2058 in
1707 1991 1863 2082 ipsis
1887 1999 2263 2063 remanente
2288 1996 2405 2063 do-

117 2104 311 2174 minii
355 2105 770 2196 incapacitate
809 2110 874 2174 et
906 2105 1037 2174 voti
1079 2102 1503 2173 solemnitate.
1556 2104 1753 2194 Nam,
1804 2128 1881 2175 ex
1924 2106 2139 2193 dictis,
2190 2107 2403 2177 haere-

116 2214 344 2288 ditates
389 2215 546 2301 iltae,
595 2236 731 2284 non
763 2215 844 2284 ad
888 2216 1084 2305 ipsos,
1135 2214 1244 2284 sed
1293 2212 1374 2282 ad
1417 2214 1711 2305 ipsorum
1750 2217 2098 2310 respective
2126 2239 2403 2308 congre-
2496 2251 2517 2274 ·

117 2333 444 2422 gationem
502 2331 929 2424 pertinebant.
984 2327 1160 2420 Ergo
1227 2328 1628 2400 haereditates
1681 2331 1824 2402 illas
1877 2333 2239 2423 colligendo
2264 2387 2285 2421 ,
2342 2341 2407 2404 et

118 2449 332 2518 civiles
383 2448 466 2518 ad
513 2447 639 2517 hoc
701 2445 1118 2516 formalitates
1163 2435 1477 2536 explendo
1500 2497 1521 2526 ,
1571 2469 1704 2516 non
1774 2455 2125 2541 potuerunt
2174 2450 2243 2519 in
2299 2472 2403 2522 eas

111 2583 342 2633 verum
386 2560 762 2632 dominium
827 2560 1194 2650 acquirere;
1239 2559 1569 2649 siquidem
1620 2560 1991 2634 dominium
2043 2564 2207 2634 illud
2244 2619 2265 2650 ,
2326 2587 2402 2634 ex

113 2677 496 2770 hypothesi,
551 2681 686 2746 erat
729 2676 864 2762 jam
915 2675 1210 2766 ipsorum
1261 2675 1717 2742 communitati
1762 2679 2176 2766 acquisitum.
2239 2678 2402 2769 Ipsis

109 2801 341 2863 tamen
368 2792 551 2861 licuit
583 2793 784 2862 dictos
810 2797 991 2860 actus
1029 2790 1263 2859 civiles
1291 2811 1370 2858 ex
1407 2789 1555 2857 data
1596 2809 1911 2878 expresse,
1959 2793 2064 2860 vel
2112 2793 2401 2882 legitime

113 2913 506 3000 praesumpta
575 2908 988 3000 superiorum
1085 2906 1385 2975 facultate
1468 2924 1796 2996 peragere.
1864 2903 2123 2974 Etenim
2199 2912 2404 2996 potest

111 3027 454 3116 religiosus
509 3021 828 3114 professus
850 3072 872 3110 ,
941 3042 1018 3090 ex
1070 3020 1362 3111 legitima
1410 3020 1823 3112 deputatione
1850 3072 1869 3105 ,
1934 3019 2264 3090 bonorum
2322 3022 2403 3093 ad

113 3137 648 3210 communitatem
715 3135 1176 3228 pertinentium
1231 3135 1704 3226 possessionem
1762 3157 2015 3227 capere,
2068 3141 2132 3202 et
2192 3138 2401 3206 varios

113 3257 278 3324 circa
303 3254 534 3324 eadem
565 3256 928 3321 contractus
959 3249 1156 3336 inire,
1203 3251 1466 3320 nomine
1517 3251 2021 3322 communitatis.
2070 3247 2293 3342 Neque
2332 3253 2399 3320 id

113 3367 383 3462 impedit
414 3367 806 3466 incapacitas
851 3365 1155 3449 dominii,
1207 3385 1408 3454 quam
1456 3367 1811 3450 contraxit3
1863 3367 2019 3457 quia
2061 3373 2219 3438 tunc
2268 3370 2399 3460 agit

109 3489 418 3576 tanquam
491 3483 984 3554 communitatis
1059 3501 1440 3550 oeconomus
1508 3502 1621 3550 seu
1710 3488 2122 3572 procurator-3
2188 3505 2397 3574 neque

111 3608 286 3672 actus
321 3601 426 3672 illi
451 3605 606 3670 sunt
647 3606 830 3668 actus
871 3595 1174 3682 dominii,
1207 3595 1317 3664 sed
1353 3617 1549 3666 merae
1584 3595 2160 3667 administrationis
2186 3595 2397 3666 bono-

109 3737 251 3786 rum
278 3715 796 3812 communitatis.
836 3711 1038 3806 Ergo,
1082 3714 1138 3780 si
1189 3711 1344 3780 dicti
1383 3712 1669 3802 religiosi
1698 3714 1971 3808 dispersi
2007 3713 2252 3784 hancce
2289 3713 2395 3782 de·

107 3831 509 3918 putationem
535 3835 598 3898 et
626 3827 996 3900 facultatem
1038 3825 1442 3914 habuerunt,
1492 3825 1667 3898 licite
1714 3835 2065 3920 potuerunt
2110 3827 2390 3896 haerediss-

110 3949 316 4014 tatum
355 3943 436 4012 de
472 3943 709 4034 quibus
753 3943 999 4033 agitur,
1046 3942 1309 4012 nomine
1360 3945 1879 4033 communitatis,
1925 3943 2391 4037 possessionem

111 4079 350 4152 capere.
432 4055 631 4129 Porro
687 4057 1008 4152 ejusmodi
1081 4055 1350 4127 facultas
1432 4079 1721 4150 expresse
1790 4061 1945 4150 ipsis
2008 4057 2393 4150 quandoque

107 4171 242 4244 data
293 4181 420 4260 est,
467 4182 543 4244 ut
596 4175 767 4247 infra
817 4195 899 4242 ex
947 4169 1144 4241 variis
1192 4172 1374 4242 factis
1432 4173 1671 4265 patebit
1714 4197 1735 4244 ε
1783 4180 1847 4242 et
1874 4173 2138 4266 quando
2186 4173 2395 4242 facilis

105 4289 376 4360 nonfuit
401 4287 486 4360 ad
518 4289 884 4384 superiores
907 4307 1232 4376 recursus,
1263 4285 1553 4378 legitime
1596 4294 1949 4382 potuerunt
1986 4287 2169 4357 illam
2219 4307 2390 4377 prat-

105 4423 354 4478 sumere
400 4427 424 4476 ι
478 4404 720 4476 etenim
770 4401 967 4474 dubia
1017 4423 1153 4472 esse
1213 4422 1348 4471 non
1417 4411 1663 4494 poterat
1714 4406 2125 4496 superiorum
2176 4423 2389 4488 mens,
