2834 4959
335 358 459 414 278
903 364 1241 413 TnAcTA'ms
1275 367 1355 413 nt
1399 365 1553 415 sumt
1593 361 2012 414 manutium.

331 490 551 556 mento
576 481 863 552 aliorum
902 483 1421 576 (conventuum),
1465 505 1876 576 nequaquem
1903 478 2052 550 addi
2087 491 2210 549 aut
2233 482 2628 572 paroehia-

332 622 509 689 rum,
540 598 643 666 vel
670 597 915 688 aliquid
942 599 1175 668 simile.
1213 597 1339 669 Sed
1364 600 1652 691 loquitur
1685 597 1974 669 Pontifex
2001 595 2083 665 de
2128 595 2267 665 solo
2311 601 2630 688 praeexis—

330 716 606 786 tentium
642 720 1075 784 conventuum
1112 713 1542 785 detrimento.
1577 715 1782 785 Porro
1823 713 1880 782 si
1919 733 2037 804 per
2085 710 2262 780 alios
2304 711 2626 783 mter-esee

335 829 675 926 habentes,
725 828 1135 898 intellexisset
1158 828 1319 900 elios
1364 836 1594 921 praeter
1635 830 1966 920 regulares
1996 826 2200 918 (verbi
2228 828 2463 917 gretie,
2507 849 2623 919 pa-

341 945 620 1034 rochos),
649 943 919 1013 vocibus
940 943 1080 1014 sine
1100 943 1495 1014 detrimento
1519 943 1812 1014 aliorum
1837 941 2360 1034 (conventuum),
2381 942 2626 1033 procul

336 1059 535 1130 dubio
560 1060 904 1130 addidisset
928 1059 1040 1128 vel
1072 1061 1500 1130 soecularium
1531 1060 1974 1130 ecclesiarum.
2003 1056 2322 1130 Probatur
2345 1081 2363 1125 ε

421 1173 490 1246 3⁰
516 1179 631 1246 Ex
665 1199 857 1268 scopo
877 1176 1209 1246 dictarum
1238 1179 1817 1260 constitutionum,
1845 1177 2018 1246 circa
2045 1171 2390 1264 eriqendos
2415 1195 2630 1242 novos

344 1303 703 1364 conventus
724 1291 1190 1362 statuentium.
1218 1329 1306 1345 —
1334 1291 1522 1374 Quod
1547 1293 1615 1361 in
1642 1293 1822 1361 bunc
1847 1291 2058 1360 solum
2091 1289 2292 1358 finem
2319 1289 2629 1358 intende-

348 1411 436 1480 rit
458 1409 809 1478 Clementis
836 1406 985 1477 Vlll
1010 1409 1407 1496 constitutio,
1445 1416 1523 1476 ut
1553 1408 1868 1477 damnum
1894 1405 2107 1498 quoad
2139 1405 2630 1496 praeexistentes

335 1528 687 1614 conventus
722 1529 1130 1612 praecaveret,
1170 1522 1413 1593 indicat
1460 1525 1664 1614 ipsius
1709 1522 2156 1614 prooemium:
2201 1545 2236 1585 α
2279 1519 2628 1600 Quoniam

346 1662 383 1702 α
410 1638 485 1706 ad
530 1637 889 1707 institutam
940 1636 1341 1728 regularium
1386 1638 1677 1707 locorum
1725 1645 1788 1707 et
1837 1635 2257 1728 persensi-um
2281 1633 2629 1704 reforma-

352 1774 390 1820 α
420 1753 663 1822 tionem
721 1751 1222 1844 promovendam
1278 1760 1341 1821 et
1391 1749 1896 1822 conservandam
1963 1753 2242 1820 maxime
2303 1749 2622 1840 pertinet,

352 1894 388 1934 α
418 1874 495 1938 ut
519 1868 1020 1958 quibuscunque
1046 1866 1344 1938 domibus
1388 1880 1453 1937 et
1479 1867 1898 1938 monasteriis
1929 1865 2337 1958 reqularium
2371 1865 2431 1934 is
2467 1871 2634 1934 tan-

348 2007 385 2052 u
415 1991 557 2052 tum
586 2003 901 2053 numerus
940 1983 1391 2074 religiosorum
1431 1984 1548 2075 qui
1577 1983 1916 2054 commode
1941 1982 2035 2050 ibi
2069 1981 2160 2051 ali
2198 1983 2427 2073 possit,
2463 2003 2633 2052 con-

350 2122 387 2162 «
415 2097 717 2178 tineatur,
768 2120 843 2166 ac
893 2119 967 2166 eo
1014 2101 1250 2190 pariter
1299 2105 1541 2191 spectat
1591 2106 1664 2168 ut
1701 2099 1770 2168 in
1809 2099 2314 2188 quibuscunque
2343 2097 2632 2166 civitati-

352 2237 387 2280 «
422 2213 543 2280 bus
595 2222 658 2281 et
700 2214 859 2282 locis
902 2235 1085 2283 novae
1134 2214 1367 2284 domus
1416 2223 1482 2285 et
1539 2217 2007 2285 monasteria...
2068 2235 2200 2286 non
2247 2213 2628 2304 erigantur,

358 2352 393 2394 α
421 2329 551 2396 nisi
578 2329 645 2396 in
674 2328 901 2398 iisdem
914 2381 1020 2416 .‚..,
1050 2330 1347 2400 aliorum
1376 2329 1728 2400 domorum
1755 2343 1820 2399 et
1848 2329 2409 2400 monasteriorum
2439 2332 2522 2398 in
2545 2331 2637 2400 eis

358 2467 395 2508 α
422 2443 849 2512 existentium
878 2445 1110 2514 habita
1130 2446 1413 2534 ratione,
1445 2447 1782 2516 commode
1803 2449 2144 2516 sustentari
2181 2467 2362 2538 posse
2389 2447 2633 2538 digno-

352 2581 391 2623 (ι
418 2565 721 2627 scantur:
774 2559 899 2628 hac
949 2560 1147 2650 igitur
1204 2559 1723 2631 consideratione
1774 2562 1976 2643 ducti,
2041 2570 2164 2631 etc.
2219 2585 2256 2626 s
2315 2559 2392 2630 ln
2447 2563 2630 2632 dicto

352 2691 545 2742 sensu
583 2674 1105 2745 constitutionem
1150 2677 1332 2745 illam
1376 2676 1536 2746 Rota
1581 2676 2000 2755 intellexerat,
2029 2681 2378 2766 antequam
2415 2677 2630 2768 aliqui

360 2788 709 2856 canonistas
752 2790 941 2858 tricas
992 2792 1145 2860 huic
1189 2791 1285 2859 rei
1332 2793 1798 2877 intexuissent3
1854 2796 2049 2883 prout
2107 2797 2424 2860 testantur
2491 2794 2634 2865 baec

364 2903 567 2992 ipsius
593 2903 785 2974 verbs
826 2904 1192 2996 (decisionis
1232 2907 1321 2974 22
1348 2908 1522 2998 junii
1576 2906 1775 2988 1615,
1813 2906 1939 2976 sub
1973 2908 2356 2998 praecedenti
2387 2929 2634 3002 propo-

353 3019 585 3086 sitione
624 3020 899 3111 relatae):
959 3048 994 3088 <x
1036 3021 1345 3092 Praedicta
1384 3022 1752 3092 constitutio
1800 3023 2149 3092 Clementis
2193 3021 2634 3093 consideravit

364 3157 401 3200 α
428 3134 891 3204 tantummodo
932 3137 1387 3228 praejudicium
1429 3138 1600 3230 quod
1645 3143 1852 3230 potest
1887 3137 2108 3206 inferri
2157 3137 2438 3206 ecclesius
2475 3140 2629 3227 fta-

354 3270 391 3311 «
424 3259 603 3316 trum
650 3249 1203 3338 mendicantium,
1262 3275 1345 3322 ne
1390 3258 1650 3345 propter
1693 3253 2130 3342 eleemosynas
2169 3253 2526 3344 erogandas
2555 3255 2630 3322 in

368 3386 403 3426 α
430 3383 669 3432 novum
710 3367 1054 3456 collegium
1096 3369 1558 3438 detrimentum
1613 3371 1962 3462 patiantur,
2007 3391 2146 3439 non
2191 3381 2416 3440 autem
2471 3371 2632 3440 aliis

364 3503 397 3544 α
424 3479 726 3550 ecclesiis.
776 3508 813 3549 1>
850 3483 1027 3554 ldem
1077 3486 1319 3555 indicat
1352 3487 1685 3556 decretum
1731 3485 2026 3575 Gregorii
2061 3485 2208 3555 XV.
2251 3483 2397 3555 Non
2445 3491 2625 3557 enim

348 3586 468 3657 alia
531 3586 776 3657 ferendi
828 3589 1025 3682 hujus
1062 3591 1301 3661 decreti
1351 3595 1514 3661 ratio
1551 3591 1896 3661 adducitur
1935 3613 2136 3682 quam
2173 3591 2350 3682 quod
2411 3619 2448 3660 u
2493 3613 2623 3662 non

362 3721 395 3762 α
421 3697 641 3776 habite
676 3702 889 3772 debita
927 3703 1483 3796 eleemosynarum
1527 3706 1967 3798 cujuscunque
2015 3703 2628 3795 monasterii,'con-

363 3838 401 3881 α
424 3829 657 3884 ventus
682 3840 797 3886 seu
829 3816 1063 3888 domus
1096 3822 1381 3903 ratione,
1406 3821 1720 3891 monachi
1755 3843 1870 3892 seu
1893 3822 2142 3911 fratres
2175 3834 2301 3889 aut
2329 3819 2632 3912 reliqiosi

354 3953 389 3994 α
416 3929 506 3999 ibi
532 3933 829 4024 degentes
857 3937 1265 4006 manuteneri
1292 3942 1642 4027 nequeant,
1663 3944 1728 4005 et
1759 3937 1842 4006 ad
1867 3942 2000 4005 tam
2037 3938 2352 4026 exiguum
2391 3957 2624 4005 nume-

350 4067 385 4110 «
412 4067 561 4114 rum
590 4051 999 4140 reducantur,
1026 4056 1099 4120 ut
1122 4052 1337 4122 cultus
1362 4053 1620 4122 divinus
1645 4052 1716 4122 in
1747 4075 1974 4122 eorum
1997 4051 2286 4121 ecclesiis
2315 4052 2619 4121 destitua-

354 4187 389 4228 α
418 4169 548 4251 tur,
576 4165 795 4256 ibique
820 4167 1146 4257 reqularis
1186 4167 1570 4258 disciplina,
1603 4174 1676 4237 ut
1711 4169 2038 4252 convenit,
2081 4167 2450 4238 conservari
2483 4187 2618 4236 non

352 4300 387 4338 (ι
414 4280 639 4350 valeat.
670 4307 705 4345 »
744 4281 838 4349 lbi
876 4283 955 4352 de
981 4285 1460 4376 parochialibus
1483 4307 1597 4354 seu
1619 4283 2038 4354 soecularibus
2061 4281 2348 4352 ecclesiis
2373 4283 2618 4351 mentio

344 4391 547 4462 nulla.
594 4395 929 4482 Praeterea,
973 4400 1269 4487 quemvis
1324 4401 1397 4468 in
1447 4402 1762 4490 prooemio
1813 4400 2052 4469 decreti
2102 4397 2381 4481 dicatur,
2433 4400 2618 4487 juxta
