2834 4959
334 312 457 369 396
910 314 1249 363 momnis
1297 314 1377 361 nl:
1421 312 1571 360 mitit
1611 310 2026 361 lineummu.

331 436 467 506 Deo
513 434 727 504 ullum
774 431 1145 501 dominium
1196 429 1321 499 sibi
1370 429 1730 521 acquirere.
1773 425 1960 497 Unde
1993 432 2204 497 totum
2241 433 2424 519 quod
2461 456 2626 526 prae-

332 550 515 630 stitit,
558 554 873 638 tanquam
920 546 1218 615 minister
1262 543 1752 614 communitatis
1778 541 1934 633 egit,
1975 546 2040 612 et
2091 542 2174 611 ad
2201 565 2460 618 meram
2505 552 2617 621 ad-

334 665 875 735 ministrationem
926 660 1281 731 reducitur.
1324 659 1409 729 Et
1453 662 1620 729 bene
1659 662 1892 729 notum
1915 664 2010 727 est
2031 658 2610 737 administrationis

332 787 514 851 actus
562 779 775 870 quoad
827 779 991 849 bona
1036 776 1415 868 temporalia
1457 774 1743 867 praestari
1789 794 1974 865 posse
2015 774 2215 845 etiam
2251 799 2288 845 a
2315 778 2604 870 religioso

335 896 641 988 professo,
690 892 987 987 quamvis
1026 892 1305 963 dominii
1348 891 1671 981 incapaci.
1712 888 2022 959 Remanet
2047 910 2202 981 ergo
2244 899 2318 961 ut
2353 895 2498 983 agri
2521 896 2610 965 sic

336 1011 544 1104 empti
586 1012 957 1081 dominium
984 1030 1207 1081 revera
1242 1010 1322 1078 sit
1350 1028 1546 1100 penes
1567 1005 2133 1093 communitatem,
2175 1014 2238 1076 et
2267 1009 2416 1078 ficte
2444 1010 2615 1079 dun-

338 1133 507 1195 taxat
549 1126 847 1215 religioso
891 1125 1244 1194 tribuatur.
1302 1122 1385 1190 Et
1423 1127 1629 1214 potest
1679 1120 2120 1192 communitas
2166 1122 2246 1191 de
2297 1145 2454 1214 agro
2507 1125 2616 1195 illo

341 1262 461 1333 pro
484 1240 753 1311 arbitrio
780 1242 1119 1333 disponere
1160 1239 1279 1329 (1),
1315 1238 1607 1329 (donare,
1653 1236 1838 1305 verbi
1879 1237 2108 1327 gratia,
2155 1237 2256 1305 vel
2282 1240 2608 1333 vendere),

336 1356 629 1448 jubendo
670 1356 877 1425 eidem
918 1354 1221 1445 religioso
1245 1355 1362 1445 qui
1382 1374 1727 1445 personam
1755 1353 2011 1422 domini
2036 1374 2255 1423 coram
2282 1355 2424 1446 lege
2453 1359 2610 1447 agit,

341 1477 417 1539 ut
442 1478 621 1541 actus
642 1470 723 1539 ad
746 1472 812 1539 id
835 1469 1099 1540 idoneos
1120 1476 1355 1540 exerat.
1384 1469 1560 1559 Ergo
1583 1490 1827 1557 revera,
1857 1450 2154 1559 quamvis
2177 1475 2612 1543 communitas

343 1608 381 1655 a
428 1585 569 1675 lege
622 1585 915 1657 soeculari
958 1585 1344 1655 decernatur
1384 1584 1664 1654 dominii
1707 1570 2004 1676 incapax,
2041 1590 2232 1676 potest
2255 1586 2604 1677 efficaciter

344 1700 717 1771 dominium
744 1702 1105 1793 acquirere.

432 1815 503 1885 ld
540 1817 731 1887 etiam
764 1818 967 1909 pote'st
1004 1816 1211 1887 licite.
1265 1814 1433 1885 Nam
1481 1815 1624 1885 ideo
1667 1813 1932 1885 illicitus
1971 1814 2466 1906 praetenderetur
2493 1818 2608 1887 ille

343 1938 575 2027 agendi
620 1939 877 2020 modus,
924 1938 1079 2029 quia
1118 1937 1481 2027 religiosus,
1509 1936 1656 2005 ficte
1699 1956 1897 2026 agens
1939 1956 2289 2027 personam
2339 1936 2610 2023 domini,

344 2054 664 2124 mendacii
709 2078 857 2125 reus
898 2054 1259 2125 censendus
1312 2055 1514 2139 foret3
1561 2054 1753 2143 cnjus
1795 2054 2042 2146 peccati
2085 2058 2288 2123 totam
2331 2076 2610 2124 commu·

344 2164 638 2245 nitatem,
695 2171 912 2255 utpote
974 2166 1059 2235 ad
1124 2164 1192 2232 id
1237 2186 1393 2235 eum
1441 2166 1890 2257 deputantem,
1947 2172 2315 2237 consortem
2362 2166 2610 2235 haberet

344 2280 408 2341 et
494 2274 906 2364 complicem.
995 2273 1195 2344 Porro
1268 2276 1362 2344 ibi
1436 2276 1704 2347 nullum
1759 2276 2105 2346 intervenit
2175 2275 2610 2345 mendacium.

344 2385 621 2456 Nullum
694 2390 871 2458 adest
952 2390 1366 2461 mendacium
1390 2443 1408 2475 ,
1471 2391 1732 2481 quando
1779 2412 1972 2461 nemo
2023 2388 2296 2459 fallitur.
2375 2389 2498 2461 Sed
2551 2392 2614 2459 in

347 2502 645 2593 praesenti
696 2522 847 2573 casu
900 2504 1289 2575 notorietatis
1344 2512 1439 2575 est
1497 2505 1801 2597 publicae,
1861 2505 2264 2595 religiosum,
2321 2507 2438 2597 qui
2487 2526 2615 2575 em·

345 2617 585 2706 ptionis
624 2619 1089 2693 venditionisve
1116 2628 1228 2691 aut
1254 2621 1499 2691 similes
1527 2627 1896 2692 con-tractus
1917 2642 2034 2692 suo
2071 2621 2346 2691 nomine
2371 2620 2510 2707 init,
2545 2622 2608 2689 id

346 2739 647 2822 praestare
672 2755 748 2804 ex
790 2738 1095 2808 mandato
1137 2738 1626 2809 communitatis
1675 2745 1738 2807 et
1774 2745 2088 2827 tanquam
2115 2740 2260 2829 ejus
2291 2738 2612 2822 minister3

348 2846 647 2941 hancque
674 2872 809 2921 esse
832 2854 1037 2945 ipsius
1066 2860 1354 2926 mentem
1380 2861 1443 2923 et
1470 2855 1930 2933 intentionem,
1974 2854 2404 2945 quantumvis
2449 2852 2620 2923 aliter

346 2966 576 3028 sonent
628 2962 928 3033 formulae
992 2965 1233 3053 quibus
1290 2965 1668 3052 subscribit,
1734 2970 1807 3033 ut
1881 2984 2016 3034 sese
2061 2962 2223 3055 legis
2267 2964 2620 3035 necessitati

346 3078 539 3165 aptet.
618 3075 791 3167 Ergo
854 3078 1109 3147 tandem
1166 3086 1369 3171 potest
1416 3087 1481 3149 et
1528 3080 1608 3149 de
1659 3081 1812 3171 jure
1855 3085 1924 3148 et
1967 3079 2050 3148 de
2109 3079 2274 3147 facto
2333 3079 2622 3170 religiosa

351 3191 787 3262 communitas
866 3192 1039 3263 hona
1108 3194 1487 3287 temporalia
1555 3194 1874 3287 possidere
1897 3246 1916 3283 ,
1999 3195 2300 3287 quamvis
2367 3192 2464 3261 lex
2499 3212 2620 3261 sae-

348 3300 583 3370 enlaris
631 3324 775 3375 eam
822 3308 1165 3399 cujuslibet
1191 3310 1608 3403 possessionis
1659 3331 1774 3381 seu
1812 3309 2086 3380 dominii
2137 3310 2506 3401 incapacem
2543 3306 2622 3377 de

352 3422 594 3485 cernat.

436 3530 521 3602 Et
558 3554 779 3605 revera
818 3535 1035 3625 hodie,
1078 3540 1147 3608 in
1206 3542 1417 3611 Gallia
1455 3546 1520 3612 et
1557 3541 1628 3611 in
1659 3541 1806 3611 aliis
1852 3540 2251 3632 regionibus,
2307 3540 2424 3611 ubi
2465 3540 2618 3609 reli-

348 3647 513 3737 giosi
536 3654 608 3720 ut
634 3650 789 3721 tales
824 3674 863 3721 a
887 3654 1031 3744 lege
1058 3656 1349 3727 saeculari
1372 3646 1509 3727 non
1541 3661 2010 3747 agnoscuntur,
2043 3657 2213 3727 bona
2251 3654 2620 3747 temporalia

346 3767 673 3855 possident
714 3772 1205 3843 communitates
1232 3774 1552 3865 religiosae
1599 3774 1900 3866 praedicto
1925 3774 2142 3844 modo.
2177 3772 2620 3843 Inscribantur

346 3902 583 3976 nempe
626 3884 739 3955 illa
784 3886 952 3956 bona
992 3888 1263 3959 nomine
1308 3890 1552 3981 aliquot
1618 3890 2067 3961 membrorum
2112 3886 2608 3960 communitatis.

348 3994 470 4065 Sed
513 4000 797 4093 religiosi
832 4002 953 4091 illi,
998 4004 1115 4096 qui
1158 4026 1379 4077 coram
1410 4006 1552 4095 lege
1589 4013 1934 4079 censentur
1959 4007 2279 4078 horumce
2307 4006 2612 4076 bonorum

413 4203 480 4263 (1)
520 4203 653 4255 Cum
678 4204 1012 4271 dependentia
1056 4214 1229 4265 tamen
1274 4224 1307 4264 a
1324 4224 1562 4278 supremo
1604 4213 1857 4265 honorum
1901 4214 2130 4263 omnium
2177 4210 2614 4263 ecclesiastieorum

308 4282 315 4291 '
350 4294 773 4360 administratore,
828 4302 879 4352 id
922 4307 1017 4364 est,
1055 4306 1279 4357 Romano
1308 4306 1574 4371 Pontifice5
1623 4306 1758 4370 quod
1795 4319 1998 4372 semper
2023 4306 2374 4371 supponimus,
2419 4296 2615 4365 quando

350 4386 703 4437 communitati
720 4386 997 4442 dominium
1029 4392 1313 4447 tribuimus.
