2834 4959
455 306 537 365 80
1008 314 1345 363 mern-us
1391 316 1473 363 nn
1506 314 1657 363 suns
1702 314 2120 363 mummia.

451 438 859 507 trimonium.
896 436 1266 529 Nititur-que
1308 437 1429 506 hae
1450 436 1725 518 ratione,
1768 436 1945 527 quod
1972 442 2247 529 potestas
2286 434 2543 503 ineundi
2587 454 2703 501 ma-

451 551 744 621 trimonii
789 552 945 621 adeo
999 553 1082 621 sit
1165 552 1507 639 naturalis,
1566 556 1630 619 et
1692 550 1773 619 ad
1826 572 2183 620 commune
2220 550 2485 618 -bonnm
2536 550 2701 615 totius

450 672 698 736 naturae
717 667 887 752 data,
927 673 1000 737 ut
1041 690 1174 737 non
1203 664 1601 736 admittenda
1642 666 1823 735 sitin
1856 666 2103 757 privato
2147 664 2415 733 homine
2470 670 2705 753 potestas

451 802 586 850 sose
607 783 724 851 illa
747 785 1020 853 omnino
1045 782 1378 883 privandi.
1409 782 1579 863 Quia
1604 800 1849 873 nempe
1860 784 1973 873 jus
2000 780 2295 849 ineundi
2342 778 2703 847 matrimonii

448 900 656 989 inagis
705 901 1038 971 ordinatur
1079 900 1157 969 ad
1197 898 1545 992 publicum
1574 900 1770 969 totius
1815 904 2065 967 natura
2108 900 2427 967 humanae
2446 896 2695 979 bonnm,

387 1009 403 1023 ’
445 1036 646 1105 quam
679 1016 762 1083 ad
811 1016 1072 1086 bonum·
1095 1014 1445 1085 individui.
1496 1012 1779 1083 Proinde
1814 1014 2091 1083 traditio·
2124 1034 2279 1105 quae
2322 1012 2395 1081 fit
2426 1012 2493 1079 in
2524 1008 2698 1077 emis-

445 1130 624 1199 sione
701 1136 998 1199 votorum
1079 1129 1437 1221 religionist,
1518 1122 1631 1221 p'er
1692 1152 1759 1198 se
1822 1130 2053 1215 solam,
2100 1137 2165 1199 et
2230 1128 2363 1198 nisi
2416 1125 2699 1195 accederet

445 1245 750 1315 Ecclesiae
793 1248 1163 1329 auctoritas,
1231 1268 1362 1315 non
1409 1252 1623 1337 posset
1678 1244 1997 1336 impedire
2038 1247 2203 1336 quin
2274 1244 2487 1314 adhuc
2526 1242 2696 1333 possi-

446 1360 596 1431 bilis
665 1362 825 1431 foret
881 1361 1139 1431 traditio
1225 1362 1520 1453 conjugi,
1594 1382 1713 1430 seu
1780 1366 2151 1431 contractus
2206 1356 2693 1430 matrimonialis.

453 1504 492 1543 a
517 1478 684 1547 Sunt
725 1479 906 1547 enim
955 1476 1218 1569 (inquit)
1269 1477 1372 1545 hae
1415 1476 1787 1547 traditiones
1840 1496 1954 1547 seu
2008 1476 2277 1547 vincula
2339 1476 2697 1544 diversarum

451 1619 490 1659 a
517 1594 876 1680 rationum,
919 1599 984 1663 et
1027 1594 1108 1661 ad
1135 1592 1471 1662 distinctos
1518 1592 1719 1678 fines3
1754 1613 1889 1663 non
1931 1598 2151 1662 tamen
2196 1598 2359 1663 sunt
2386 1588 2701 1661 formaliter

455 1734 492 1773 «
519 1710 976 1801 repugnantia,
1031 1728 1149 1777 nec
1193 1707 1275 1777 ad
1325 1708 1491 1778 fines
1526 1710 1879 1779 nonne-rios
1930 1708 2235 1777 tendunt.
2274 1706 2357 1777 Et
2382 1707 2545 1789 ideo,
2588 1702 2703 1769 sine

461 1824 920 1895 «adminiculo
959 1824 1155 1916 juris,
1194 1844 1406 1893 unum
1438 1844 1573 1893 non
1614 1823 1884 1915 impedit
1912 1828 1979 1891 et
1998 1823 2219 1893 irritat
2242 1822 2443 1893 aliud.
2499 1820 2583 1889 Eo
2620 1817 2701 1885 vel

451 1972 488 2012 α
515 1946 798 2015 maxime
843 1945 1018 2037 quod
1050 1950 1326 2037 potestas
1355 1942 1755 2019 matrimonii
1784 1943 2059 2013 ineundi
2098 1934 2239 2013 tain
2276 1950 2376 2013 est
2400 1937 2699 2019 naturalis,

455 2067 574 2129 «et
617 2060 696 2128 ad
755 2080 1105 2130 commune
1157 2060 1406 2127 bonum
1446 2061 1639 2129 totius
1688 2064 1935 2129 naturoe
1988 2059 2161 2143 data,
2214 2066 2291 2128 ut
2341 2059 2491 2129 licet
2536 2055 2701 2148 possit

453 2200 490 2239 α
513 2175 709 2242 homo
755 2174 889 2241 sola
936 2172 1270 2241 voluntate
1315 2192 1435 2240 sua
1474 2194 1543 2241 se
1580 2172 1869 2265 obligare
1922 2173 2056 2243 Deo
2088 2172 2172 2243 ad
2214 2194 2349 2243 non
2406 2171 2693 2241 utendum

455 2313 490 2353 α
518 2287 654 2375 illa,
713 2308 847 2355 non
897 2292 1114 2355 tamen
1161 2288 1454 2359 videatur
1488 2310 1669 2377 posse
1718 2311 1786 2358 se
1838 2291 2089 2381 privare
2152 2290 2268 2360 illa
2318 2290 2603 2371 omnino,
2651 2292 2701 2351 et

453 2428 488 2469 α
530 2402 890 2472 inhabilem
944 2424 1012 2471 se
1061 2402 1141 2471 ad
1203 2406 1693 2474 matrimonium
1761 2405 2028 2475 reddere
2079 2405 2221 2475 sola
2284 2426 2408 2476 sua
2488 2405 2701 2496 privata

451 2544 487 2585 α
507 2519 902 2602 auctoritate,
966 2517 1092 2587 nisi
1153 2522 1495 2591 auctoritas
1540 2518 1801 2611 publica
1860 2520 2242 2593 intercedat.
2294 2546 2331 2587 n
2388 2520 2577 2615 (Loco
2624 2518 2701 2585 ei·

441 2645 594 2723 tato,
624 2660 692 2707 n.
715 2638 810 2729 9.)
843 2637 1030 2720 Quod
1078 2639 1336 2709 traditio
1387 2639 1491 2709 sui
1518 2641 1749 2732 ipsuis,
1786 2660 1987 2731 quam
2016 2641 2367 2732 religiosus
2424 2644 2569 2714 tacit
2594 2638 2702 2709 ooo
2768 2646 2770 2649 ⁴

439 2760 502 2821 et
535 2752 863 2843 religioni,
913 2774 1028 2845 per
1079 2776 1146 2823 se
1175 2754 1378 2833 solam
1432 2776 1566 2824 non
1610 2754 1904 2824 excludat
1952 2756 2381 2829 traditionem
2434 2758 2697 2834 alteram,

438 2869 840 2938 matrimonii
886 2870 1390 2955 constitutivam,
1438 2869 1713 2939 ostendit
1750 2870 1993 2938 ibidem
2036 2869 2396 2945 Suaresius
2436 2868 2699 2962 exemplo

437 2988 788 3075 conjugati.
836 2982 894 3053 ls
936 3004 1196 3075 nempe,
1255 2987 1694 3054 consentiente
1750 2988 2053 3075 conjuge,
2106 2987 2186 3054 ad
2260 2990 2699 3080 professionem

437 3099 801 3189 religiosam
850 3100 1105 3169 admitti
1151 3106 1395 3192 potest3
1424 3122 1565 3193 „nec
1603 3108 1840 3171 ‘tamen
1888 3122 2001 3192 per
2041 3110 2187 3171 vota
2246 3106 2465 3197 ipsius
2500 3103 2706 3172 solem-

439 3208 546 3277 nia
597 3212 868 3279 solvitur
912 3210 1250 3280 vinculum
1295 3211 1794 3282 matrimoniale.
1846 3211 2043 3299 Hinc,
2118 3216 2385 3287 secluso
2431 3208 2702 3286 Eccloeiae

435 3322 710 3410 decreto,
769 3328 1079 3417 professos
1119 3325 1200 3396 ad
1269 3329 1761 3399 matrimonium
1812 3331 2349 3403 contrahendum
2411 3328 2701 3403 inhabili-

437 3444 631 3523 tante,
693 3440 816 3530 ipsi
870 3442 1135 3532 professi
1200 3463 1343 3513 non·
1381 3451 1634 3535 possent
1692 3466 1811 3537 per
1866 3442 1971 3515 sui
2021 3448 2229 3539 ipsius
2284 3448 2701 3525 traditionem,

435 3553 848 3642 quantumvis
883 3556 1241 3625 absolutam
1291 3564 1354 3628 et
1393 3580 1433 3627 a
1469 3558 1743 3630 Praelato
1778 3560 2115 3652 religionis
2154 3566 2443 3634 nomine
2476 3564 2591 3633 Dei
2618 3578 2707 3629 ac-

431 3676 778 3759 ceptatam,
808 3690 942 3740 sese
991 3670 1308 3742 inhabiles
1335 3672 1629 3746 reddere.
