2834 4959
368 328 494 389 456
936 334 1279 385 meru-us
1326 334 1405 383 nt
1449 334 1602 383 sm
1639 332 2060 386 menmium.

358 456 553 541 Nam,
580 462 867 548 utsupra
892 454 1337 547 probavimus,
1370 459 1642 546 possunt
1673 454 1744 523 in
1769 452 1982 525 Gallia
2001 452 2314 546 religiosi,
2335 461 2662 550 quamvis

360 582 431 645 ut
456 575 615 643 tales
640 573 835 663 alege
880 592 1014 643 non
1060 573 1293 661 agniti,
1336 570 1506 641 bona
1547 570 1914 641 immobilia
1939 574 2010 641 in
2049 577 2378 645 communi
2419 576 2656 666 posei-

356 686 511 755 dere
546 708 563 754 :
614 687 903 757 curando
946 708 1181 779 nempe
1208 694 1284 757 ut
1310 687 1422 756 iila
1453 687 1619 756 bona
1649 688 2092 759 inscribantur
2109 690 2240 757 sub
2265 690 2648 781 aliquorum

356 797 845 868 com-munitatis
900 798 1349 867 membrorum
1392 798 1686 881 nomine,
1746 798 1835 866 ita
1879 804 1954 867 ut
1999 798 2120 867 ista
2167 800 2454 869 membra
2479 821 2650 891 pou-

358 932 631 981 seasores
654 918 721 981 et
754 912 1001 981 domini
1026 932 1257 981 coram
1304 911 1446 1002 lege
1481 919 1894 983 censeantur.
1961 910 2079 982 nis
2121 932 2296 1003 ergo.
2321 915 2652 987 membris

358 1026 771 1098 donationem
812 1027 1069 1097 civilem
1118 1027 1321 1097 tacere
1365 1023 1570 1118 potest
1635 1025 1979 1119 religiosus
2025 1025 2400 1114 legatarius·
2437 1028 2650 1119 Ejus-

357 1140 536 1212 modi
558 1146 777 1211 autem
802 1142 1025 1212 civiles
1072 1148 1250 1213 actus
1277 1148 1430 1213 sunt
1481 1141 1758 1211 omnino
1801 1140 2248 1231 compatibilae
2293 1164 2447 1215 cum
2501 1148 2648 1217 voti

358 1255 757 1330 solemnitate
806 1264 873 1327 et
920 1258 1201 1327 dominii
1238 1259 1690 1349 incapacitate;
1735 1256 2062 1348 siquidem
2103 1278 2226 1327 nec
2257 1266 2413 1328 sunt
2463 1261 2538 1329 in
2567 1282 2646 1333 se

358 1368 495 1441 veri
546 1379 727 1441 aetus
752 1372 1051 1456 dominii,
1086 1394 1208 1443 nec
1230 1380 1303 1443 ut
1330 1373 1486 1443 tales
1527 1395 1566 1443 a
1592 1373 1892 1464 religioso
1930 1372 2240 1463 legatario
2279 1374 2646 1446 intendun-

356 1492 497 1569 tur;
540 1486 651 1557 sed
706 1487 789 1557 ab
838 1490 979 1579 ipso
1032 1496 1405 1559 exercentur
1467 1496 1776 1579 tanquam
1843 1508 2039 1559 merae
2089 1488 2524 1573 formalitates,
2559 1491 2644 1561 in

356 1586 539 1671 bunc
588 1602 818 1691 finem,
874 1610 945 1673 ut
994 1604 1463 1686 communitas,
1505 1602 1680 1691 quod
1733 1622 1932 1673 suum
1983 1611 2102 1686 est,
2141 1602 2636 1694 apprehendere

356 1718 579 1787 valeat.
642 1718 715 1787 in
748 1720 875 1789 boc
924 1727 1139 1791 tamen
1182 1740 1337 1789 casu
1385 1718 1776 1809 quandoque
1801 1718 2092 1789 accidere
2143 1725 2343 1809 posset
2373 1724 2470 1805 ut,
2497 1718 2632 1787 de·

354 1832 577 1903 iuncto
616 1835 915 1924 religioso
978 1837 1094 1926 qui
1150 1838 1319 1905 bona
1370 1833 1734 1903 immobilia
1789 1837 1884 1903 sic
1941 1832 2088 1903 aliis
2143 1834 2634 1903 communitatis

362 1970 535 2021 mem
543 1951 677 2019 bris
704 1950 990 2041 donavit,
1010 1954 1150 2043 eJus
1176 1950 1642 2040 consanguinei
1673 1950 1996 2019 actionem
2051 1948 2366 2018 nuilitatis
2415 1950 2634 2019 inten-

358 2070 568 2135 tarent
600 2073 824 2135 contra
854 2067 1037 2135 illam
1066 2066 1514 2153 donationem,
1545 2068 1764 2155 utpote
1796 2065 2054 2145 tactam,
2087 2084 2224 2133 non
2251 2063 2630 2151 donatariis,

357 2179 467 2249 sed
526 2182 1001 2249 communitati.
1052 2180 1132 2248 Et
1182 2186 1341 2250 tunc
1410 2186 1794 2274 cogerentur
1841 2180 2164 2249 donatarii
2198 2178 2634 2270 juleiumndo

356 2291 703 2378 declarate,
748 2315 829 2363 an
882 2316 1003 2387 pro
1044 2316 1136 2381 se,
1166 2316 1251 2364 an
1310 2318 1463 2366 vero
1517 2317 1634 2387 pro
1685 2296 2150 2366 communitate
2214 2294 2636 2364 donationem

352 2406 858 2501 acceptaverint:
889 2411 1069 2479 etsie
1092 2410 1446 2503 aliquando
1477 2412 1634 2481 torte
1651 2410 1794 2481 fieri
1823 2416 2056 2502 posset,
2089 2417 2164 2481 ut
2189 2410 2636 2479 communitas

354 2522 573 2613 aliquo
634 2526 953 2615 ejusmodi
1014 2526 1219 2616 legato
1266 2526 1668 2617 spoliaretur.
1727 2524 1853 2597 Sed
1901 2525 2200 2617 spoliatio
2244 2524 2388 2593 haee
2425 2523 2632 2615 gratis

350 2636 743 2727 objiceretur
766 2647 1077 2732 tanquam
1100 2643 1314 2733 gravis
1334 2642 1706 2727 difficultas,
1729 2662 1808 2711 ex
1828 2662 1968 2732 qua
1989 2638 2508 2711 concludendum
2537 2640 2628 2709 sit

354 2756 579 2823 votum
606 2756 892 2825 solemne
918 2779 1051 2827 non
1090 2778 1227 2828 esse
1272 2758 1353 2829 de
1402 2778 1475 2827 re
1517 2756 1796 2827 meliori.
1829 2754 1917 2826 Ut
1943 2762 2156 2826 tamen
2194 2760 2628 2847 praecaveatur

354 2869 673 2959 ejusmodi
702 2874 1183 2955 inconveniens,
1218 2877 1389 2964 patet
1404 2872 1602 2943 altera
1629 2874 1758 2958 via,
1781 2874 1922 2962 jam
1941 2870 2250 2959 indicata,
2271 2870 2619 2956 nimirum,

352 2989 427 3053 ut
452 2983 621 3055 bona
656 2987 1017 3056 immobilia
1056 2988 1125 3057 in
1176 2988 1522 3080 pecuniam
1567 2988 1816 3077 redigat
1862 2986 2202 3077 religiosus
2253 2984 2618 3076 legatarius.

350 3092 521 3186 Ειῃο
542 3099 769 3191 primo
816 3098 1077 3191 quando
1128 3101 1568 3171 communitas
1617 3122 1750 3171 non
1805 3110 1900 3171 est
1935 3124 1976 3169 a
2027 3100 2348 3191 gubernio
2375 3102 2618 3191 agnita,

349 3234 463 3283 seu
526 3216 974 3313 authorisata,
1008 3222 1081 3287 ut
1104 3217 1309 3305 aiunt,
1356 3217 1624 3287 devitari
1679 3225 1943 3309 possunt
1985 3216 2416 3298 difficultates,
2451 3214 2614 3305 quin

349 3328 601 3395 amittat
624 3329 831 3419 legata
856 3332 1167 3401 membris
1206 3332 1341 3401 suis
1376 3331 1808 3403 obvenientia.

436 3442 755 3533 Secundo,
806 3448 862 3515 si
930 3449 1363 3517 communitas
1410 3453 1485 3515 ut
1545 3447 1686 3517 tatis
1727 3470 1766 3516 a
1829 3448 2156 3538 gubernio
2199 3454 2610 3537 agnoscatur,

348 3560 649 3651 equidem
700 3562 1000 3651 probibet
1050 3562 1148 3631 lex
1194 3584 1277 3633 ne
1326 3562 1669 3653 religiosus
1723 3562 1889 3633 ultra
1937 3571 2239 3654 quartam
2295 3565 2610 3635 bonorum

346 3696 617 3745 suorum
664 3682 907 3767 partem
952 3678 1403 3747 communitati
1455 3685 1570 3747 aut
1595 3678 1791 3749 alicui
1831 3680 2036 3772 ipsius
2093 3678 2393 3750 membro
2427 3680 2612 3751 donet

344 3788 495 3878 (nisi
542 3798 755 3859 tamen
808 3789 977 3859 bona
1018 3791 1129 3861 ilia
1170 3791 1393 3863 decem
1427 3793 1634 3863 miliia
1667 3792 2046 3865 francorum
2089 3816 2222 3864 non
2267 3794 2598 3871 exendum

342 3925 475 3994 quo
516 3928 663 3976 casu
706 3910 929 3976 omnia
974 3909 1145 3977 bona
1176 3930 1321 3996 sua,
1358 3910 1770 4000 permittente
1807 3908 1974 4000 lege,
2023 3909 2476 3979 communitati
2499 3910 2601 3975 aut*

336 4019 527 4090 aiicui
578 4024 782 4113 ipsius
825 4022 1120 4093 membro
1172 4023 1327 4093 dare
1380 4022 1626 4115 potest).
1685 4024 1888 4095 Porro
1952 4047 2082 4101 non
2157 4025 2442 4095 obstante
2477 4022 2590 4089 hac

335 4133 477 4225 lege
518 4136 705 4207 facile
726 4138 865 4207 toiii
896 4144 1162 4228 possunt
1192 4138 1622 4209 difficultates.
1656 4140 1997 4231 Imprimis
2019 4143 2202 4211 enim
2227 4162 2365 4211 non
2407 4132 2596 4207 aderit

178 4344 189 4355 .
332 4250 701 4332 difficultas,
728 4254 783 4321 si
828 4254 1265 4323 communitas
1308 4253 1578 4345 recipiat
1607 4260 1860 4323 tantum
1913 4262 2216 4345 quartam
2257 4255 2436 4325 iilam
2461 4268 2598 4342 par-

334 4372 491 4447 tem,
542 4384 581 4432 a
614 4365 759 4453 lege
806 4370 1213 4456 permissam,
1244 4376 1309 4438 et
1370 4374 1500 4439 tres
1551 4368 1705 4441 alias
1747 4380 1956 4461 partes
2003 4369 2176 4461 (quae
2227 4370 2460 4461 pariter
2517 4360 2590 4433 ad
