2834 4959
1151 353 1304 402 PARS
1347 355 1587 404 TERTIA.
2388 359 2509 416 379

217 475 350 544 bus
401 479 468 544 et
507 469 875 564 privilegiis
939 476 1166 562 praeter
1236 475 1348 563 jus
1395 475 1467 544 in
1526 474 1699 546 bona
1748 478 2041 569 ipsorum
2102 485 2507 572 temporalia,

211 613 374 684 quae
415 587 890 660 alienabantur.
923 585 1112 657 Nihil
1155 588 1437 659 enimin
1498 591 1580 661 iis
1625 594 1919 664 articulis
1950 596 2299 688 reperitur,
2336 599 2513 688 quod
2650 594 2653 602 ’

215 706 631 798 regularium
646 705 802 795 jura
825 708 1195 785 concernat,
1221 710 1455 796 praeter
1481 705 1663 776 illam
1682 709 2009 780 bonorum
2028 711 2504 782 alienationem.
2526 719 2531 724 ’

217 823 430 913 Ergo,
459 825 722 912 excepta
744 818 868 886 hac
913 817 1328 907 alienatione,
1365 826 1593 890 coetera
1627 823 2033 913 regularium
2071 827 2226 916 jura
2261 834 2325 898 et
2376 831 2514 920 pri-

133 975 160 990 =
226 939 494 1028 vilegia,
536 936 616 1006 de
666 935 748 1004 iis
787 938 968 1016 sunt,
1031 935 1270 1025 quibus
1326 934 1617 1006 Pontifex
1676 960 1811 1010 non
1877 942 2230 1032 derogavit,
2294 951 2512 1036 utpote

232 1071 526 1144 quorum
563 1049 884 1120 revocatio
926 1051 1284 1120 necessaria
1327 1071 1463 1120 non
1500 1059 1637 1123 erat
1662 1051 1759 1122 ad
1776 1055 2087 1147 effectum
2122 1059 2509 1150 praemisso-

235 1189 402 1236 rum
410 1190 440 1250 ;
467 1187 542 1236 ac
565 1164 832 1258 proinde
851 1165 1004 1255 jura
1029 1165 1168 1236 haec
1207 1171 1271 1234 et
1305 1167 1647 1259 privilegia
1686 1170 1766 1239 de
1808 1171 1889 1240 iis
1940 1177 2116 1256 sunt,
2167 1195 2311 1264 quae
2339 1175 2510 1244 idem

241 1281 544 1352 Pontifex
563 1281 906 1350 declaravit
927 1280 1000 1350 in
1025 1303 1146 1350 suo
1168 1281 1401 1352 robore
1417 1307 1880 1376 permansura.

331 1396 664 1466 Probatur
703 1396 774 1464 2⁰
815 1417 900 1464 ex
946 1395 1190 1466 litteris
1232 1398 1632 1489 quibusdam
1676 1403 2133 1494 procuratoris
2178 1403 2514 1494 qenerolis

241 1506 784 1578 Carmelitarum.
813 1545 900 1562 -
925 1507 1327 1579 Dubitabant
1351 1511 1578 1582 vicarii
1604 1512 1989 1604 capitulares
2031 1512 2509 1602 Gandavenses,

229 1625 382 1694 sede
443 1631 736 1708 vacante,
791 1647 960 1695 num
1027 1625 1455 1718 indulgentiae
1506 1631 1717 1698 ordini
1778 1629 2276 1701 Carmelitarum
2348 1652 2511 1710 con-2

231 1761 456 1826 cessae,
513 1747 662 1830 post
709 1739 1166 1831 religiosorum
1221 1749 1663 1814 conventuum
1711 1744 2241 1832 destructionem,
2300 1746 2516 1816 adhuc

231 1861 739 1947 perseverarent.
791 1854 1092 1926 Dubium
1139 1858 1266 1928 hoc
1319 1857 1763 1950 superioribus
1802 1859 1941 1928 suis
1990 1859 2267 1928 Romam
2296 1867 2513 1930 trans-

238 1967 430 2035 misit
501 1965 902 2038 Reverendus
968 1968 1156 2039 Pater
1232 1969 1653 2060 provincialis
1719 1969 2222 2040 Carmelitarum
2278 1969 2509 2058 Belgii.

237 2079 398 2151 Erat
445 2087 662 2152 autem
713 2085 953 2154 tenoris
1004 2084 1458 2175 hujuscemodi
1500 2107 1521 2152 ε
1582 2110 1620 2151 κ
1675 2083 1967 2154 Dubium
2024 2083 2238 2174 quoad
2287 2082 2516 2152 indul-

239 2221 278 2264 «
301 2199 554 2288 gentias
587 2197 819 2269 Ordini
867 2208 1084 2270 nostro
1123 2221 1429 2286 annexas,
1472 2201 1824 2272 reverendo
1851 2199 2025 2271 Patri
2052 2199 2209 2270 Eliae
2258 2221 2297 2268 a
2352 2197 2515 2268 San-

243 2335 280 2380 α
303 2318 406 2382 cta
431 2311 660 2401 Maria,
701 2313 982 2384 ecclesiae
1027 2320 1258 2384 nostrae
1297 2313 1737 2386 Gandavensis
1768 2314 2028 2398 rectori,
2066 2316 2149 2385 ab
2181 2314 2513 2406 amplissi-

243 2451 280 2494 α
303 2427 446 2496 mis
467 2427 752 2498 dominis
775 2429 1032 2498 vicariis
1059 2429 1522 2520 capitularibus
1556 2431 1845 2502 dioecesis
1871 2429 2337 2518 Gandavensis,
2366 2428 2516 2500 sede
2646 2485 2653 2491 .

248 2571 284 2616 a
317 2554 605 2637 vacante,
650 2549 1050 2640 propositum
1079 2573 1096 2618 ε
1137 2587 1230 2602 --
1255 2550 1363 2618 An
1397 2571 1627 2619 omnes
1680 2551 1822 2620 istae
1864 2550 2316 2640 indulgentiae,
2372 2553 2515 2640 post

243 2689 286 2730 a
311 2669 448 2732 tam
496 2664 878 2734 diuturnam
899 2670 964 2734 et
993 2670 1332 2734 cruentam
1353 2662 1685 2732 variorum
1712 2664 2169 2752 religiosorum
2220 2681 2515 2733 conven-
2564 2731 2571 2736 .

253 2801 292 2843 a
316 2783 509 2846 tuum
569 2779 1091 2867 devastationem,
1153 2785 1344 2868 atque
1409 2775 1715 2846 Ecclesiae
1797 2778 2336 2864 persecutionem,
2398 2795 2508 2862 an,

249 2893 608 2984 «inquam,
691 2913 918 2963 omnes
982 2895 1120 2964 istae
1185 2890 1613 2980 indulgentiae
1672 2888 1858 2980 (quas
1932 2909 2139 2977 usque
2198 2907 2505 2976 praesens,
2624 2885 2633 2892 “

247 3031 283 3075 α
313 3007 476 3080 citra
505 3009 640 3080 ulla
669 3031 742 3080 ex
765 3015 946 3102 parte
979 3008 1286 3092 dubium,
1313 3006 1621 3077 omnibus
1646 3002 1889 3075 Christi
1914 3001 2213 3072 fidelibus
2256 3001 2517 3070 lucran-

249 3149 286 3192 α
307 3125 584 3196 orandas
627 3124 1162 3236 publicavimus),
1199 3145 1286 3192 an
1338 3124 1557 3193 adhuc
1602 3141 1771 3190 verae
1810 3123 1965 3210 sint,
2022 3123 2087 3188 et
2124 3137 2161 3186 a
2206 3123 2382 3208 parte
2424 3118 2519 3186 rei

244 3271 286 3313 ι
307 3245 666 3316 subsistant
683 3246 718 3315 ⁶?
744 3271 780 3313 »

333 3361 452 3433 Die
487 3362 568 3432 3¹
645 3361 903 3452 augusti
968 3363 1137 3432 1822
1205 3365 1584 3456 procurator
1634 3356 1957 3448 generalis
2020 3351 2523 3426 carmelitarum

245 3476 578 3567 respondit
627 3475 698 3545 in
752 3477 936 3546 hunc
979 3475 1299 3545 modum:
1366 3496 1401 3541 ι(
1458 3470 1829 3542 Reverendo
1884 3470 2246 3540 admodum
2298 3469 2370 3537 Ρ.
2439 3465 2517 3536 F.

251 3614 290 3657 α
316 3587 653 3662 Melcbiori
677 3612 716 3661 a
766 3591 998 3662 Sancta
1037 3589 1266 3674 Maria,
1333 3587 1701 3659 Carmelilae
1742 3585 2151 3670 discalceato,
2182 3581 2402 3674 Ypris.
2433 3617 2524 3632 -

247 3727 286 3770 a
316 3701 698 3773 Admodum
737 3701 1107 3774 Reverende
1134 3700 1344 3785 Pater,
1374 3736 1464 3753 -
1498 3697 1835 3790 Epitomen
1864 3717 1985 3788 ego
2012 3692 2245 3782 collegi
2294 3690 2521 3760 indul-

253 3841 290 3880 α
315 3822 682 3908 gentiamm
727 3819 993 3889 Ordinis
1041 3819 1270 3905 nostri,
1321 3815 1487 3884 nulli
1522 3836 1795 3906 parcens
1828 3811 2039 3884 labori
2083 3816 2197 3879 aut
2242 3808 2522 3898 diligen·

253 3957 292 3998 α
319 3933 446 4013 tiae,
504 3943 577 4004 ut
639 3957 866 4007 earum
921 3932 1473 4006 authenticitatem
1534 3938 1599 4000 et
1652 3933 2173 4022 perseverantem
2244 3922 2522 3994 existen-

247 4071 286 4112 α
311 4048 470 4118 tiam
529 4055 813 4120 testarer.
865 4049 1266 4120 Vetustiores
1307 4051 1525 4116 autem
1574 4046 1895 4135 planeque
1948 4047 2105 4112 sunt
2130 4061 2249 4128 eae,
2316 4038 2523 4108 Beatae

251 4185 286 4228 α
313 4161 616 4253 Virginis
662 4165 760 4244 de,
783 4163 997 4236 Monte
1051 4160 1374 4244 Carmelo,
1428 4159 1633 4230 sancti
1677 4158 1939 4250 Joseph,
2003 4156 2209 4227 sancti
2257 4153 2521 4245 Angeli,

248 4301 287 4342 α
314 4281 524 4350 sancti
561 4280 844 4350 Andreae
879 4278 1160 4368 Corsini,
1193 4277 1396 4348 sancti
1432 4275 1711 4364 Alberti,
1744 4279 1983 4343 sanctae
2012 4270 2233 4344 Mariae
2261 4269 2525 4361 Magda-

247 4417 286 4458 ι
311 4391 478 4464 lenae
525 4393 610 4466 de
663 4395 847 4467 Pazzi
868 4449 889 4485 ‚
948 4399 1178 4466 sanctae
1243 4392 1467 4464 Matris
1517 4397 1751 4463 nostrae
1807 4388 2155 4460 Theresiae.
2229 4388 2337 4458 An
2388 4411 2521 4464 non
2632 4435 2641 4447 -

1436 4749 1501 4782 0·
