2834 4959
1068 365 1219 414 rans
1244 367 1556 416 saeuum.
2329 365 2454 425 229

192 492 338 560 dum
384 486 649 556 vivendi
706 506 876 554 cum·
909 485 1115 555 tribus
1168 489 1334 556 votis
1382 491 1734 580 perpetuis,
1791 496 1854 558 et
1897 511 2048 559 vera
2095 492 2462 586 incorpora-

188 607 345 676 tione
396 601 693 672 voventis
732 601 803 668 in
853 605 1420 691 congregationem
1470 627 1616 694 quae
1670 627 1822 674 eum
1867 608 2122 699 recipit,
2181 631 2219 679 a
2273 613 2466 684 modo

188 720 437 790 vivendi
506 719 755 810 absque
814 717 977 786 votis
1042 718 1576 790 substantialibus
1639 723 1984 814 perpetuis,
2045 726 2138 794 sic
2193 727 2386 798 habet
2443 754 2462 798 :

194 863 231 904 α
254 837 419 906 Dico
464 856 651 924 erg0,
708 833 971 924 quando
1024 835 1258 904 modus
1312 837 1572 906 vivendi
1621 844 1714 906 est
1773 839 2005 928 prioris
2057 843 2336 932 generis,
2395 867 2470 914 eo

202 978 239 1018 α
269 953 411 1044 ipso
454 950 622 1040 quod
666 947 1063 1040 approbatur
1108 957 1184 1018 ut
1228 960 1489 1020 sanct-us
1529 961 1593 1022 et
1637 953 1967 1037 honestus,
2020 965 2080 1025 et
2131 959 2316 1028 datur
2369 960 2470 1030 fa-

204 1093 245 1132 «ι
274 1067 471 1137 cultas
514 1063 851 1133 emittendi
896 1070 960 1132 et
1002 1067 1377 1156 acceptandi
1431 1066 1500 1134 in
1559 1067 1672 1136 illo
1729 1069 1855 1139 tria
1901 1051 2072 1156 vota,
2127 1073 2474 1164 approbari

211 1209 245 1249 a
274 1188 349 1250 ut
378 1182 455 1248 sit
484 1201 677 1248 verus
710 1177 1045 1268 religionis
1082 1185 1307 1269 status,
1352 1203 1472 1249 nec
1513 1203 1694 1272 posse
1735 1205 1946 1252 unum
1993 1185 2076 1254 ab
2118 1189 2244 1258 alio
2291 1211 2474 1282 sepa-

208 1325 245 1362 «
278 1296 435 1381 rari3
464 1317 539 1363 ac
572 1294 849 1364 subinde
876 1315 1009 1363 non
1038 1317 1175 1365 esse
1204 1299 1638 1366 necessarium
1667 1306 1744 1366 ut
1785 1301 2160 1398 approbatio
2197 1307 2281 1373 sit
2321 1325 2476 1376 cum

210 1439 245 1478 α
278 1414 383 1480 illa
418 1410 849 1493 formalitate3
884 1411 995 1479 sed
1037 1413 1185 1482 satis
1224 1435 1361 1482 esse
1406 1416 1581 1504 quod
1627 1417 2009 1506 simpliciter
2056 1421 2470 1510 approbetur,

206 1557 241 1593 a
268 1537 335 1596 ut
378 1525 711 1596 introduci
758 1531 821 1594 et
861 1547 995 1596 esse
1044 1528 1261 1619 possit.
1318 1529 1506 1600 Ratio
1555 1538 1670 1617 est,
1726 1534 1880 1623 quia
1923 1535 2324 1624 impossibile
2377 1545 2476 1606 est

202 1673 231 1710 ι(
256 1643 623 1737 approbare
658 1642 929 1710 modum
973 1641 1233 1712 vivendi
1279 1644 1347 1712 in
1394 1647 1860 1716 communitate
1895 1649 2218 1737 religiosa,
2255 1658 2319 1720 et
2349 1651 2478 1720 ha-

202 1787 231 1826 «
258 1763 525 1830 bentem
582 1761 805 1827 omnia
848 1779 993 1848 quae
1047 1761 1305 1850 (praeter
1359 1761 1912 1851 approbationem)
1979 1772 2128 1831 sunt
2186 1765 2264 1832 de
2319 1768 2477 1836 sub-

200 1905 235 1942 «
260 1877 495 1946 stantia
536 1873 873 1964 religionis
920 1896 1002 1944 ac
1040 1875 1327 1964 religiosi
1370 1879 1593 1961 status,
1637 1883 1699 1944 et
1742 1899 1874 1946 non
1903 1879 2262 1968 approbare
2289 1881 2480 1950 illum

210 2019 244 2056 α
270 2004 349 2060 ut
382 1992 475 2059 sit
500 2013 657 2058 vera
686 2004 751 2059 et
789 1993 1075 2083 propria
1102 1991 1359 2082 reliin,
1396 1992 1649 2088 etiamsi
1691 1993 1760 2060 in
1805 1993 2262 2083 approbatione
2313 1996 2474 2087 ipsa,

206 2134 237 2172 α
262 2129 377 2176 seu
410 2109 483 2174 in
512 2107 763 2197 objecto
790 2109 956 2197 ejus,
990 2108 1113 2176 hoc
1144 2107 1500 2174 formaliter
1530 2127 1662 2174 non
1696 2107 2117 2196 exprimatur.
2164 2107 2480 2182 Probatur

202 2250 235 2288 «
261 2229 723 2313 assumptum:
767 2221 921 2311 quia
968 2223 1039 2290 in
1084 2223 1275 2291 rebus
1314 2221 1718 2291 naturalibus
1763 2222 2158 2314 impossibile
2205 2231 2296 2292 est
2336 2245 2481 2295 rem

204 2369 235 2406 «
260 2339 503 2408 habere
562 2337 783 2406 omnia
845 2359 991 2427 quae
1046 2344 1198 2406 sunt
1248 2338 1325 2406 de
1376 2338 1734 2408 substantia
1791 2339 1928 2408 talis
1983 2339 2218 2429 speciei
2276 2339 2482 2430 (verbi

200 2456 471 2545 «gratia
514 2452 856 2543 hominis),
902 2459 966 2522 et
1012 2474 1145 2522 non
1193 2475 1329 2522 esse
1361 2476 1593 2522 verum
1639 2453 1998 2524 hominem.
2053 2453 2136 2523 Et
2179 2456 2250 2524 in
2283 2457 2484 2525 artifi-

204 2597 241 2636 α
270 2571 547 2640 cialibus
588 2590 722 2638 non
768 2573 971 2659 potest
1014 2569 1259 2660 aliquid
1292 2569 1528 2637 habere
1566 2569 1886 2659 quidquid
1923 2576 2019 2639 est
2059 2571 2139 2639 de
2185 2572 2482 2643 substan-

212 2714 249 2750 «
276 2687 369 2753 tia
419 2707 535 2754 seu
599 2685 845 2754 ratione
902 2685 1161 2774 domus,
1226 2683 1477 2754 et‘non
1541 2705 1676 2752 esse
1733 2685 2087 2754 domum...
2151 2686 2260 2754 Sic
2327 2710 2481 2778 ergo

216 2827 255 2864 α
282 2795 675 2890 impossibile
710 2806 807 2868 est
851 2799 1137 2888 aliquam
1180 2799 1745 2888 congregationem
1790 2796 2026 2866 habere
2069 2799 2290 2866 omnia
2333 2823 2482 2888 quae

216 2939 255 2980 ι(
282 2919 439 2981 sunt
476 2913 555 2982 de
596 2911 953 2982 substantia
994 2912 1349 3003 religionis,
1397 2918 1460 2979 et
1505 2933 1639 2980 non
1675 2931 1808 2979 esse
1852 2908 2256 2998 religionem.
2309 2909 2482 3000 Ergo

210 3055 251 3096 α
278 3029 335 3098 si
372 3029 513 3096 talis
549 3030 957 3118 congregatio
1005 3028 1401 3120 approbatur
1439 3026 1816 3118 simpliciter
1847 3047 2002 3096 cum
2043 3031 2174 3093 toto
2221 3047 2336 3095 suo
2379 3029 2482 3096 vi-

209 3169 245 3208 «
270 3142 465 3210 vendi
516 3141 739 3226 mod0,
790 3140 1183 3231 impossibile
1234 3148 1329 3210 est
1374 3138 1716 3231 approbari
1765 3145 1839 3207 ut
1883 3144 1978 3208 est
2026 3138 2172 3206 talis
2219 3138 2482 3207 vivendi

212 3281 251 3322 a
276 3258 537 3342 modus,
591 3263 655 3325 et
708 3279 843 3328 non
892 3259 963 3326 in
1019 3278 1151 3326 esse
1204 3278 1373 3325 verae
1427 3255 1788 3346 religionis,
1845 3279 1882 3319 »
1946 3254 2068 3344 (De
2117 3253 2476 3346 Reliqione,

206 3381 385 3442 tomo
414 3372 481 3454 3,
511 3373 558 3440 l.
594 3373 666 3460 2,
697 3394 757 3442 c.
802 3371 909 3456 16,
943 3394 1011 3439 n.
1054 3371 1191 3462 19.)

114 3493 141 3532 ¹¹
294 3490 463 3559 Illud
504 3489 790 3559 Suaresii
826 3488 1239 3558 ratiocinium
1282 3489 1500 3554 visum
1546 3492 1638 3555 est
1673 3484 1943 3554 omnino
1971 3477 2486 3577 'peremptorium

194 3606 489 3676 Antonio
520 3627 557 3674 a
586 3602 823 3674 Sancto
850 3603 1097 3695 Spiritu
1140 3628 1159 3672 z
1204 3628 1239 3668 α
1272 3601 1358 3672 Ut
1390 3602 1626 3692 aliquis
1658 3598 1916 3671 vivendi
1951 3601 2208 3682 modus,
2243 3599 2482 3686 inquit,

204 3751 241 3788 «
273 3745 435 3792 cum
482 3741 643 3789 vera
688 3710 939 3790 unione
982 3726 1046 3788 et
1089 3718 1606 3809 incorporatione
1652 3738 1768 3808 per
1813 3715 1935 3784 tria
1977 3721 2122 3784 vota
2169 3713 2486 3804 simplicia

212 3863 255 3904 α
278 3839 361 3906 de
400 3857 469 3904 se
498 3841 837 3928 perpetua,
878 3836 963 3904 sit
1006 3855 1159 3904 vera
1204 3835 1461 3922 religia,
1509 3853 1643 3900 non
1687 3831 2044 3923 requiritur
2078 3835 2151 3899 ut
2196 3847 2486 3919 expresse

206 3979 249 4018 ι(
281 3957 347 4020 et
388 3951 743 4021 formaliter
780 3949 903 4020 sub
938 3951 1205 4038 ratione,
1224 3971 1393 4018 verae
1430 3947 1764 4036 religionis
1800 3946 2195 4040 approbetur
2238 3943 2320 4012 ab
2366 3941 2488 4012 Ec—

202 4095 245 4134 «
274 4067 503 4147 clesia,
558 4073 630 4138 ut
679 4067 929 4161 putavit
974 4065 1359 4136 Pelizzarius
1400 4063 1610 4155 (tract.
1667 4066 1730 4148 1,
1777 4084 1916 4153 cap.
1979 4063 2043 4147 1,
2097 4079 2166 4127 n.
2223 4056 2333 4147 9);
2374 4056 2487 4127 sed

204 4209 245 4252 α
274 4183 525 4252 sufficit
556 4183 733 4274 quod
775 4183 923 4252 talis
958 4181 1193 4252 modus
1234 4178 1628 4272 approbetur
1661 4176 1744 4246 ab
1789 4173 2074 4246 Ecclesia
2116 4178 2192 4242 ut
2225 4177 2487 4242 sanctus

210 4320 249 4360 «ι
274 4302 339 4365 et
406 4297 747 4382 honestus,
802 4303 867 4365 et
916 4297 1105 4365 detur
1158 4294 1424 4364 facultas
1488 4288 1820 4362 emittendi
1869 4293 1935 4356 et
1985 4286 2358 4379 acceptandi
2413 4284 2486 4354 in

212 4435 257 4478 α
282 4411 395 4482 illo
428 4404 555 4482 tria
582 4417 757 4500 vota,
800 4419 874 4482 ut
886 4411 1061 4482 ‘bene
1083 4417 1147 4482 et
1180 4408 1434 4480 erudite
1463 4406 1690 4500 probat
1729 4403 2089 4497 Suaresius,
2117 4409 2294 4474 tomo
2319 4405 2388 4492 3,
2414 4399 2466 4470 d
