2834 4959
388 302 513 362 406
955 308 1295 359 mci-uus
1340 308 1422 358 ms
1469 310 1621 360 mna
1659 312 2079 362 assumam.

392 460 427 501 α
456 452 651 525 quam
696 430 1111 501 heterodoxos
1148 433 1464 501 sententia
1491 438 1607 523 est,
1657 432 1801 503 illas
1843 434 1922 503 ad
1965 434 2411 526 cognitionem
2433 438 2679 527 judicis

392 572 425 613 «
452 544 891 633 ecclesiastici,
930 550 995 615 et
1032 538 1303 636 'quidem
1350 544 1576 627 solius,
1627 546 1808 615 laicis
1846 548 2125 618 omnino
2161 549 2473 639 exclusis,
2531 574 2680 644 spe·
2810 533 2811 551 ¹

393 689 427 730 α
452 667 705 732 ctare...
742 658 1167 752 proceditque
1210 658 1361 743 hoc,
1414 681 1549 729 non
1591 666 1849 730 tantum
1901 662 1985 733 de
2025 664 2107 732 iis
2149 664 2384 749 causis,
2413 686 2560 756 quae
2588 669 2676 737 ab

392 777 801 846 «intrinseco
847 774 1209 867 spirituales
1248 781 1517 862 sunt...‚
1569 772 1678 845 sed
1731 778 1928 847 etiam
1972 778 2055 849 de
2103 778 2187 847 iis
2237 800 2384 869 quae
2427 780 2676 849 intrin-

392 922 426 963 α
452 914 595 965 sece
640 892 1009 985 spirituales
1056 912 1191 961 non
1246 897 1427 979 sunt,
1487 891 1598 961 sed
1649 891 1999 983 spirituali
2055 904 2327 963 tantum
2363 916 2670 987 annexa»,

390 1036 425 1075 «
450 1008 673 1099 quales
712 1014 869 1077 sunt
912 1028 1119 1077 causae
1176 1006 1548 1076 reddituum
1599 1008 2207 1094 ecclesiasticorum,
2297 1008 2670 1097 decimaleS,

392 1150 427 1193 α
448 1130 573 1193 etc.
606 1122 788 1193 Ratio
812 1130 909 1192 est
944 1124 1099 1213 quia
1128 1122 1335 1211 magis
1360 1122 1644 1211 dignum
1676 1122 1874 1191 trahit
1895 1122 1978 1192 ad
2001 1144 2070 1193 se
2097 1124 2322 1195 minus
2349 1124 2666 1217 dignum3

393 1266 425 1305 a
450 1244 515 1309 et
580 1260 682 1307 res
748 1237 1122 1329 temporalis
1176 1236 1416 1306 desinit
1463 1258 1600 1305 esse
1663 1236 1836 1325 talis,
1917 1240 2416 1330 quamprimum
2479 1241 2671 1331 spiri-

392 1384 427 1421 «
452 1355 611 1425 tuali
654 1374 901 1423 annexa
929 1354 1147 1423 fuerit.
1179 1377 1215 1418 n
1254 1351 1884 1442 (Schmalzgrueber⁸
1927 1353 1998 1421 iu
2033 1354 2134 1423 tit.
2173 1354 2236 1433 ¹,
2283 1353 2441 1423 libri
2473 1355 2518 1423 2
2547 1354 2672 1425 De-

390 1471 760 1551 cretalium,
782 1490 853 1538 n.
880 1469 1021 1561 50.)
2119 1552 2124 1557 α

472 1584 568 1654 Ex
614 1586 957 1655 communi
984 1589 1203 1653 autem
1256 1584 1367 1654 illa
1408 1584 1752 1654 doctorum
1781 1582 2098 1651 sententia
2125 1581 2438 1672 sequitur,
2467 1602 2676 1673 capa-

382 1700 637 1773 citatem
696 1706 809 1769 aut
854 1698 1344 1793 incapacitatem
1394 1700 1673 1769 dominii
1721 1698 1790 1765 in
1835 1696 2152 1789 religiosis
2189 1716 2318 1765 esse
2361 1696 2522 1786 quid
2581 1698 2670 1766 ad

247 1808 263 1825 '
386 1814 689 1886 Ecclesiae
722 1804 1249 1907 jurisdictionem
1293 1816 1668 1907 pertinens;
1721 1816 1938 1904 agitur
1983 1814 2164 1882 enim
2213 1811 2294 1880 de
2345 1810 2674 1902 alliganda

386 1932 489 2000 vel
560 1952 693 2002 non
750 1930 1073 2020 alliganda
1128 1930 1251 1999 hac
1320 1930 1744 2021 incapacitate
1813 1935 1958 1999 voto
2019 1928 2438 2021 paupertatis.
2501 1924 2678 2019 Ergo

390 2050 602 2139 agitur
646 2048 725 2117 de
770 2068 839 2115 re
890 2068 1177 2116 connexa
1214 2068 1365 2117 cum
1402 2045 1794 2138 paupertatis
1838 2051 1986 2115 voto
2033 2068 2049 2111 :
2109 2043 2223 2113 sed
2255 2049 2478 2113 votum
2509 2064 2674 2134 pau-

394 2163 654 2251 pertatis
700 2167 796 2228 est
846 2161 1076 2250 procul
1124 2161 1325 2231 dubio
1378 2184 1482 2232 res
1513 2160 1864 2253 spiritualis
1933 2186 1948 2229 ε
2011 2180 2186 2249 ergo
2243 2158 2456 2249 agitur
2509 2156 2680 2225 dere

394 2294 643 2342 annexa
688 2274 783 2340 rei
832 2275 1176 2363 spirituali.
1230 2275 1355 2345 Sed
1403 2276 1777 2345 communis
1815 2280 1912 2344 est
1948 2274 2292 2343 doctorum
2343 2270 2680 2342 catholico-

400 2408 550 2457 rum
604 2388 943 2473 sententia,
1009 2388 1088 2457 ad
1136 2387 1660 2480 ecclesiasticam,
1713 2410 1848 2459 non
1900 2394 2121 2459 autem
2173 2386 2254 2457 ad
2303 2386 2680 2457 saecularem
2820 2472 2821 2483 χ

398 2506 769 2595 potestatem
819 2503 1161 2595 pertinere,
1206 2508 1281 2571 ut
1312 2504 1391 2573 de
1419 2505 1612 2575 rebus
1651 2506 2004 2597 eiusmodi,
2053 2524 2200 2595 quae
2233 2502 2682 2596 spiritualibus

395 2636 659 2689 annexae
722 2617 1056 2708 dicuntur,
1112 2618 1412 2690 decernat
1467 2646 1485 2689 ε
1545 2642 1702 2712 ergo
1767 2642 1988 2691 revera
2035 2618 2346 2689 Ecclesiae
2387 2617 2682 2687 tribuen-

394 2732 554 2801 dum
602 2737 719 2811 est,
768 2738 841 2800 ut
882 2733 1078 2824 possit
1117 2732 1622 2825 independenter
1665 2756 1704 2803 a
1743 2735 2034 2805 saeculari
2067 2731 2370 2827 principe
2407 2733 2670 2823 incapa-

398 2848 652 2917 citatem
678 2846 955 2917 dominii
988 2848 1053 2915 in
1080 2846 1397 2938 religiosis
1436 2850 1775 2919 inducere.

486 2963 627 3042 Ast,
673 2962 916 3053 iniquia,
956 2962 1055 3033 lex
1082 2961 1409 3032 saecularis
1453 2970 1678 3055 perget
1728 2963 2164 3033 nihilominus
2191 2962 2556 3053 professum
2583 2982 2682 3031 re-

398 3075 703 3167 ligiosum
743 3076 979 3145 habere
1014 3082 1325 3168 tanquam
1368 3078 1648 3147 dominii
1697 3098 2028 3169 capacem.
2085 3076 2259 3159 Quid
2319 3076 2494 3162 inde,
2553 3077 2682 3145 nisi

400 3192 573 3281 quod
611 3190 709 3260 lex
756 3191 1076 3261 saecularis
1112 3193 1504 3283 quandoque
1543 3194 1798 3263 civibus
1835 3193 2078 3263 tribuat
2106 3194 2264 3284 jura
2291 3190 2522 3282 quibus
2571 3208 2686 3257 ca-

402 3312 567 3372 rent.
618 3306 703 3373 Et
746 3308 1071 3398 numquid
1118 3308 1215 3376 lex
1245 3309 1575 3379 saecularis
1619 3308 1845 3379 Galliae
1876 3330 2006 3379 non
2037 3306 2304 3398 agnovit
2336 3302 2684 3395 aliquando

398 3416 508 3509 jus
555 3417 903 3491 divortium
964 3424 1369 3509 instituendi,
1421 3430 1483 3493 et
1527 3424 1610 3493 ad
1650 3446 1851 3495 novas
1899 3424 2162 3515 nuptias
2221 3402 2612 3491 convolandi
2651 3418 2682 3485 ‘t

405 3533 567 3616 Quis
593 3556 785 3627 porro
825 3538 1291 3608 catholicorum
1338 3539 1571 3609 inferat
1613 3562 1834 3610 revera
1874 3542 1986 3630 jus
2011 3538 2175 3609 illud
2205 3537 2540 3622 exstitisse,
2583 3538 2686 3604 aut

318 3642 325 3645 ’
406 3658 601 3740 neget
636 3652 919 3741 ingentis
949 3652 1203 3722 sceleris
1232 3676 1375 3724 reos
1404 3656 1604 3725 fuisse
1630 3656 1747 3747 qui
1791 3656 1996 3726 hocce
2037 3660 2356 3746 praetenso
2401 3654 2558 3742 jure
2587 3648 2684 3717 usi

407 3768 605 3833 sunt?
664 3766 893 3856 Pergat
944 3772 1215 3856 potestas
1268 3770 1592 3839 saecularis
1611 3820 1631 3851 ‚
1705 3776 2030 3860 quantum
2070 3767 2372 3853 voluerit,
2431 3762 2684 3854 religio-

406 3900 550 3951 sum
594 3882 952 3973 professum
1003 3882 1237 3953 habere
1286 3892 1597 3977 tanquam
1645 3907 1950 3978 capacem
1979 3883 2283 3971 dominii,
2331 3886 2446 3950 aut
2487 3878 2674 3949 etiam

403 3997 803 4067 matrimonii
848 4021 864 4066 :
915 3996 971 4067 si
1006 3996 1295 4069 Ecclesia
1340 4007 1564 4070 votum
1615 4004 1758 4093 eJus
1799 4008 2112 4091 tanquam
2158 3997 2447 4068 solemne
2483 4012 2677 4063 acce-

406 4112 699 4199 ptaverit,
750 4116 843 4181 est
870 4112 993 4181 hoc
1022 4113 1189 4204 ipsc,
1220 4116 1387 4185 sicut
1414 4116 1627 4185 valide
1665 4112 2093 4186 contrahendi
2127 4106 2548 4195 matrimonii,
2584 4108 2680 4175 ita

402 4230 463 4294 et
486 4225 697 4296 valide
724 4228 1099 4318 acquirendi
1134 4230 1410 4300 dominii
1451 4232 1736 4323 incapax.

488 4340 917 4411 Anconitanum
968 4342 1077 4424 lll,
1134 4368 1213 4413 ea:
1250 4370 1319 4415 eo
1366 4344 1545 4438 quod
1583 4346 1926 4415 saecularis
1971 4356 2272 4437 potestas
2299 4364 2432 4413 non
2467 4334 2680 4431 possit
