2834 4959
336 325 461 383 362
904 328 1243 375 rntcmus
1288 326 1369 375 nt
1412 312 1562 373 sumt
1609 322 2028 372 noemma.

328 458 681 523 conventus
738 455 852 517 aut
896 450 1094 518 etiam
1143 446 1511 541 provincias
1537 446 1660 515 sub
1705 464 1842 513 una
1883 462 2186 535 suprema
2231 446 2622 517 auctoritate

330 565 807 657 complectitur,
840 562 1009 632 nihil
1036 564 1213 653 juris
1250 563 1638 651 immutatur
1664 560 1876 651 quoad
1903 564 2296 631 conventum
2352 580 2622 631 reassu-
2687 618 2690 621 .

328 680 670 764 mendum,
721 701 798 748 ex
844 700 921 747 eo
974 678 1151 769 quod
1200 676 1489 769 religiosi
1535 696 1764 745 omnes
1823 674 1917 743 ibi
1962 678 2149 743 antea
2191 674 2492 763 degentes
2531 677 2616 746 in

326 797 722 890 dispersione
776 794 1084 864 obierint.
1144 792 1259 863 Jus
1311 814 1546 883 nempe
1612 796 2007 861 conventum
2054 790 2490 860 reassumendi
2537 799 2614 861 et

329 936 528 985 novos
582 912 674 982 ibi
711 910 1044 1002 religiosos
1086 908 1517 983 constituendi
1561 906 1830 977 omnino
1875 904 2359 997 agnoscendum
2398 912 2488 976 est
2529 909 2614 977 in

331 1028 740 1121 provinciali,
780 1028 861 1095 de
902 1028 1091 1116 cujus
1144 1026 1478 1118 provincia
1527 1030 1620 1094 est
1671 1030 2028 1093 conventus
2075 1024 2610 1112 reassumendus,

331 1146 433 1215 vel
464 1144 542 1235 (si
584 1144 921 1235 provincia
962 1140 1102 1212 haec
1146 1142 1425 1213 extincta
1465 1138 1684 1230 fuerit)
1713 1140 1779 1209 in
1807 1138 2095 1229 generali
2133 1140 2331 1209 totius
2355 1138 2612 1210 ordinis

332 1260 689 1353 praeposito.

375 1385 385 1395 ‘
422 1372 794 1444 Pnorosmo
824 1372 1058 1443 111·.—
1083 1372 1169 1441 Si
1188 1383 1549 1465 conventus
1570 1368 1896 1462 dispersus
1913 1380 2128 1438 totam
2147 1369 2610 1460 conqreqatio·

330 1514 482 1560 nem
510 1488 974 1575 constituebat,
992 1500 1057 1557 et
1079 1508 1303 1555 omnes
1324 1484 1871 1577 reliqiosipraeter
1891 1506 2100 1553 unum
2115 1486 2188 1553 in
2205 1484 2612 1575 dispersione

330 1606 635 1691 obierint,
676 1604 749 1672 in
784 1604 907 1671 hoc
960 1624 1091 1671 uno
1132 1602 1433 1694 professo
1464 1600 1814 1690 superstite
1844 1596 2326 1693 aqnoscendum
2360 1608 2456 1666 est
2469 1599 2602 1687 jus

332 1730 721 1789 conventum
765 1716 1243 1802 reassumendi,
1270 1716 1491 1808 ibique
1513 1713 1800 1785 novitios
1825 1712 2210 1806 reeipiendi,
2231 1710 2318 1781 ad
2340 1712 2592 1803 profes-

332 1836 579 1905 sionem
608 1832 1029 1918 admittendi,
1056 1844 1121 1902 et
1144 1832 1722 1923 eonqreqationem
1739 1824 2212 1922 perpetuandi.
2245 1826 2609 1895 -Gonstat

332 1973 407 2019 ex
444 1950 761 2042 superiori
800 1950 1033 2040 eapite,
1090 1928 1203 2016 uhi
1240 1947 1590 2039 probatum
1643 1954 1738 2014 est
1785 1943 2133 2033 cujuslibet
2183 1941 2437 2032 collegii
2491 1962 2608 2011 seu

336 2066 853 2155 congregationis
881 2066 1033 2153 jura
1058 2064 1127 2130 in
1157 2083 1289 2130 uno
1310 2064 1506 2132 etiam
1537 2061 1874 2154 superstite
1901 2052 2314 2128 consolidari.
2341 2056 2469 2126 Nec
2488 2056 2607 2126 ob-
2737 2158 2748 2165 .

336 2186 501 2247 stant
524 2179 697 2266 leges
725 2180 1080 2259 canonicae,
1112 2176 1351 2266 quibus
1374 2175 1686 2268 prohibiti
1713 2180 1868 2244 sunt
1893 2178 2274 2259 conventuS,
2299 2172 2605 2243 determi-

337 2298 563 2364 natum
590 2292 939 2379 quemdam
962 2288 1413 2379 religiosorum
1461 2311 1813 2359 numerum
1864 2312 1996 2359 non
2051 2289 2405 2359 habentes:
2465 2294 2608 2356 tum

334 2409 487 2501 quia
524 2407 695 2495 leges
738 2408 872 2475 istae
917 2427 1055 2474 non
1090 2406 1428 2476 censendae
1457 2412 1610 2475 sunt
1638 2406 2187 2497 comprehendere
2237 2429 2464 2477 casum
2491 2428 2608 2475 ex-

336 2521 837 2590 traordinarium
868 2520 1113 2589 reducti
1157 2542 1271 2611 per
1302 2522 1746 2613 expulsionem
1795 2529 1859 2592 et
1887 2523 2401 2615 persecutionem
2421 2542 2614 2613 regu-

336 2636 572 2706 larium
603 2636 913 2706 numeri:
944 2641 1084 2705 tum
1112 2635 1269 2728 quia
1296 2645 1673 2729 sequeretur
1695 2638 2004 2708 duntaxat
2037 2640 2217 2731 prius
2245 2660 2282 2707 a
2307 2637 2608 2729 religioso

332 2748 669 2842 superstite
714 2828 720 2835 ‚
766 2750 1191 2821 obtinendam
1260 2774 1395 2824 esse
1463 2752 2007 2846 dispensationem
2087 2774 2126 2821 a
2193 2755 2366 2823 diota
2439 2753 2611 2843 lege,

335 2888 690 2937 numerum
729 2866 1179 2958 religiosorum
1220 2868 1292 2935 in
1324 2868 1614 2959 quolibet
1661 2878 1982 2937 conventu
2033 2866 2462 2938 necessarium
2511 2887 2616 2935 re-

336 2985 673 3073 spiciente.
2660 2962 2676 2982 ”

424 3094 611 3177 Quod
653 3096 708 3165 si
755 3118 876 3166 nee
904 3118 1081 3165 unus
1132 3104 1462 3166 remaneat
1503 3104 1848 3189 superstes,
1901 3104 2060 3166 tunc
2107 3096 2266 3166 ordo
2306 3096 2415 3165 ille
2449 3097 2610 3165 reli·

337 3212 578 3301 giosus,
610 3217 827 3302 utpote
871 3212 943 3279 in
970 3210 1105 3279 solo
1142 3210 1256 3280 illo
1285 3213 1701 3293 monasterio,
1726 3233 1801 3279 ex
1826 3211 2189 3303 hypothesi,
2221 3212 2598 3296 consistens,

337 3345 455 3425 pro
490 3324 765 3422 extincto
810 3325 1154 3395 habendus
1180 3331 1295 3395 est.
1333 3325 1412 3394 Et
1461 3332 1618 3396 tuno
1669 3334 2023 3397 conventus
2051 3326 2240 3397 bonis
2267 3326 2612 3397 ecelesias-

336 3438 481 3509 ticis
506 3438 879 3509 vacantibus
912 3440 1348 3511 accensendus
1388 3448 1524 3529 est3
1573 3449 1764 3533 atque
1791 3442 1871 3512 ad
1917 3442 2136 3513 sedem
2165 3444 2608 3535 Apostolicam

336 3554 612 3645 pertinet
639 3553 717 3623 de
744 3576 818 3623 eo
846 3554 1209 3646 disponere.

422 3668 797 3739 Psorosrno
824 3668 961 3740 lv·.
990 3707 1078 3723 —
1101 3671 1177 3739 Si
1198 3682 1343 3740 tota
1362 3674 1815 3765 eonqreqatio,
1831 3673 2146 3765 pluribus
2171 3674 2606 3745 conventibus

331 3798 453 3855 aut
488 3786 698 3854 etiam
730 3786 1089 3877 provinciis
1142 3799 1476 3869 eonstcmS,
1525 3787 1815 3881 dispersa
1840 3790 2083 3880 fuerit,
2132 3803 2196 3859 et
2227 3814 2401 3861 unus
2431 3790 2606 3858 dun·

336 3914 529 3971 taxat
549 3925 630 3971 ex
654 3900 786 3969 itta
808 3901 1091 3994 supersit
1108 3904 1468 3994 professus,
1499 3902 1574 3971 in
1597 3904 1726 3973 isto
1747 3904 2062 3997 uuojura
2085 3904 2315 3974 omnia
2341 3924 2608 3995 eonqre-

334 4016 627 4107 qatiom's
660 4016 1071 4112 aqnoseenda
1102 4031 1320 4091 erunt.
1335 4058 1429 4073 —
1447 4019 1538 4091 Ex
1561 4021 1732 4092 dicte
1755 4021 2000 4091 scilieet
2017 4020 2286 4097 ratione,
2311 4021 2486 4111 quod
2495 4023 2602 4110 jus

338 4128 591 4220 collegii
624 4134 696 4203 in
736 4134 973 4204 ultimo
996 4134 1186 4203 etiam
1212 4138 1552 4227 superstite
1601 4136 1900 4209 membro
1935 4140 2334 4229 permaneat:
2393 4138 2610 4226 Atque

339 4244 405 4314 id
434 4248 776 4318 confirmat
820 4252 1334 4343 congregationis
1372 4252 2072 4343 Anglo·Benediotinae
2097 4272 2292 4345 supra
2337 4251 2606 4322 allatum

338 4363 737 4451 exemplum.
797 4362 1015 4435 Potuit
1064 4388 1214 4436 nem
1222 4390 1302 4459 pe
1350 4369 1588 4441 unicus
1633 4390 1711 4443 ex
1761 4372 1874 4443 illa
1929 4370 2432 4463 congregatione
2485 4386 2612 4435 su·-
