2834 4959
353 321 478 398 380
923 326 1262 375 τιιΛοΤΑΤυε
1307 327 1388 374 nr.
1424 327 1575 374 mun
1620 326 2036 375 nnounmmu.

359 476 395 516 α
425 471 569 518 vere
605 448 1064 518 subsistentes?
1115 446 1459 538 perperam
1510 449 1727 536 itaque
1790 446 2112 517 Dominus
2170 448 2474 520 Vicarius
2518 472 2648 520 ar-

357 565 554 653 «guit
597 567 976 632 vetustatem
1009 562 1271 631 illarum
1325 568 1733 654 pro-septem
1780 562 1957 631 festis
2004 562 2082 632 Β.
2134 568 2221 633 Μ.
2254 563 2345 634 V.
2374 587 2493 656 per
2518 587 2647 636 an-

355 703 394 743 «
424 701 612 747 num.
647 677 870 747 Testor
889 698 1080 766 porro
1105 684 1169 745 et
1189 679 1344 766 juro
1375 677 1568 746 hasce
1598 684 1663 744 et
1706 681 1992 765 caeteras,
2014 678 2086 746 in
2114 679 2400 770 epitome
2420 686 2643 750 ‹mns-

359 820 394 861 «
424 795 620 862 missa
654 813 1001 884 expressae,
1051 792 1370 882 legitimas
1424 814 1586 876 esse,
1632 798 1828 883 atque
1874 794 2247 883 perdurare.
2312 795 2639 865 Caeterum

357 908 588 977 «mihi
661 907 785 999 ipsi
837 909 1136 999 praesenti
1179 915 1242 976 et
1285 908 1623 989 audienti,-
1674 929 1786 978 ore
1836 929 1977 994 sue,
2032 910 2233 980 semel
2280 918 2344 979 et
2394 914 2637 981 iterum

353 1049 391 1092 α
419 1032 482 1094 et
507 1027 718 1111 tertio,
745 1027 1080 1116 requlares
1107 1046 1447 1117 oppressos
1474 1023 1687 1114 fuisse
1724 1023 1886 1092 dixit
1930 1022 2063 1094 Sua
2116 1025 2463 1112 Sanctitas»,
2498 1049 2637 1096 nou

353 1167 390 1207 ι(
415 1163 820 1234 suppressos.
867 1142 1012 1212 Non
1037 1151 1132 1211 est
1153 1163 1308 1231 ergo
1327 1163 1447 1210 cur
1488 1143 1558 1210 in
1582 1141 1910 1232 decrepita
1936 1163 2055 1210 sue.
2088 1146 2269 1210 aetnte
2294 1142 2629 1212 fastidium

358 1281 394 1321 ι(
420 1257 518 1326 illi
547 1259 836 1331 adferam
886 1258 1124 1327 talibus
1161 1259 1382 1347 nugis.
1432 1255 1723 1326 Tandem
1774 1257 1946 1325 intra
2002 1263 2297 1326 octavam
2346 1257 2625 1328 liberum

355 1397 390 1436 α
411 1372 646 1462 cuique
683 1375 928 1442 fectum
981 1396 1020 1442 a
1069 1356 1378 1444 Romanis
1440 1371 1890 1452 Pontificibus„
1948 1377 2025 1440 ut
2070 1371 2201 1442 sibi
2242 1393 2447 1462 quem
2494 1393 2631 1440 ma-

357 1487 610 1554 «luerit
673 1486 848 1557 diem
903 1489 1150 1576 seligat.
1235 1525 1327 1540 --
1397 1485 1623 1557 Subdo
1696 1486 2179 1556 sanctissimum
2260 1485 2623 1554 Dominum

353 1625 386 1665 α
416 1599 722 1669 Nostrum
776 1603 1193 1692 permisisse3
1245 1612 1318 1672 ut
1379 1608 1772 1684 conventus,
1814 1604 2071 1672 cessatis
2122 1600 2611 1683 calamitatibuS‚

353 1741 386 1780 «
421 1717 842 1806 apmrentur
873 1719 1118 1788 iterum
1136 1719 1243 1787 vel
1273 1717 1361 1786 ab
1399 1740 1559 1787 uno.
1596 1718 1854 1800 Quanto
1886 1739 2041 1808 ergo
2090 1717 2303 1786 fortius
2340 1721 2419 1784 ut
2472 1735 2613 1784 ser-

351 1855 388 1896 «
417 1839 674 1920 ventur,
731 1833 848 1902 ubi
903 1833 1168 1902 effectus
1221 1835 1491 1903 iliarum
1556 1833 1775 1902 adhuc
1828 1838 2257 1922 perseverant.
2310 1829 2447 1900 Nec
2502 1832 2621 1902 in-

350 1971 386 2010 «
419 1947 588 2016 bitus
645 1948 796 2016 facit
845 1949 1265 2028 monachum,
1310 1955 1384 2016 ut
1430 1955 1525 2016 est
1566 1949 1633 2015 in
1688 1948 2047 2038 proverbio.
2092 1945 2261 2014 Sum
2315 1945 2511 2014 corde
2566 1952 2625 2016 et

353 2063 636 2130 «animo
680 2062 1076 2133 Reverentiae
1131 2065 1384 2135 Vestrae
1433 2061 1711 2132 humilis
1754 2085 2003 2132 servus,
2056 2101 2146 2114 —-
2179 2061 2407 2132 Fmter
2434 2061 2621 2130 Joan-

349 2197 520 2244 «nes
565 2175 1067 2266 Nepomuoenus
1109 2198 1148 2245 a
1203 2177 1439 2246 Sancto
1489 2177 1776 2266 Aloysio‚
1830 2178 2335 2248 Carmelitarum
2392 2177 2617 2246 discal-

351 2315 384 2354 α
421 2296 744 2358 centorum
780 2299 1159 2382 procurator
1181 2294 1524 2382 generalis·
1562 2295 1785 2364 Romae
1818 2295 1895 2364 31
1934 2295 2199 2384 augusti
2232 2294 2405 2362 1822
2434 2293 2547 2384 (1).
2576 2319 2613 2359 ι

341 2393 344 2396 ’
430 2403 597 2472 Cum
642 2405 913 2496 ipsemet
942 2405 1098 2476 Pius
1141 2406 1264 2476 Vll
1319 2409 1523 2476 semel
1559 2410 1801 2478 iterum
1838 2416 1902 2477 et
1956 2409 2149 2476 tertio
2204 2408 2619 2478 declaraverit

322 2519 662 2608 ,regulares
709 2541 1046 2612 oppressos
1095 2522 1321 2604 fuisse,
1383 2547 1523 2592 non
1539 2547 1946 2616 suppressos,
1988 2525 2313 2594 absonum
2368 2525 2525 2594 foret
2544 2523 2619 2590 in

341 2635 766 2722 quaestionem
832 2657 1086 2725 vocare,
1134 2659 1300 2707 num
1361 2640 1823 2709 concordatum
1878 2640 2036 2709 anni
2114 2640 2279 2708 1801
2352 2646 2415 2707 et
2452 2637 2617 2706 dicti

337 2746 672 2820 Pontificis
721 2751 920 2822 hullae
966 2755 1370 2844 regularium
1428 2755 1950 2847 suppressionem
2013 2775 2239 2824 secum
2286 2754 2610 2823 traxerint.

337 2865 496 2935 item
537 2887 644 2934 ex
667 2888 742 2936 eo
796 2869 968 2958 quod
1024 2869 1320 2940 Pontifex
1396 2871 1509 2940 ille
1564 2871 1935 2962 permiserit
1982 2877 2081 2955 ut,
2147 2873 2403 2940 cessatis
2448 2869 2615 2938 eata-

341 2981 698 3072 mitatibus,
737 2991 1090 3054 conventus
1141 2987 1569 3077 aperirentur
1592 2986 1841 3055 iterum
1872 2984 1979 3054 vel
2004 2985 2093 3054 ab
2130 3007 2295 3073 uno,
2326 2985 2613 3074 sequitur

341 3096 596 3184 abipso
621 3119 992 3189 suppressos
1034 3121 1167 3168 non
1209 3102 1402 3170 fuisse
1446 3101 1796 3191 regulares·
1853 3099 1924 3170 Si
1968 3101 2149 3169 enim
2178 3099 2619 3168 intervenisset

339 3213 732 3300 suppressio,
787 3236 919 3283 non
957 3215 1182 3285 fuisset
1211 3217 1392 3286 locus
1458 3215 1833 3308 aperiendis
1884 3216 2129 3284 iterum
2166 3211 2609 3296 conventibus,

337 3322 444 3389 sed
479 3323 559 3390 de
585 3347 756 3394 novo
783 3329 1138 3418 eriqendis.

425 3437 764 3508 Probatur
787 3447 854 3510 3⁰
881 3467 964 3513 εει·
985 3445 1308 3536 rescripto
1335 3467 1545 3536 supra
1574 3444 1795 3514 allato
1811 3465 1945 3536 pro
1972 3441 2381 3516 restituendo
2420 3445 2479 3510 Y
2469 3441 2601 3533 pris

337 3553 682 3644 virqinum
714 3559 1234 3628 Carmelitarum
1257 3560 1695 3630 monasteria.
1732 3551 1823 3614 -'
1840 3559 2179 3651 Superiori
2208 3557 2598 3649 paragrapho

345 3671 726 3763 rescriptum
770 3675 935 3745 illud
985 3675 1196 3745 Sacrae
1242 3675 1773 3766 congregationis
1824 3673 2301 3766 Episcoporum
2328 3681 2391 3742 et
2428 3693 2603 3763 regu-

343 3783 580 3856 larium
629 3764 1177 3882 transcripsimus.
1241 3792 1693 3862 Postulahaetur
1736 3812 1973 3882 nempe
2004 3813 2043 3860 a
2094 3789 2512 3860 Sanctissimo
2542 3791 2603 3854 ut

341 3902 712 3992 declararet,
756 3928 937 3998 posse
977 3909 1049 3976 in
1101 3929 1256 3978 casu
1295 3908 1555 4000 procedi
1602 3927 1719 3998 per
1778 3906 1955 3975 viem
2014 3904 2445 3974 restitutionis
2504 3921 2600 3970 seu

340 4020 907 4113 repristinationis‚
961 4031 1026 4095 et
1067 4047 1202 4095 non
1257 4031 1567 4116 tanquam
1620 4023 1703 4093 ad
1746 4023 1897 4091 novi
1959 4027 2317 4094 conventus
2358 4014 2600 4088 erectio-

409 4291 472 4350 (ι)
497 4291 566 4342 De
585 4291 796 4354 hujusce
821 4295 1112 4347 documenti
1140 4295 1530 4346 authenticitate
1555 4292 1757 4345 nulium
1784 4289 1911 4344 mihi
1934 4285 2167 4349 dubium,
2202 4287 2435 4349 quamvis
2462 4287 2585 4334 tran·

343 4379 438 4427 scri
443 4383 582 4440 ptum
605 4378 854 4432 duntaxat
871 4395 976 4447 prm
991 4383 1226 4434 menibus
1241 4383 1529 4436 habuerim.
