<?xml version="1.0" encoding="UTF-8"?>
<!DOCTYPE html PUBLIC "-//W3C//DTD XHTML 1.0 Transitional//EN"
    "http://www.w3.org/TR/xhtml1/DTD/xhtml1-transitional.dtd">
<html xmlns="http://www.w3.org/1999/xhtml" xml:lang="en" lang="en">
 <head>
  <title>
</title>
<meta http-equiv="Content-Type" content="text/html;charset=utf-8" />
  <meta name='ocr-system' content='tesseract 3.04.00' />
  <meta name='ocr-capabilities' content='ocr_page ocr_carea ocr_par ocr_line ocrx_word'/>
</head>
<body>
  <div class='ocr_page' id='page_1' title='image "./tractatusdejure01unkngoog_0254.png"; bbox 0 0 2834 4959; ppageno 0'>
   <div class='ocr_carea' id='block_1_1' title="bbox 364 334 2067 390">
    <p class='ocr_par' dir='ltr' id='par_1_1' title="bbox 364 334 2067 390">
     <span class='ocr_line' id='line_1_1' title="bbox 364 334 2067 390; baseline -0.002 -2"><span class='ocrx_word' id='word_1_1' title='bbox 364 334 491 390; x_wconf 79' lang='lat'><strong>236</strong></span> <span class='ocrx_word' id='word_1_2' title='bbox 940 339 1278 388; x_wconf 67' lang='lat' dir='ltr'><strong>mensus</strong></span> <span class='ocrx_word' id='word_1_3' title='bbox 1326 341 1406 388; x_wconf 77' lang='lat' dir='ltr'><strong>DE</strong></span> <span class='ocrx_word' id='word_1_4' title='bbox 1453 339 1602 386; x_wconf 75' lang='lat' dir='ltr'><strong>mm:</strong></span> <span class='ocrx_word' id='word_1_5' title='bbox 1647 335 2067 386; x_wconf 67' lang='lat' dir='ltr'><strong>menmium.</strong></span> 
     </span>
    </p>
   </div>
   <div class='ocr_carea' id='block_1_2' title="bbox 1423 667 1588 759">
    <p class='ocr_par' dir='ltr' id='par_1_2' title="bbox 1423 667 1588 759">
     <span class='ocr_line' id='line_1_2' title="bbox 1423 667 1588 759; baseline -0.024 -21"><span class='ocrx_word' id='word_1_6' title='bbox 1423 667 1588 759; x_wconf 64' lang='lat' dir='ltr'><strong>gv.</strong></span> 
     </span>
    </p>
   </div>
   <div class='ocr_carea' id='block_1_3' title="bbox 368 878 2648 1116">
    <p class='ocr_par' dir='ltr' id='par_1_3' title="bbox 368 878 2648 1116">
     <span class='ocr_line' id='line_1_3' title="bbox 368 878 2644 950; baseline -0.004 -11"><span class='ocrx_word' id='word_1_7' title='bbox 368 887 535 950; x_wconf 79' lang='lat' dir='ltr'><strong>Qualis</strong></span> <span class='ocrx_word' id='word_1_8' title='bbox 553 885 845 948; x_wconf 73' lang='lat' dir='ltr'><strong>requiratur</strong></span> <span class='ocrx_word' id='word_1_9' title='bbox 889 881 1022 932; x_wconf 76' lang='lat' dir='ltr'><strong>sedis</strong></span> <span class='ocrx_word' id='word_1_10' title='bbox 1052 882 1346 947; x_wconf 80' lang='lat' dir='ltr'><strong>Apostoltcae</strong></span> <span class='ocrx_word' id='word_1_11' title='bbox 1368 881 1683 944; x_wconf 74' lang='lat' dir='ltr'><strong>approbatio,</strong></span> <span class='ocrx_word' id='word_1_12' title='bbox 1711 883 1768 929; x_wconf 87' lang='lat' dir='ltr'><strong>ut</strong></span> <span class='ocrx_word' id='word_1_13' title='bbox 1791 890 1982 929; x_wconf 77' lang='lat' dir='ltr'><strong>novum</strong></span> <span class='ocrx_word' id='word_1_14' title='bbox 2016 878 2308 927; x_wconf 79' lang='lat' dir='ltr'><strong>institutum</strong></span> <span class='ocrx_word' id='word_1_15' title='bbox 2341 878 2566 940; x_wconf 77' lang='lat' dir='ltr'><strong>erigatur</strong></span> <span class='ocrx_word' id='word_1_16' title='bbox 2591 881 2644 929; x_wconf 81' lang='lat' dir='ltr'><strong>ln</strong></span> 
     </span>
     <span class='ocr_line' id='line_1_4' title="bbox 429 964 2648 1038; baseline -0.004 -11"><span class='ocrx_word' id='word_1_17' title='bbox 429 975 866 1038; x_wconf 73' lang='lat' dir='ltr'><strong>congregationem</strong></span> <span class='ocrx_word' id='word_1_18' title='bbox 884 972 1153 1036; x_wconf 77' lang='lat' dir='ltr'><strong>improprie</strong></span> <span class='ocrx_word' id='word_1_19' title='bbox 1170 969 1473 1032; x_wconf 71' lang='lat' dir='ltr'><strong>religiosam,</strong></span> <span class='ocrx_word' id='word_1_20' title='bbox 1507 968 1558 1018; x_wconf 88' lang='lat' dir='ltr'><strong>id</strong></span> <span class='ocrx_word' id='word_1_21' title='bbox 1591 971 1686 1026; x_wconf 81' lang='lat' dir='ltr'><strong>est,</strong></span> <span class='ocrx_word' id='word_1_22' title='bbox 1713 970 1784 1018; x_wconf 87' lang='lat' dir='ltr'><strong>ita</strong></span> <span class='ocrx_word' id='word_1_23' title='bbox 1803 969 1864 1018; x_wconf 88' lang='lat' dir='ltr'><strong>ut</strong></span> <span class='ocrx_word' id='word_1_24' title='bbox 1901 979 2004 1017; x_wconf 89' lang='lat' dir='ltr'><strong>non</strong></span> <span class='ocrx_word' id='word_1_25' title='bbox 2027 964 2211 1016; x_wconf 64' lang='lat' dir='ltr'><strong>baben</strong></span> <span class='ocrx_word' id='word_1_26' title='bbox 2237 967 2401 1017; x_wconf 75' lang='lat' dir='ltr'><strong>status</strong></span> <span class='ocrx_word' id='word_1_27' title='bbox 2429 965 2648 1029; x_wconf 76' lang='lat' dir='ltr'><strong>religiosi</strong></span> 
     </span>
     <span class='ocr_line' id='line_1_5' title="bbox 434 1064 726 1116; baseline -0.017 0"><span class='ocrx_word' id='word_1_28' title='bbox 434 1064 726 1116; x_wconf 74' lang='lat' dir='ltr'><strong>essentiam.</strong></span> 
     </span>
    </p>
   </div>
   <div class='ocr_carea' id='block_1_4' title="bbox 374 1271 2661 2613">
    <p class='ocr_par' dir='ltr' id='par_1_4' title="bbox 374 1271 2661 2613">
     <span class='ocr_line' id='line_1_6' title="bbox 464 1271 2650 1360; baseline -0.002 -14"><span class='ocrx_word' id='word_1_29' title='bbox 464 1277 834 1346; x_wconf 76' lang='lat' dir='ltr'><strong>Puerosrno</strong></span> <span class='ocrx_word' id='word_1_30' title='bbox 862 1277 941 1343; x_wconf 75' lang='lat'><strong>1⁸.</strong></span> <span class='ocrx_word' id='word_1_31' title='bbox 974 1312 1065 1326; x_wconf 96' lang='lat'>—</span> <span class='ocrx_word' id='word_1_32' title='bbox 1120 1277 1385 1345; x_wconf 77' lang='lat' dir='ltr'><strong>Necesse</strong></span> <span class='ocrx_word' id='word_1_33' title='bbox 1425 1285 1520 1340; x_wconf 83' lang='lat' dir='ltr'><strong>est</strong></span> <span class='ocrx_word' id='word_1_34' title='bbox 1561 1283 1660 1358; x_wconf 87' lang='lat' dir='ltr'><strong>ut,</strong></span> <span class='ocrx_word' id='word_1_35' title='bbox 1691 1271 1796 1339; x_wconf 83' lang='lat' dir='ltr'><strong>vel</strong></span> <span class='ocrx_word' id='word_1_36' title='bbox 1831 1271 1904 1340; x_wconf 75' lang='lat' dir='ltr'><strong>in</strong></span> <span class='ocrx_word' id='word_1_37' title='bbox 1931 1271 2238 1360; x_wconf 75' lang='lat' dir='ltr'><strong>formula</strong></span> <span class='ocrx_word' id='word_1_38' title='bbox 2263 1271 2650 1360; x_wconf 62' lang='lat' dir='ltr'><strong>Pontificio?</strong></span> 
     </span>
     <span class='ocr_line' id='line_1_7' title="bbox 374 1385 2650 1485; baseline -0.003 -23"><span class='ocrx_word' id='word_1_39' title='bbox 374 1391 908 1485; x_wconf 71' lang='lat' dir='ltr'><strong>approbationi-3,</strong></span> <span class='ocrx_word' id='word_1_40' title='bbox 940 1391 1049 1459; x_wconf 84' lang='lat' dir='ltr'><strong>vel</strong></span> <span class='ocrx_word' id='word_1_41' title='bbox 1092 1392 1165 1458; x_wconf 80' lang='lat' dir='ltr'><strong>in</strong></span> <span class='ocrx_word' id='word_1_42' title='bbox 1207 1387 1516 1481; x_wconf 82' lang='lat' dir='ltr'><strong>formula</strong></span> <span class='ocrx_word' id='word_1_43' title='bbox 1561 1409 1706 1477; x_wconf 81' lang='lat' dir='ltr'><strong>quae</strong></span> <span class='ocrx_word' id='word_1_44' title='bbox 1735 1385 2178 1478; x_wconf 78' lang='lat' dir='ltr'><strong>approbanda</strong></span> <span class='ocrx_word' id='word_1_45' title='bbox 2223 1389 2650 1479; x_wconf 78' lang='lat' dir='ltr'><strong>proponitur,</strong></span> 
     </span>
     <span class='ocr_line' id='line_1_8' title="bbox 376 1499 2654 1600; baseline -0.004 -22"><span class='ocrx_word' id='word_1_46' title='bbox 376 1509 797 1600; x_wconf 75' lang='lat' dir='ltr'><strong>eaeprimatur</strong></span> <span class='ocrx_word' id='word_1_47' title='bbox 820 1505 1081 1598; x_wconf 77' lang='lat' dir='ltr'><strong>aliquid</strong></span> <span class='ocrx_word' id='word_1_48' title='bbox 1098 1503 1396 1594; x_wconf 78' lang='lat' dir='ltr'><strong>reliqiosi</strong></span> <span class='ocrx_word' id='word_1_49' title='bbox 1414 1515 1634 1572; x_wconf 76' lang='lat' dir='ltr'><strong>status</strong></span> <span class='ocrx_word' id='word_1_50' title='bbox 1653 1502 2040 1592; x_wconf 84' lang='lat' dir='ltr'><strong>proprium.</strong></span> <span class='ocrx_word' id='word_1_51' title='bbox 2070 1499 2310 1569; x_wconf 90' lang='lat' dir='ltr'><strong>—Nisi</strong></span> <span class='ocrx_word' id='word_1_52' title='bbox 2335 1503 2518 1570; x_wconf 87' lang='lat' dir='ltr'><strong>enim</strong></span> <span class='ocrx_word' id='word_1_53' title='bbox 2541 1526 2654 1594; x_wconf 86' lang='lat' dir='ltr'><strong>ap-</strong></span> 
     </span>
     <span class='ocr_line' id='line_1_9' title="bbox 377 1615 2652 1716; baseline -0.002 -24"><span class='ocrx_word' id='word_1_54' title='bbox 377 1625 668 1716; x_wconf 78' lang='lat' dir='ltr'><strong>probatio</strong></span> <span class='ocrx_word' id='word_1_55' title='bbox 699 1623 948 1691; x_wconf 87' lang='lat' dir='ltr'><strong>caderet</strong></span> <span class='ocrx_word' id='word_1_56' title='bbox 978 1622 1049 1688; x_wconf 92' lang='lat' dir='ltr'><strong>in</strong></span> <span class='ocrx_word' id='word_1_57' title='bbox 1096 1618 1369 1689; x_wconf 88' lang='lat' dir='ltr'><strong>modum</strong></span> <span class='ocrx_word' id='word_1_58' title='bbox 1404 1617 1688 1696; x_wconf 80' lang='lat' dir='ltr'><strong>vivendi,</strong></span> <span class='ocrx_word' id='word_1_59' title='bbox 1735 1616 1980 1705; x_wconf 88' lang='lat' dir='ltr'><strong>aliquid</strong></span> <span class='ocrx_word' id='word_1_60' title='bbox 2018 1615 2097 1684; x_wconf 93' lang='lat' dir='ltr'><strong>de</strong></span> <span class='ocrx_word' id='word_1_61' title='bbox 2143 1621 2302 1684; x_wconf 81' lang='lat' dir='ltr'><strong>statu</strong></span> <span class='ocrx_word' id='word_1_62' title='bbox 2346 1615 2652 1705; x_wconf 85' lang='lat' dir='ltr'><strong>religioso</strong></span> 
     </span>
     <span class='ocr_line' id='line_1_10' title="bbox 379 1731 2650 1822; baseline -0.004 -14"><span class='ocrx_word' id='word_1_63' title='bbox 379 1741 755 1818; x_wconf 80' lang='lat' dir='ltr'><strong>habentem,</strong></span> <span class='ocrx_word' id='word_1_64' title='bbox 802 1757 1049 1807; x_wconf 84' lang='lat' dir='ltr'><strong>novum</strong></span> <span class='ocrx_word' id='word_1_65' title='bbox 1077 1737 1448 1806; x_wconf 85' lang='lat' dir='ltr'><strong>institutum</strong></span> <span class='ocrx_word' id='word_1_66' title='bbox 1477 1734 1609 1802; x_wconf 88' lang='lat' dir='ltr'><strong>dici</strong></span> <span class='ocrx_word' id='word_1_67' title='bbox 1638 1753 1768 1800; x_wconf 91' lang='lat' dir='ltr'><strong>non</strong></span> <span class='ocrx_word' id='word_1_68' title='bbox 1797 1737 2008 1822; x_wconf 83' lang='lat' dir='ltr'><strong>posset</strong></span> <span class='ocrx_word' id='word_1_69' title='bbox 2043 1731 2460 1821; x_wconf 76' lang='lat' dir='ltr'><strong>conqreqatio</strong></span> <span class='ocrx_word' id='word_1_70' title='bbox 2487 1731 2650 1799; x_wconf 80' lang='lat' dir='ltr'><strong>reli-</strong></span> 
     </span>
     <span class='ocr_line' id='line_1_11' title="bbox 380 1846 2656 1946; baseline -0.002 -23"><span class='ocrx_word' id='word_1_71' title='bbox 380 1857 592 1946; x_wconf 72' lang='lat' dir='ltr'><strong>qiosa,</strong></span> <span class='ocrx_word' id='word_1_72' title='bbox 642 1853 835 1923; x_wconf 79' lang='lat' dir='ltr'><strong>etiam</strong></span> <span class='ocrx_word' id='word_1_73' title='bbox 881 1852 1284 1944; x_wconf 80' lang='lat' dir='ltr'><strong>improprie;</strong></span> <span class='ocrx_word' id='word_1_74' title='bbox 1334 1850 1658 1941; x_wconf 88' lang='lat' dir='ltr'><strong>siquidem</strong></span> <span class='ocrx_word' id='word_1_75' title='bbox 1705 1868 1836 1916; x_wconf 90' lang='lat' dir='ltr'><strong>non</strong></span> <span class='ocrx_word' id='word_1_76' title='bbox 1871 1846 2382 1937; x_wconf 80' lang='lat' dir='ltr'><strong>distingueretur</strong></span> <span class='ocrx_word' id='word_1_77' title='bbox 2409 1870 2445 1914; x_wconf 90' lang='lat' dir='ltr'><strong>a</strong></span> <span class='ocrx_word' id='word_1_78' title='bbox 2471 1869 2656 1919; x_wconf 90' lang='lat' dir='ltr'><strong>mera</strong></span> 
     </span>
     <span class='ocr_line' id='line_1_12' title="bbox 380 1961 2656 2060; baseline -0.003 -19"><span class='ocrx_word' id='word_1_79' title='bbox 380 1971 901 2041; x_wconf 75' lang='lat' dir='ltr'><strong>confraternitate</strong></span> <span class='ocrx_word' id='word_1_80' title='bbox 926 1991 1038 2038; x_wconf 87' lang='lat' dir='ltr'><strong>seu</strong></span> <span class='ocrx_word' id='word_1_81' title='bbox 1072 1969 1181 2060; x_wconf 92' lang='lat' dir='ltr'><strong>pio</strong></span> <span class='ocrx_word' id='word_1_82' title='bbox 1218 1967 1638 2036; x_wconf 81' lang='lat' dir='ltr'><strong>saecularium</strong></span> <span class='ocrx_word' id='word_1_83' title='bbox 1669 1983 2092 2054; x_wconf 86' lang='lat' dir='ltr'><strong>personarum</strong></span> <span class='ocrx_word' id='word_1_84' title='bbox 2117 1961 2433 2032; x_wconf 80' lang='lat' dir='ltr'><strong>sodalitio.</strong></span> <span class='ocrx_word' id='word_1_85' title='bbox 2465 1961 2656 2034; x_wconf 88' lang='lat' dir='ltr'><strong>Unde</strong></span> 
     </span>
     <span class='ocr_line' id='line_1_13' title="bbox 382 2077 2656 2170; baseline -0.004 -14"><span class='ocrx_word' id='word_1_86' title='bbox 382 2093 454 2156; x_wconf 85' lang='lat' dir='ltr'><strong>ut</strong></span> <span class='ocrx_word' id='word_1_87' title='bbox 478 2107 721 2154; x_wconf 85' lang='lat' dir='ltr'><strong>novum</strong></span> <span class='ocrx_word' id='word_1_88' title='bbox 753 2085 1123 2153; x_wconf 82' lang='lat' dir='ltr'><strong>institutum</strong></span> <span class='ocrx_word' id='word_1_89' title='bbox 1148 2083 1372 2152; x_wconf 83' lang='lat' dir='ltr'><strong>evadat</strong></span> <span class='ocrx_word' id='word_1_90' title='bbox 1394 2079 1809 2168; x_wconf 78' lang='lat' dir='ltr'><strong>congregatio</strong></span> <span class='ocrx_word' id='word_1_91' title='bbox 1839 2077 2532 2170; x_wconf 69' lang='lat' dir='ltr'><strong>religiosa‚improprie</strong></span> <span class='ocrx_word' id='word_1_92' title='bbox 2555 2080 2656 2147; x_wconf 85' lang='lat' dir='ltr'><strong>di-</strong></span> 
     </span>
     <span class='ocr_line' id='line_1_14' title="bbox 382 2193 2660 2285; baseline -0.001 -18"><span class='ocrx_word' id='word_1_93' title='bbox 382 2211 516 2285; x_wconf 82' lang='lat' dir='ltr'><strong>eta,</strong></span> <span class='ocrx_word' id='word_1_94' title='bbox 543 2219 798 2266; x_wconf 83' lang='lat' dir='ltr'><strong>neeesse</strong></span> <span class='ocrx_word' id='word_1_95' title='bbox 824 2205 918 2268; x_wconf 86' lang='lat' dir='ltr'><strong>est</strong></span> <span class='ocrx_word' id='word_1_96' title='bbox 959 2204 1033 2266; x_wconf 87' lang='lat' dir='ltr'><strong>ut</strong></span> <span class='ocrx_word' id='word_1_97' title='bbox 1058 2194 1309 2285; x_wconf 89' lang='lat' dir='ltr'><strong>aliquid</strong></span> <span class='ocrx_word' id='word_1_98' title='bbox 1334 2193 1464 2264; x_wconf 85' lang='lat' dir='ltr'><strong>sibi</strong></span> <span class='ocrx_word' id='word_1_99' title='bbox 1505 2200 1772 2284; x_wconf 83' lang='lat' dir='ltr'><strong>usurpet</strong></span> <span class='ocrx_word' id='word_1_100' title='bbox 1803 2194 1882 2264; x_wconf 91' lang='lat' dir='ltr'><strong>de</strong></span> <span class='ocrx_word' id='word_1_101' title='bbox 1907 2199 2074 2262; x_wconf 84' lang='lat' dir='ltr'><strong>statu</strong></span> <span class='ocrx_word' id='word_1_102' title='bbox 2107 2194 2448 2282; x_wconf 86' lang='lat' dir='ltr'><strong>religioso;</strong></span> <span class='ocrx_word' id='word_1_103' title='bbox 2479 2195 2660 2264; x_wconf 76' lang='lat' dir='ltr'><strong>verbi</strong></span> 
     </span>
     <span class='ocr_line' id='line_1_15' title="bbox 384 2309 2661 2404; baseline 0 -24"><span class='ocrx_word' id='word_1_104' title='bbox 384 2312 613 2404; x_wconf 86' lang='lat' dir='ltr'><strong>gratia,</strong></span> <span class='ocrx_word' id='word_1_105' title='bbox 643 2319 718 2381; x_wconf 90' lang='lat' dir='ltr'><strong>ut</strong></span> <span class='ocrx_word' id='word_1_106' title='bbox 745 2313 977 2382; x_wconf 86' lang='lat' dir='ltr'><strong>habeat</strong></span> <span class='ocrx_word' id='word_1_107' title='bbox 1022 2311 1221 2380; x_wconf 77' lang='lat' dir='ltr'><strong>vitam</strong></span> <span class='ocrx_word' id='word_1_108' title='bbox 1260 2331 1680 2379; x_wconf 88' lang='lat' dir='ltr'><strong>communem</strong></span> <span class='ocrx_word' id='word_1_109' title='bbox 1711 2310 1833 2379; x_wconf 90' lang='lat' dir='ltr'><strong>sub</strong></span> <span class='ocrx_word' id='word_1_110' title='bbox 1874 2310 2152 2400; x_wconf 75' lang='lat' dir='ltr'><strong>alieuJus</strong></span> <span class='ocrx_word' id='word_1_111' title='bbox 2181 2309 2539 2400; x_wconf 88' lang='lat' dir='ltr'><strong>superioris</strong></span> <span class='ocrx_word' id='word_1_112' title='bbox 2557 2331 2661 2380; x_wconf 89' lang='lat' dir='ltr'><strong>re-</strong></span> 
     </span>
     <span class='ocr_line' id='line_1_16' title="bbox 384 2425 2658 2518; baseline 0 -22"><span class='ocrx_word' id='word_1_113' title='bbox 384 2429 659 2518; x_wconf 85' lang='lat' dir='ltr'><strong>gimine,</strong></span> <span class='ocrx_word' id='word_1_114' title='bbox 682 2430 815 2496; x_wconf 87' lang='lat' dir='ltr'><strong>sive</strong></span> <span class='ocrx_word' id='word_1_115' title='bbox 834 2429 1078 2517; x_wconf 85' lang='lat' dir='ltr'><strong>absque</strong></span> <span class='ocrx_word' id='word_1_116' title='bbox 1104 2425 1255 2495; x_wconf 89' lang='lat' dir='ltr'><strong>ullis</strong></span> <span class='ocrx_word' id='word_1_117' title='bbox 1280 2427 1470 2515; x_wconf 67' lang='lat' dir='ltr'><strong>rotie,</strong></span> <span class='ocrx_word' id='word_1_118' title='bbox 1505 2427 1636 2496; x_wconf 81' lang='lat' dir='ltr'><strong>sive</strong></span> <span class='ocrx_word' id='word_1_119' title='bbox 1661 2447 1815 2494; x_wconf 83' lang='lat' dir='ltr'><strong>eum</strong></span> <span class='ocrx_word' id='word_1_120' title='bbox 1845 2425 2055 2495; x_wconf 85' lang='lat' dir='ltr'><strong>tribus</strong></span> <span class='ocrx_word' id='word_1_121' title='bbox 2079 2427 2241 2495; x_wconf 80' lang='lat' dir='ltr'><strong>votis</strong></span> <span class='ocrx_word' id='word_1_122' title='bbox 2269 2426 2353 2496; x_wconf 87' lang='lat' dir='ltr'><strong>ad</strong></span> <span class='ocrx_word' id='word_1_123' title='bbox 2379 2432 2658 2518; x_wconf 78' lang='lat' dir='ltr'><strong>tempuS,</strong></span> 
     </span>
     <span class='ocr_line' id='line_1_17' title="bbox 386 2540 1383 2613; baseline -0.004 0"><span class='ocrx_word' id='word_1_124' title='bbox 386 2545 518 2613; x_wconf 77' lang='lat' dir='ltr'><strong>sive</strong></span> <span class='ocrx_word' id='word_1_125' title='bbox 546 2563 699 2612; x_wconf 84' lang='lat' dir='ltr'><strong>cum</strong></span> <span class='ocrx_word' id='word_1_126' title='bbox 722 2542 858 2613; x_wconf 87' lang='lat' dir='ltr'><strong>solo</strong></span> <span class='ocrx_word' id='word_1_127' title='bbox 884 2547 1030 2612; x_wconf 79' lang='lat' dir='ltr'><strong>voto</strong></span> <span class='ocrx_word' id='word_1_128' title='bbox 1058 2540 1383 2611; x_wconf 85' lang='lat' dir='ltr'><strong>castitatis.</strong></span> 
     </span>
    </p>
   </div>
   <div class='ocr_carea' id='block_1_5' title="bbox 475 2657 2785 2742">
    <p class='ocr_par' dir='ltr' id='par_1_5' title="bbox 475 2657 2785 2742">
     <span class='ocr_line' id='line_1_18' title="bbox 475 2657 2785 2742; baseline -0.002 -12"><span class='ocrx_word' id='word_1_129' title='bbox 475 2659 850 2730; x_wconf 77' lang='lat' dir='ltr'><strong>Pnorosmo</strong></span> <span class='ocrx_word' id='word_1_130' title='bbox 870 2657 975 2728; x_wconf 75' lang='lat'>11².</span> <span class='ocrx_word' id='word_1_131' title='bbox 1004 2697 1093 2710; x_wconf 93' lang='lat'>—</span> <span class='ocrx_word' id='word_1_132' title='bbox 1116 2661 1384 2732; x_wconf 80' lang='lat' dir='ltr'><strong>Necesse</strong></span> <span class='ocrx_word' id='word_1_133' title='bbox 1406 2671 1508 2727; x_wconf 81' lang='lat' dir='ltr'><strong>est</strong></span> <span class='ocrx_word' id='word_1_134' title='bbox 1529 2671 1608 2728; x_wconf 85' lang='lat' dir='ltr'><strong>ut</strong></span> <span class='ocrx_word' id='word_1_135' title='bbox 1653 2681 1902 2727; x_wconf 82' lang='lat' dir='ltr'><strong>novum</strong></span> <span class='ocrx_word' id='word_1_136' title='bbox 1930 2659 2357 2742; x_wconf 81' lang='lat' dir='ltr'><strong>institutum,</strong></span> <span class='ocrx_word' id='word_1_137' title='bbox 2391 2659 2504 2728; x_wconf 86' lang='lat' dir='ltr'><strong>vel</strong></span> <span class='ocrx_word' id='word_1_138' title='bbox 2534 2662 2660 2728; x_wconf 75' lang='lat' dir='ltr'><strong>tria</strong></span> <span class='ocrx_word' id='word_1_139' title='bbox 2784 2695 2785 2700; x_wconf 62' lang='lat'><em>=</em></span> 
     </span>
    </p>
   </div>
   <div class='ocr_carea' id='block_1_6' title="bbox 387 2773 2664 2867">
    <p class='ocr_par' dir='ltr' id='par_1_6' title="bbox 387 2773 2664 2867">
     <span class='ocr_line' id='line_1_19' title="bbox 387 2773 2664 2867; baseline -0 -23"><span class='ocrx_word' id='word_1_140' title='bbox 387 2788 877 2867; x_wconf 81' lang='lat' dir='ltr'><strong>votaperpetua</strong></span> <span class='ocrx_word' id='word_1_141' title='bbox 904 2798 1039 2845; x_wconf 80' lang='lat' dir='ltr'><strong>non</strong></span> <span class='ocrx_word' id='word_1_142' title='bbox 1058 2775 1329 2864; x_wconf 76' lang='lat' dir='ltr'><strong>habeat,</strong></span> <span class='ocrx_word' id='word_1_143' title='bbox 1358 2775 1468 2843; x_wconf 84' lang='lat' dir='ltr'><strong>vel</strong></span> <span class='ocrx_word' id='word_1_144' title='bbox 1491 2773 1577 2866; x_wconf 80' lang='lat' dir='ltr'><strong>(si</strong></span> <span class='ocrx_word' id='word_1_145' title='bbox 1595 2775 1860 2866; x_wconf 77' lang='lat' dir='ltr'><strong>habeat)</strong></span> <span class='ocrx_word' id='word_1_146' title='bbox 1891 2789 1968 2844; x_wconf 82' lang='lat' dir='ltr'><strong>ut</strong></span> <span class='ocrx_word' id='word_1_147' title='bbox 1991 2787 2324 2866; x_wconf 79' lang='lat' dir='ltr'><strong>nequeant</strong></span> <span class='ocrx_word' id='word_1_148' title='bbox 2345 2787 2512 2844; x_wconf 82' lang='lat' dir='ltr'><strong>vota</strong></span> <span class='ocrx_word' id='word_1_149' title='bbox 2531 2777 2664 2844; x_wconf 77' lang='lat' dir='ltr'><strong>hoec</strong></span> 
     </span>
    </p>
   </div>
   <div class='ocr_carea' id='block_1_7' title="bbox 388 2888 2783 2989">
    <p class='ocr_par' dir='ltr' id='par_1_7' title="bbox 388 2888 2783 2989">
     <span class='ocr_line' id='line_1_20' title="bbox 388 2888 2783 2989; baseline -0.002 -29"><span class='ocrx_word' id='word_1_150' title='bbox 388 2915 431 2960; x_wconf 86' lang='lat' dir='ltr'><strong>a</strong></span> <span class='ocrx_word' id='word_1_151' title='bbox 478 2913 837 2982; x_wconf 78' lang='lat' dir='ltr'><strong>quoquam,</strong></span> <span class='ocrx_word' id='word_1_152' title='bbox 888 2889 1155 2960; x_wconf 77' lang='lat' dir='ltr'><strong>nomine</strong></span> <span class='ocrx_word' id='word_1_153' title='bbox 1212 2889 1385 2960; x_wconf 80' lang='lat' dir='ltr'><strong>sedis</strong></span> <span class='ocrx_word' id='word_1_154' title='bbox 1442 2888 1866 2980; x_wconf 81' lang='lat' dir='ltr'><strong>Apostolicae,</strong></span> <span class='ocrx_word' id='word_1_155' title='bbox 1919 2891 2286 2980; x_wconf 82' lang='lat' dir='ltr'><strong>acceptari.</strong></span> <span class='ocrx_word' id='word_1_156' title='bbox 2335 2925 2428 2942; x_wconf 90' lang='lat'><em>-</em></span> <span class='ocrx_word' id='word_1_157' title='bbox 2463 2888 2664 2960; x_wconf 80' lang='lat' dir='ltr'><strong>Debet</strong></span> <span class='ocrx_word' id='word_1_158' title='bbox 2782 2977 2783 2989; x_wconf 12' lang='grc' dir='ltr'>ἢ</span> 
     </span>
    </p>
   </div>
   <div class='ocr_carea' id='block_1_8' title="bbox 387 3004 2664 3209">
    <p class='ocr_par' dir='ltr' id='par_1_8' title="bbox 387 3004 2664 3209">
     <span class='ocr_line' id='line_1_21' title="bbox 388 3004 2660 3099; baseline -0 -23"><span class='ocrx_word' id='word_1_159' title='bbox 388 3027 626 3099; x_wconf 88' lang='lat' dir='ltr'><strong>nempe</strong></span> <span class='ocrx_word' id='word_1_160' title='bbox 652 3009 1037 3076; x_wconf 85' lang='lat' dir='ltr'><strong>alterutrum</strong></span> <span class='ocrx_word' id='word_1_161' title='bbox 1056 3029 1131 3074; x_wconf 86' lang='lat' dir='ltr'><strong>ex</strong></span> <span class='ocrx_word' id='word_1_162' title='bbox 1156 3005 1349 3076; x_wconf 82' lang='lat' dir='ltr'><strong>dictis</strong></span> <span class='ocrx_word' id='word_1_163' title='bbox 1370 3005 1760 3077; x_wconf 85' lang='lat' dir='ltr'><strong>sufficienter</strong></span> <span class='ocrx_word' id='word_1_164' title='bbox 1787 3004 2084 3096; x_wconf 86' lang='lat' dir='ltr'><strong>exprimi,</strong></span> <span class='ocrx_word' id='word_1_165' title='bbox 2113 3006 2319 3074; x_wconf 86' lang='lat' dir='ltr'><strong>autin</strong></span> <span class='ocrx_word' id='word_1_166' title='bbox 2345 3007 2660 3097; x_wconf 86' lang='lat' dir='ltr'><strong>approba-</strong></span> 
     </span>
     <span class='ocr_line' id='line_1_22' title="bbox 387 3119 2664 3209; baseline -0.002 -18"><span class='ocrx_word' id='word_1_167' title='bbox 387 3123 579 3192; x_wconf 83' lang='lat' dir='ltr'><strong>tionis</strong></span> <span class='ocrx_word' id='word_1_168' title='bbox 610 3120 961 3192; x_wconf 79' lang='lat' dir='ltr'><strong>Pontifieiae</strong></span> <span class='ocrx_word' id='word_1_169' title='bbox 982 3120 1291 3208; x_wconf 75' lang='lat' dir='ltr'><strong>formula,</strong></span> <span class='ocrx_word' id='word_1_170' title='bbox 1320 3125 1434 3189; x_wconf 82' lang='lat' dir='ltr'><strong>aut</strong></span> <span class='ocrx_word' id='word_1_171' title='bbox 1465 3119 1536 3187; x_wconf 86' lang='lat' dir='ltr'><strong>in</strong></span> <span class='ocrx_word' id='word_1_172' title='bbox 1567 3119 1847 3188; x_wconf 73' lang='lat' dir='ltr'><strong>formula</strong></span> <span class='ocrx_word' id='word_1_173' title='bbox 1873 3121 2028 3190; x_wconf 78' lang='lat' dir='ltr'><strong>novi</strong></span> <span class='ocrx_word' id='word_1_174' title='bbox 2053 3121 2332 3190; x_wconf 81' lang='lat' dir='ltr'><strong>instituti</strong></span> <span class='ocrx_word' id='word_1_175' title='bbox 2357 3121 2428 3188; x_wconf 88' lang='lat' dir='ltr'><strong>in</strong></span> <span class='ocrx_word' id='word_1_176' title='bbox 2461 3141 2664 3209; x_wconf 86' lang='lat' dir='ltr'><strong>quam</strong></span> 
     </span>
    </p>
   </div>
   <div class='ocr_carea' id='block_1_9' title="bbox 388 3231 2781 3328">
    <p class='ocr_par' dir='ltr' id='par_1_9' title="bbox 388 3231 2781 3328">
     <span class='ocr_line' id='line_1_23' title="bbox 388 3231 2781 3328; baseline -0.003 -21"><span class='ocrx_word' id='word_1_177' title='bbox 388 3238 556 3306; x_wconf 82' lang='lat' dir='ltr'><strong>eadit</strong></span> <span class='ocrx_word' id='word_1_178' title='bbox 600 3237 998 3328; x_wconf 82' lang='lat' dir='ltr'><strong>approbatio.</strong></span> <span class='ocrx_word' id='word_1_179' title='bbox 1050 3235 1219 3306; x_wconf 86' lang='lat' dir='ltr'><strong>Nam</strong></span> <span class='ocrx_word' id='word_1_180' title='bbox 1260 3235 1315 3304; x_wconf 85' lang='lat' dir='ltr'><strong>si</strong></span> <span class='ocrx_word' id='word_1_181' title='bbox 1358 3235 1500 3306; x_wconf 83' lang='lat' dir='ltr'><strong>haec</strong></span> <span class='ocrx_word' id='word_1_182' title='bbox 1537 3236 1666 3304; x_wconf 91' lang='lat' dir='ltr'><strong>duo</strong></span> <span class='ocrx_word' id='word_1_183' title='bbox 1695 3236 1896 3305; x_wconf 88' lang='lat' dir='ltr'><strong>simul</strong></span> <span class='ocrx_word' id='word_1_184' title='bbox 1917 3236 2232 3324; x_wconf 86' lang='lat' dir='ltr'><strong>adessent,</strong></span> <span class='ocrx_word' id='word_1_185' title='bbox 2261 3237 2586 3306; x_wconf 86' lang='lat' dir='ltr'><strong>nimirum</strong></span> <span class='ocrx_word' id='word_1_186' title='bbox 2612 3236 2662 3302; x_wconf 90' lang='lat' dir='ltr'><strong>si</strong></span> <span class='ocrx_word' id='word_1_187' title='bbox 2779 3231 2781 3251; x_wconf 75' lang='lat'>¹</span> 
     </span>
    </p>
   </div>
   <div class='ocr_carea' id='block_1_10' title="bbox 388 3348 2777 3793">
    <p class='ocr_par' dir='ltr' id='par_1_10' title="bbox 388 3348 2777 3793">
     <span class='ocr_line' id='line_1_24' title="bbox 388 3348 2663 3441; baseline 0.001 -26"><span class='ocrx_word' id='word_1_188' title='bbox 388 3349 511 3416; x_wconf 85' lang='lat' dir='ltr'><strong>tria</strong></span> <span class='ocrx_word' id='word_1_189' title='bbox 557 3358 701 3418; x_wconf 78' lang='lat' dir='ltr'><strong>vota</strong></span> <span class='ocrx_word' id='word_1_190' title='bbox 746 3353 1051 3441; x_wconf 83' lang='lat' dir='ltr'><strong>perpetua</strong></span> <span class='ocrx_word' id='word_1_191' title='bbox 1106 3352 1178 3418; x_wconf 93' lang='lat' dir='ltr'><strong>in</strong></span> <span class='ocrx_word' id='word_1_192' title='bbox 1238 3371 1405 3420; x_wconf 83' lang='lat' dir='ltr'><strong>novo</strong></span> <span class='ocrx_word' id='word_1_193' title='bbox 1458 3350 1749 3419; x_wconf 82' lang='lat' dir='ltr'><strong>instituto</strong></span> <span class='ocrx_word' id='word_1_194' title='bbox 1793 3351 2142 3420; x_wconf 82' lang='lat' dir='ltr'><strong>emittenda</strong></span> <span class='ocrx_word' id='word_1_195' title='bbox 2191 3352 2426 3438; x_wconf 85' lang='lat' dir='ltr'><strong>forent,</strong></span> <span class='ocrx_word' id='word_1_196' title='bbox 2479 3357 2542 3419; x_wconf 87' lang='lat' dir='ltr'><strong>et</strong></span> <span class='ocrx_word' id='word_1_197' title='bbox 2589 3348 2663 3418; x_wconf 90' lang='lat' dir='ltr'><strong>ab</strong></span> 
     </span>
     <span class='ocr_line' id='line_1_25' title="bbox 388 3465 2664 3560; baseline 0 -26"><span class='ocrx_word' id='word_1_198' title='bbox 388 3465 605 3557; x_wconf 87' lang='lat' dir='ltr'><strong>aliquo</strong></span> <span class='ocrx_word' id='word_1_199' title='bbox 650 3467 756 3557; x_wconf 85' lang='lat' dir='ltr'><strong>(ad</strong></span> <span class='ocrx_word' id='word_1_200' title='bbox 828 3469 895 3536; x_wconf 91' lang='lat' dir='ltr'><strong>id</strong></span> <span class='ocrx_word' id='word_1_201' title='bbox 954 3467 1323 3537; x_wconf 81' lang='lat' dir='ltr'><strong>facultatem</strong></span> <span class='ocrx_word' id='word_1_202' title='bbox 1398 3469 1696 3560; x_wconf 85' lang='lat' dir='ltr'><strong>habente)</strong></span> <span class='ocrx_word' id='word_1_203' title='bbox 1743 3470 2156 3560; x_wconf 81' lang='lat' dir='ltr'><strong>acceptanda,</strong></span> <span class='ocrx_word' id='word_1_204' title='bbox 2239 3472 2382 3560; x_wconf 86' lang='lat' dir='ltr'><strong>jam</strong></span> <span class='ocrx_word' id='word_1_205' title='bbox 2435 3472 2664 3538; x_wconf 87' lang='lat' dir='ltr'><strong>inesset</strong></span> 
     </span>
     <span class='ocr_line' id='line_1_26' title="bbox 390 3580 2777 3677; baseline 0 -28"><span class='ocrx_word' id='word_1_206' title='bbox 390 3580 545 3650; x_wconf 86' lang='lat' dir='ltr'><strong>huie</strong></span> <span class='ocrx_word' id='word_1_207' title='bbox 582 3581 881 3652; x_wconf 81' lang='lat' dir='ltr'><strong>instituto</strong></span> <span class='ocrx_word' id='word_1_208' title='bbox 907 3605 1059 3652; x_wconf 86' lang='lat' dir='ltr'><strong>vera</strong></span> <span class='ocrx_word' id='word_1_209' title='bbox 1086 3589 1149 3651; x_wconf 88' lang='lat' dir='ltr'><strong>et</strong></span> <span class='ocrx_word' id='word_1_210' title='bbox 1186 3589 1315 3652; x_wconf 85' lang='lat' dir='ltr'><strong>tota</strong></span> <span class='ocrx_word' id='word_1_211' title='bbox 1361 3584 1648 3674; x_wconf 84' lang='lat' dir='ltr'><strong>religiosi</strong></span> <span class='ocrx_word' id='word_1_212' title='bbox 1678 3591 1883 3655; x_wconf 80' lang='lat' dir='ltr'><strong>status</strong></span> <span class='ocrx_word' id='word_1_213' title='bbox 1927 3586 2200 3656; x_wconf 83' lang='lat' dir='ltr'><strong>essentia</strong></span> <span class='ocrx_word' id='word_1_214' title='bbox 2233 3609 2249 3653; x_wconf 89' lang='lat'><strong>:</strong></span> <span class='ocrx_word' id='word_1_215' title='bbox 2294 3607 2418 3654; x_wconf 85' lang='lat' dir='ltr'><strong>nee</strong></span> <span class='ocrx_word' id='word_1_216' title='bbox 2461 3589 2666 3677; x_wconf 87' lang='lat' dir='ltr'><strong>posset</strong></span> <span class='ocrx_word' id='word_1_217' title='bbox 2775 3637 2777 3640; x_wconf 26' lang='lat'><strong>⁴</strong></span> 
     </span>
     <span class='ocr_line' id='line_1_27' title="bbox 390 3697 2666 3793; baseline 0.001 -29"><span class='ocrx_word' id='word_1_218' title='bbox 390 3716 427 3764; x_wconf 88' lang='lat' dir='ltr'><strong>a</strong></span> <span class='ocrx_word' id='word_1_219' title='bbox 476 3697 627 3766; x_wconf 88' lang='lat' dir='ltr'><strong>sede</strong></span> <span class='ocrx_word' id='word_1_220' title='bbox 669 3699 1039 3788; x_wconf 85' lang='lat' dir='ltr'><strong>Apostolica</strong></span> <span class='ocrx_word' id='word_1_221' title='bbox 1087 3699 1461 3768; x_wconf 80' lang='lat' dir='ltr'><strong>institutum</strong></span> <span class='ocrx_word' id='word_1_222' title='bbox 1517 3700 1681 3769; x_wconf 88' lang='lat' dir='ltr'><strong>illud</strong></span> <span class='ocrx_word' id='word_1_223' title='bbox 1739 3700 2108 3793; x_wconf 88' lang='lat' dir='ltr'><strong>approbari,</strong></span> <span class='ocrx_word' id='word_1_224' title='bbox 2141 3702 2303 3791; x_wconf 89' lang='lat' dir='ltr'><strong>quin</strong></span> <span class='ocrx_word' id='word_1_225' title='bbox 2359 3702 2484 3770; x_wconf 85' lang='lat' dir='ltr'><strong>hoc</strong></span> <span class='ocrx_word' id='word_1_226' title='bbox 2527 3701 2666 3791; x_wconf 91' lang='lat' dir='ltr'><strong>ipso</strong></span> 
     </span>
    </p>
   </div>
   <div class='ocr_carea' id='block_1_11' title="bbox 388 3807 2775 3909">
    <p class='ocr_par' dir='ltr' id='par_1_11' title="bbox 388 3807 2775 3909">
     <span class='ocr_line' id='line_1_28' title="bbox 388 3807 2775 3909; baseline -0.017 10"><span class='ocrx_word' id='word_1_227' title='bbox 388 3816 853 3904; x_wconf 62' lang='lat' dir='ltr'><strong>”ppmbaretuf</strong></span> <span class='ocrx_word' id='word_1_228' title='bbox 902 3820 1209 3904; x_wconf 63' lang='lat' dir='ltr'><strong>tanquam</strong></span> <span class='ocrx_word' id='word_1_229' title='bbox 1256 3817 1666 3906; x_wconf 71' lang='lat' dir='ltr'><strong>congregatio</strong></span> <span class='ocrx_word' id='word_1_230' title='bbox 1709 3818 1987 3909; x_wconf 82' lang='lat' dir='ltr'><strong>proprie</strong></span> <span class='ocrx_word' id='word_1_231' title='bbox 2039 3817 2376 3907; x_wconf 74' lang='lat' dir='ltr'><strong>reliqiosa.</strong></span> <span class='ocrx_word' id='word_1_232' title='bbox 2433 3816 2664 3906; x_wconf 84' lang='lat' dir='ltr'><strong>Nequit</strong></span> <span class='ocrx_word' id='word_1_233' title='bbox 2773 3807 2775 3849; x_wconf 61' lang='lat'>³</span> 
     </span>
    </p>
   </div>
   <div class='ocr_carea' id='block_1_12' title="bbox 386 3928 2773 4492">
    <p class='ocr_par' dir='ltr' id='par_1_12' title="bbox 386 3928 2773 4492">
     <span class='ocr_line' id='line_1_29' title="bbox 390 3928 2658 4025; baseline 0.001 -28"><span class='ocrx_word' id='word_1_234' title='bbox 390 3930 570 3997; x_wconf 88' lang='lat' dir='ltr'><strong>enim</strong></span> <span class='ocrx_word' id='word_1_235' title='bbox 590 3931 800 4000; x_wconf 78' lang='lat' dir='ltr'><strong>&#39;facere</strong></span> <span class='ocrx_word' id='word_1_236' title='bbox 828 3928 1157 4000; x_wconf 85' lang='lat' dir='ltr'><strong>Romanus</strong></span> <span class='ocrx_word' id='word_1_237' title='bbox 1185 3929 1497 4018; x_wconf 84' lang='lat' dir='ltr'><strong>Pontifex,</strong></span> <span class='ocrx_word' id='word_1_238' title='bbox 1531 3933 1903 4002; x_wconf 83' lang='lat' dir='ltr'><strong>institutum</strong></span> <span class='ocrx_word' id='word_1_239' title='bbox 1931 3931 2192 4024; x_wconf 86' lang='lat' dir='ltr'><strong>aliquod</strong></span> <span class='ocrx_word' id='word_1_240' title='bbox 2220 3931 2658 4025; x_wconf 88' lang='lat' dir='ltr'><strong>approbando,</strong></span> 
     </span>
     <span class='ocr_line' id='line_1_30' title="bbox 390 4043 2773 4140; baseline 0.002 -28"><span class='ocrx_word' id='word_1_241' title='bbox 390 4049 466 4112; x_wconf 92' lang='lat' dir='ltr'><strong>ut</strong></span> <span class='ocrx_word' id='word_1_242' title='bbox 508 4043 875 4116; x_wconf 85' lang='lat' dir='ltr'><strong>institutum</strong></span> <span class='ocrx_word' id='word_1_243' title='bbox 917 4048 1043 4118; x_wconf 85' lang='lat' dir='ltr'><strong>hoc</strong></span> <span class='ocrx_word' id='word_1_244' title='bbox 1086 4069 1217 4117; x_wconf 90' lang='lat' dir='ltr'><strong>non</strong></span> <span class='ocrx_word' id='word_1_245' title='bbox 1254 4049 1337 4118; x_wconf 80' lang='lat' dir='ltr'><strong>sit</strong></span> <span class='ocrx_word' id='word_1_246' title='bbox 1370 4049 1438 4117; x_wconf 90' lang='lat' dir='ltr'><strong>id</strong></span> <span class='ocrx_word' id='word_1_247' title='bbox 1488 4051 1662 4139; x_wconf 89' lang='lat' dir='ltr'><strong>quod</strong></span> <span class='ocrx_word' id='word_1_248' title='bbox 1691 4056 1786 4120; x_wconf 88' lang='lat' dir='ltr'><strong>est</strong></span> <span class='ocrx_word' id='word_1_249' title='bbox 1811 4071 1888 4120; x_wconf 90' lang='lat' dir='ltr'><strong>ex</strong></span> <span class='ocrx_word' id='word_1_250' title='bbox 1911 4050 2186 4120; x_wconf 84' lang='lat' dir='ltr'><strong>essentia</strong></span> <span class='ocrx_word' id='word_1_251' title='bbox 2213 4071 2352 4119; x_wconf 85' lang='lat' dir='ltr'><strong>sua.</strong></span> <span class='ocrx_word' id='word_1_252' title='bbox 2390 4049 2473 4119; x_wconf 86' lang='lat' dir='ltr'><strong>Et</strong></span> <span class='ocrx_word' id='word_1_253' title='bbox 2493 4045 2660 4128; x_wconf 86' lang='lat' dir='ltr'><strong>ideo,</strong></span> <span class='ocrx_word' id='word_1_254' title='bbox 2771 4109 2773 4140; x_wconf 24' lang='grc' dir='ltr'><strong>ἐ</strong></span> 
     </span>
     <span class='ocr_line' id='line_1_31' title="bbox 386 4151 2773 4258; baseline 0 -29"><span class='ocrx_word' id='word_1_255' title='bbox 386 4167 581 4252; x_wconf 88' lang='lat' dir='ltr'><strong>prout</strong></span> <span class='ocrx_word' id='word_1_256' title='bbox 608 4183 801 4253; x_wconf 86' lang='lat' dir='ltr'><strong>supra</strong></span> <span class='ocrx_word' id='word_1_257' title='bbox 821 4165 971 4254; x_wconf 82' lang='lat' dir='ltr'><strong>jam</strong></span> <span class='ocrx_word' id='word_1_258' title='bbox 1016 4164 1491 4250; x_wconf 76' lang='lat' dir='ltr'><strong>adnotavimus,</strong></span> <span class='ocrx_word' id='word_1_259' title='bbox 1525 4189 1682 4236; x_wconf 86' lang='lat' dir='ltr'><strong>cum</strong></span> <span class='ocrx_word' id='word_1_260' title='bbox 1729 4167 1920 4236; x_wconf 78' lang='lat' dir='ltr'><strong>vesset</strong></span> <span class='ocrx_word' id='word_1_261' title='bbox 1965 4167 2383 4258; x_wconf 77' lang='lat' dir='ltr'><strong>congregatio</strong></span> <span class='ocrx_word' id='word_1_262' title='bbox 2413 4163 2664 4234; x_wconf 80' lang='lat' dir='ltr'><strong>Missio—</strong></span> <span class='ocrx_word' id='word_1_263' title='bbox 2771 4151 2773 4210; x_wconf 69' lang='grc' dir='ltr'><em>ἕ</em></span> 
     </span>
     <span class='ocr_line' id='line_1_32' title="bbox 396 4263 2664 4374; baseline 0 -32"><span class='ocrx_word' id='word_1_264' title='bbox 396 4275 507 4343; x_wconf 81' lang='lat' dir='ltr'><strong>nis</strong></span> <span class='ocrx_word' id='word_1_265' title='bbox 554 4275 695 4366; x_wconf 87' lang='lat' dir='ltr'><strong>(des</strong></span> <span class='ocrx_word' id='word_1_266' title='bbox 734 4276 1112 4372; x_wconf 81' lang='lat' dir='ltr'><strong>Lazaristes)</strong></span> <span class='ocrx_word' id='word_1_267' title='bbox 1140 4281 1377 4351; x_wconf 90' lang='lat' dir='ltr'><strong>habere</strong></span> <span class='ocrx_word' id='word_1_268' title='bbox 1406 4283 1534 4351; x_wconf 89' lang='lat' dir='ltr'><strong>tria</strong></span> <span class='ocrx_word' id='word_1_269' title='bbox 1549 4263 1708 4351; x_wconf 45' lang='lat' dir='ltr'><strong>‘vota</strong></span> <span class='ocrx_word' id='word_1_270' title='bbox 1741 4288 2075 4374; x_wconf 86' lang='lat' dir='ltr'><strong>perpetua,</strong></span> <span class='ocrx_word' id='word_1_271' title='bbox 2121 4288 2184 4352; x_wconf 87' lang='lat' dir='ltr'><strong>et</strong></span> <span class='ocrx_word' id='word_1_272' title='bbox 2233 4281 2664 4353; x_wconf 87' lang='lat' dir='ltr'><strong>nihilominus</strong></span> 
     </span>
     <span class='ocr_line' id='line_1_33' title="bbox 390 4395 2771 4492; baseline 0.003 -40"><span class='ocrx_word' id='word_1_273' title='bbox 390 4405 723 4459; x_wconf 84' lang='lat' dir='ltr'><strong>remanere</strong></span> <span class='ocrx_word' id='word_1_274' title='bbox 752 4411 930 4462; x_wconf 88' lang='lat' dir='ltr'><strong>mere</strong></span> <span class='ocrx_word' id='word_1_275' title='bbox 974 4395 1329 4479; x_wconf 81' lang='lat' dir='ltr'><strong>saecularis,</strong></span> <span class='ocrx_word' id='word_1_276' title='bbox 1358 4417 1520 4487; x_wconf 88' lang='lat' dir='ltr'><strong>opus</strong></span> <span class='ocrx_word' id='word_1_277' title='bbox 1549 4398 1675 4468; x_wconf 80' lang='lat' dir='ltr'><strong>fuit</strong></span> <span class='ocrx_word' id='word_1_278' title='bbox 1710 4400 1782 4469; x_wconf 89' lang='lat' dir='ltr'><strong>in</strong></span> <span class='ocrx_word' id='word_1_279' title='bbox 1835 4397 2320 4492; x_wconf 84' lang='lat' dir='ltr'><strong>approbationis</strong></span> <span class='ocrx_word' id='word_1_280' title='bbox 2355 4395 2528 4466; x_wconf 87' lang='lat' dir='ltr'><strong>bulla</strong></span> <span class='ocrx_word' id='word_1_281' title='bbox 2548 4411 2666 4460; x_wconf 84' lang='lat' dir='ltr'><strong>ex·-</strong></span> <span class='ocrx_word' id='word_1_282' title='bbox 2769 4397 2771 4442; x_wconf 58' lang='grc' dir='ltr'><strong><em>ὲ</em></strong></span> 
     </span>
    </p>
   </div>
   <div class='ocr_carea' id='block_1_13' title="bbox 2770 3447 2782 4037">
    <p class='ocr_par' dir='ltr' id='par_1_13' title="bbox 2770 3447 2782 4037">
     <span class='ocr_line' id='line_1_34' title="bbox 2770 3447 2782 4037; baseline 0 0"><span class='ocrx_word' id='word_1_283' title='bbox 2770 3447 2782 4037; x_wconf 95' lang='lat' dir='ltr'><strong> </strong></span> 
     </span>
    </p>
   </div>
  </div>
 </body>
</html>
