2834 4959
1040 344 1191 396 PARS
1238 344 1532 394 secunus.
2292 340 2420 399 295

35 512 37 575 ἐ
170 464 239 533 ad
282 463 677 555 Apostolicas
714 464 1199 535 constitutiones
1241 466 1594 538 Clementis
1639 467 1811 553 Vlll,
1843 466 2144 559 Gregorii
2183 468 2308 540 XV
2361 484 2423 543 et

172 576 389 649 Urbani
446 576 622 663 Vm,
670 599 821 668 quae
874 580 955 649 de
1000 601 1321 651 novorum
1376 588 1818 653 conventuum
1875 586 2195 655 erectione
2244 590 2422 659 varia

168 694 597 763 decreverunt.
645 693 817 763 Nam
854 692 953 763 ibi
985 696 1252 786 quidem
1286 698 1613 781 statuitur,
1655 720 1738 767 ne
1774 700 1925 767 novi
1954 700 2282 791 regulares
2321 703 2424 773 in·

166 809 597 893 inducantur,
642 810 769 878 nisi
812 809 1057 901 absque
1086 811 1363 881 aliorum
1400 816 1540 904 jam
1579 813 1676 881 ibi
1717 814 2130 885 existentium
2163 818 2423 909 proeju-

166 922 319 993 dicio
360 922 698 995 commode
752 924 839 993 ali
892 925 1147 995 valeant
1174 949 1198 994 t
1252 928 1361 996 sed
1414 927 1495 998 de
1545 928 1960 1021 praecavendo
2009 933 2276 1023 parochi
2315 942 2424 1004 aut

35 1016 37 1101 ᾗ
166 1040 531 1129 parochialis
586 1039 873 1109 eoclesiae
920 1041 1323 1134 praejudicio,
1379 1042 1550 1113 nihil
1603 1044 1674 1113 in
1727 1043 1808 1113 iis
1861 1046 2426 1117 constitutionibus

169 1156 547 1245 disponitur3
615 1162 811 1247 prout
864 1155 1121 1227 duobus
1172 1158 1618 1250 superioribus
1666 1160 2086 1253 paragraphis
2144 1164 2426 1233 ostendi-

172 1292 332 1340 mus.
370 1272 703 1341 Nimirum
745 1272 907 1342 dicti
948 1271 1316 1360 Pontifices,
1360 1276 1575 1367 quoad
1619 1276 2115 1367 praecavendum
2161 1276 2422 1368 parochi

170 1392 633 1481 praejudicium,
673 1390 770 1460 nil
822 1393 980 1463 novi
1026 1398 1413 1477 statuerunt,
1455 1396 1564 1465 sed
1599 1397 1712 1486 jus
1750 1403 1936 1467 antea
1977 1398 2202 1488 vigens
2231 1402 2424 1489 prout

167 1513 292 1575 erat
308 1504 727 1598 reliquerunt.
762 1506 851 1576 At

240 1621 303 1690 2⁰
344 1623 571 1714 Neque
622 1623 733 1693 alii
783 1624 957 1714 juris
1000 1629 1206 1693 textus
1252 1626 1537 1717 parocho
1585 1626 1911 1709 tribuunt,
1966 1633 2039 1696 ut
2089 1649 2225 1697 sese
2273 1626 2426 1695 novi

35 1726 37 1733 ’
166 1744 501 1807 conventus
546 1738 853 1809 erectioni
894 1758 1219 1831 opponere
1270 1740 1500 1829 valeat,
1547 1740 1635 1811 ob
1673 1744 1844 1812 dicta
1885 1742 2270 1833 praejudicia
2301 1762 2426 1833 pa-

36 1876 38 1881 ·
166 1854 535 1923 rochialium
576 1854 834 1945 jurium
884 1875 1020 1923 non
1063 1856 1303 1925 laesiva.
1359 1854 1600 1923 Nullus
1639 1856 1816 1925 enim
1859 1878 1935 1926 ex
1973 1857 2112 1925 istis
2147 1855 2424 1925 textibus

167 1966 471 2035 exclusive
517 1972 643 2059 agit
698 1969 781 2039 de
831 1969 985 2040 novi
1036 1974 1393 2039 conventus
1441 1990 1556 2038 seu
1607 1969 1888 2039 ecclesiae
1935 1968 2252 2061 regularis
2290 1990 2426 2039 ere-

35 2060 38 2105 *
166 2080 385 2151 ctione.
438 2080 556 2153 Sed
598 2085 961 2175 generatim
1006 2082 1369 2155 decernunt
1414 2084 1827 2154 exstruendas
1871 2106 2004 2153 non
2048 2104 2184 2153 esse
2225 2102 2423 2152 novas

35 2242 37 2255 ·
165 2200 435 2270 ecclesias
516 2204 674 2294 (sive
729 2203 1053 2294 regulares
1110 2203 1247 2271 sive
1310 2195 1674 2294 saeculares)
1739 2222 1896 2271 cum
1957 2200 2232 2271 aliarum
2279 2202 2420 2291 jam

166 2316 557 2389 existentium
606 2318 1004 2411 praejudicio.
1058 2316 1436 2411 Praecipuus
1477 2340 1553 2389 ex
1593 2318 1730 2388 istis
1765 2319 2042 2388 textibus
2089 2323 2186 2387 est
2229 2322 2422 2409 caput

166 2432 609 2503 Intelleaeimus
628 2434 721 2525 (1,
750 2434 915 2503 tituli
944 2432 1031 2505 32
1051 2432 1133 2503 de
1148 2435 1324 2507 Novi
1346 2435 1564 2527 operis
1579 2434 2056 2527 nuntiatione),
2083 2433 2153 2501 in
2174 2452 2306 2524 quo
2325 2432 2418 2501 sic

164 2547 512 2621 decernitur
538 2572 561 2618 t
608 2549 823 2621 Nulla
862 2548 1129 2619 ecelesia
1171 2550 1250 2618 in
1293 2550 1767 2641 praejudicium
1811 2562 1906 2619 est
1945 2550 2223 2620 alterius
2271 2568 2422 2619 con-

164 2662 485 2734 struenda.
519 2663 700 2734 Dum
726 2663 964 2733 dicitur
989 2664 1189 2733 nulla
1224 2663 1517 2753 ecclesia,
1547 2665 2036 2753 intelligendum
2059 2672 2154 2735 est
2175 2672 2310 2733 tam
2337 2664 2420 2733 de

168 2777 564 2850 sacularibus
594 2801 793 2871 quam
820 2779 901 2848 de
926 2777 1359 2871 regularibus.
1395 2776 1586 2845 Unde
1603 2778 1716 2866 jus
1747 2776 1840 2843 ibi
1871 2783 2183 2846 statutum
2203 2776 2418 2866 quoad

166 2914 333 2965 novae
364 2896 649 2967 ecclesiae
686 2894 1001 2988 regularis
1037 2894 1452 2980 erectionem,
1485 2890 1661 2961 idem
1698 2890 1970 2961 omnino
1999 2898 2094 2961 est
2131 2888 2308 2980 quod
2345 2886 2424 2957 de

168 3013 579 3083 construenda
597 3012 886 3083 saeculari
910 3011 1179 3083 ecclesia
1202 3033 1315 3081 seu
1344 3009 1622 3080 oratorio
1646 3006 1931 3101 publico.
1959 3005 2114 3095 Sed,
2142 3028 2218 3075 ex
2243 3026 2424 3099 prae-

168 3127 393 3198 cedenti
448 3129 854 3223 probatione,
915 3132 1165 3199 certum
1222 3134 1315 3197 est
1364 3125 1656 3197 construi
1709 3144 1892 3216 posse
1935 3142 2168 3193 novam
2219 3120 2426 3189 eccle·

168 3240 316 3309 siam
366 3244 749 3315 saecularem
797 3262 912 3313 seu
954 3240 1307 3314 oratorium
1352 3241 1722 3334 publicum,
1778 3237 2079 3329 quamvis
2123 3240 2426 3327 sequatur

164 3360 521 3433 imminutio
548 3384 909 3435 concursus
934 3364 1211 3457 populi
1192 3386 1264 3432 m
1302 3359 1656 3454 parochiali
1685 3358 1977 3444 ecclesia,
2019 3379 2272 3428 necnon
2299 3360 2427 3429 im-

168 3474 433 3551 minutio
476 3480 882 3551 oblationum
920 3480 1217 3572 parochi,
1265 3484 1327 3547 et
1368 3478 1497 3547 alia
1552 3473 1870 3567 ejusmodi
1897 3475 2274 3568 praejudicia
2311 3496 2428 3565 pa·

166 3594 537 3667 rochialium
575 3598 835 3688 jurium
874 3617 1012 3666 non
1064 3594 1324 3681 laesiva3
1388 3613 1544 3683 ergo
1598 3592 1760 3661 dum
1809 3590 2076 3673 dicitur,
2117 3592 2188 3658 in
2238 3588 2428 3657 citato

166 3716 347 3799 textu,
375 3716 449 3785 in
468 3712 956 3807 praejudicium
988 3710 1303 3797 alterius,
1335 3732 1526 3781 voces
1553 3708 1678 3779 inae
1702 3703 2138 3797 intelligendae
2169 3709 2322 3772 sunt
2344 3704 2422 3773 de

165 3831 526 3920 praejudicio
546 3830 765 3900 stricte
788 3834 1077 3921 sumpto,
1102 3827 1168 3899 id
1186 3835 1304 3917 est,
1313 3826 1583 3918 jurium
1603 3826 1864 3895 alterius
1881 3819 2165 3893 ecclesiae
2181 3818 2421 3888 laesivo.

246 3940 391 4015 Haec
407 3952 629 4017 autem
649 3944 1085 4037 interpretatio
1104 3944 1331 4036 capitis
1354 3941 1840 4025 IntelleximuS‚
1875 3938 2020 4008 aliis
2039 3936 2233 4004 etiam
2260 3935 2432 4021 ejus—

170 4063 327 4133 modi
352 4062 637 4135 textibus
677 4061 759 4131 ad
789 4084 933 4132 rem
978 4060 1367 4133 facientibus
1395 4057 1775 4152 applicanda
1803 4058 2000 4125 venit.
2035 4051 2211 4121 Dum
2250 4050 2431 4121 enim

168 4174 509 4272 disponunt
534 4178 991 4250 exstruendam
1026 4198 1163 4247 non
1186 4198 1320 4247 esse
1347 4176 1682 4245 ecclesiam
1709 4193 1860 4241 cum
1890 4168 2168 4238 aliarum
2195 4164 2431 4259 praeju-

168 4290 346 4382 dicio,
382 4296 455 4367 id
478 4318 666 4388 aeque
692 4296 1054 4365 decernunt
1070 4292 1285 4384 quoad
1309 4290 1647 4363 saeculares
1665 4292 1729 4356 et
1756 4284 2082 4376 regulares
2108 4278 2427 4354 ecclesias.

240 4408 561 4483 Pnonmo
608 4410 750 4482 111⁸.
808 4450 899 4465 -
952 4408 1047 4480 Ex
1096 4408 1399 4479 absurdis
1444 4426 1588 4497 quae
1647 4401 1802 4471 alias
1855 4406 2298 4493 sequerentur.
2347 4432 2438 4451 -
