<?xml version="1.0" encoding="UTF-8"?>
<!DOCTYPE html PUBLIC "-//W3C//DTD XHTML 1.0 Transitional//EN"
    "http://www.w3.org/TR/xhtml1/DTD/xhtml1-transitional.dtd">
<html xmlns="http://www.w3.org/1999/xhtml" xml:lang="en" lang="en">
 <head>
  <title>
</title>
<meta http-equiv="Content-Type" content="text/html;charset=utf-8" />
  <meta name='ocr-system' content='tesseract 3.04.00' />
  <meta name='ocr-capabilities' content='ocr_page ocr_carea ocr_par ocr_line ocrx_word'/>
</head>
<body>
  <div class='ocr_page' id='page_1' title='image "./tractatusdejure01unkngoog_0532.png"; bbox 0 0 2834 4959; ppageno 0'>
   <div class='ocr_carea' id='block_1_1' title="bbox 407 276 2093 382">
    <p class='ocr_par' dir='ltr' id='par_1_1' title="bbox 407 276 2093 382">
     <span class='ocr_line' id='line_1_1' title="bbox 407 276 2093 382; baseline -0.008 -15"><span class='ocrx_word' id='word_1_1' title='bbox 407 311 531 368; x_wconf 72' lang='grc'><strong>514</strong></span> <span class='ocrx_word' id='word_1_2' title='bbox 973 309 1316 358; x_wconf 67' lang='lat' dir='ltr'><strong>rme-runs</strong></span> <span class='ocrx_word' id='word_1_3' title='bbox 1359 309 1441 356; x_wconf 76' lang='lat' dir='ltr'><strong>nn</strong></span> <span class='ocrx_word' id='word_1_4' title='bbox 1483 306 1633 353; x_wconf 72' lang='lat' dir='ltr'><strong>mna</strong></span> <span class='ocrx_word' id='word_1_5' title='bbox 1678 276 2093 382; x_wconf 62' lang='lat' dir='ltr'><strong>nnbnmmu.</strong></span> 
     </span>
    </p>
   </div>
   <div class='ocr_carea' id='block_1_2' title="bbox 311 427 2672 872">
    <p class='ocr_par' dir='ltr' id='par_1_2' title="bbox 311 427 2672 872">
     <span class='ocr_line' id='line_1_2' title="bbox 491 427 2667 522; baseline -0.001 -18"><span class='ocrx_word' id='word_1_6' title='bbox 491 433 717 504; x_wconf 84' lang='lat' dir='ltr'><strong>Fateor</strong></span> <span class='ocrx_word' id='word_1_7' title='bbox 739 438 956 502; x_wconf 87' lang='lat' dir='ltr'><strong>tamen</strong></span> <span class='ocrx_word' id='word_1_8' title='bbox 983 432 1184 499; x_wconf 89' lang='lat' dir='ltr'><strong>mein</strong></span> <span class='ocrx_word' id='word_1_9' title='bbox 1231 436 1533 522; x_wconf 88' lang='lat' dir='ltr'><strong>promptu</strong></span> <span class='ocrx_word' id='word_1_10' title='bbox 1568 449 1698 496; x_wconf 87' lang='lat' dir='ltr'><strong>non</strong></span> <span class='ocrx_word' id='word_1_11' title='bbox 1729 427 1967 496; x_wconf 87' lang='lat' dir='ltr'><strong>habere</strong></span> <span class='ocrx_word' id='word_1_12' title='bbox 2002 436 2421 517; x_wconf 80' lang='lat' dir='ltr'><strong>argumenta,</strong></span> <span class='ocrx_word' id='word_1_13' title='bbox 2442 431 2667 521; x_wconf 81' lang='lat' dir='ltr'><strong>quibus</strong></span> 
     </span>
     <span class='ocr_line' id='line_1_3' title="bbox 401 541 2669 643; baseline -0.001 -24"><span class='ocrx_word' id='word_1_14' title='bbox 401 549 832 643; x_wconf 76' lang='lat' dir='ltr'>peremptorie</span> <span class='ocrx_word' id='word_1_15' title='bbox 873 546 1194 616; x_wconf 84' lang='lat' dir='ltr'><strong>confutari</strong></span> <span class='ocrx_word' id='word_1_16' title='bbox 1233 566 1415 636; x_wconf 88' lang='lat' dir='ltr'><strong>posse</strong></span> <span class='ocrx_word' id='word_1_17' title='bbox 1440 544 1815 636; x_wconf 87' lang='lat' dir='ltr'><strong>opinionem</strong></span> <span class='ocrx_word' id='word_1_18' title='bbox 1852 541 2037 612; x_wconf 90' lang='lat' dir='ltr'><strong>illam</strong></span> <span class='ocrx_word' id='word_1_19' title='bbox 2082 544 2459 614; x_wconf 81' lang='lat' dir='ltr'><strong>existimem.</strong></span> <span class='ocrx_word' id='word_1_20' title='bbox 2500 547 2669 628; x_wconf 84' lang='lat' dir='ltr'><strong>Qua·</strong></span> 
     </span>
     <span class='ocr_line' id='line_1_4' title="bbox 311 657 2665 760; baseline -0.003 -22"><span class='ocrx_word' id='word_1_21' title='bbox 311 715 332 738; x_wconf 71' lang='lat'><em>0</em></span> <span class='ocrx_word' id='word_1_22' title='bbox 403 671 662 759; x_wconf 86' lang='lat' dir='ltr'><strong>propter</strong></span> <span class='ocrx_word' id='word_1_23' title='bbox 729 663 1195 734; x_wconf 77' lang='lat' dir='ltr'><strong>enucleandam</strong></span> <span class='ocrx_word' id='word_1_24' title='bbox 1264 660 1685 760; x_wconf 65' lang='lat' dir='ltr'><strong>quaestionem</strong></span> <span class='ocrx_word' id='word_1_25' title='bbox 1742 657 2037 748; x_wconf 89' lang='lat' dir='ltr'><strong>relinquo</strong></span> <span class='ocrx_word' id='word_1_26' title='bbox 2086 659 2170 728; x_wconf 89' lang='lat' dir='ltr'><strong>iis</strong></span> <span class='ocrx_word' id='word_1_27' title='bbox 2224 661 2665 751; x_wconf 83' lang='lat' dir='ltr'><strong>scriptoribus,</strong></span> 
     </span>
     <span class='ocr_line' id='line_1_5' title="bbox 402 774 2672 872; baseline -0.002 -23"><span class='ocrx_word' id='word_1_28' title='bbox 402 781 516 872; x_wconf 90' lang='lat' dir='ltr'><strong>qui</strong></span> <span class='ocrx_word' id='word_1_29' title='bbox 557 777 922 848; x_wconf 86' lang='lat' dir='ltr'><strong>uberiorem</strong></span> <span class='ocrx_word' id='word_1_30' title='bbox 953 780 1074 847; x_wconf 85' lang='lat' dir='ltr'><strong>hae</strong></span> <span class='ocrx_word' id='word_1_31' title='bbox 1127 776 1206 846; x_wconf 88' lang='lat' dir='ltr'><strong>de</strong></span> <span class='ocrx_word' id='word_1_32' title='bbox 1235 798 1308 844; x_wconf 87' lang='lat' dir='ltr'><strong>re</strong></span> <span class='ocrx_word' id='word_1_33' title='bbox 1349 777 1893 844; x_wconf 85' lang='lat' dir='ltr'><strong>documentorum</strong></span> <span class='ocrx_word' id='word_1_34' title='bbox 1936 774 2195 866; x_wconf 89' lang='lat' dir='ltr'><strong>copiam</strong></span> <span class='ocrx_word' id='word_1_35' title='bbox 2232 774 2362 844; x_wconf 87' lang='lat' dir='ltr'><strong>sibi</strong></span> <span class='ocrx_word' id='word_1_36' title='bbox 2418 798 2672 869; x_wconf 87' lang='lat' dir='ltr'><strong>compa-</strong></span> 
     </span>
    </p>
   </div>
   <div class='ocr_carea' id='block_1_3' title="bbox 339 897 940 986">
    <p class='ocr_par' dir='ltr' id='par_1_3' title="bbox 339 897 940 986">
     <span class='ocr_line' id='line_1_6' title="bbox 339 897 940 986; baseline -0.007 -20"><span class='ocrx_word' id='word_1_37' title='bbox 339 897 346 904; x_wconf 76' lang='grc'><strong><em>’</em></strong></span> <span class='ocrx_word' id='word_1_38' title='bbox 401 918 543 965; x_wconf 89' lang='lat' dir='ltr'><strong>rare</strong></span> <span class='ocrx_word' id='word_1_39' title='bbox 573 900 940 986; x_wconf 86' lang='lat' dir='ltr'><strong>potuerunt.</strong></span> 
     </span>
    </p>
   </div>
   <div class='ocr_carea' id='block_1_4' title="bbox 1401 1155 1654 1247">
    <p class='ocr_par' dir='ltr' id='par_1_4' title="bbox 1401 1155 1654 1247">
     <span class='ocr_line' id='line_1_7' title="bbox 1401 1155 1654 1247; baseline 0.008 -23"><span class='ocrx_word' id='word_1_40' title='bbox 1401 1157 1444 1247; x_wconf 68' lang='lat' dir='ltr'>g</span> <span class='ocrx_word' id='word_1_41' title='bbox 1482 1155 1654 1226; x_wconf 85' lang='lat' dir='ltr'><strong>vm.</strong></span> 
     </span>
    </p>
   </div>
   <div class='ocr_carea' id='block_1_5' title="bbox 651 1340 2425 1408">
    <p class='ocr_par' dir='ltr' id='par_1_5' title="bbox 651 1340 2425 1408">
     <span class='ocr_line' id='line_1_8' title="bbox 651 1340 2425 1408; baseline -0.004 -6"><span class='ocrx_word' id='word_1_42' title='bbox 651 1348 942 1402; x_wconf 77' lang='lat' dir='ltr'><strong>ostenditur</strong></span> <span class='ocrx_word' id='word_1_43' title='bbox 961 1345 1256 1398; x_wconf 83' lang='lat' dir='ltr'><strong>monialium</strong></span> <span class='ocrx_word' id='word_1_44' title='bbox 1281 1343 1435 1408; x_wconf 80' lang='lat' dir='ltr'><strong>Belgu</strong></span> <span class='ocrx_word' id='word_1_45' title='bbox 1460 1348 1572 1395; x_wconf 81' lang='lat' dir='ltr'><strong>vota</strong></span> <span class='ocrx_word' id='word_1_46' title='bbox 1593 1356 1683 1408; x_wconf 85' lang='lat' dir='ltr'><strong>pro</strong></span> <span class='ocrx_word' id='word_1_47' title='bbox 1707 1340 2017 1394; x_wconf 70' lang='lat' dir='ltr'><strong>solemnibus</strong></span> <span class='ocrx_word' id='word_1_48' title='bbox 2042 1352 2153 1395; x_wconf 84' lang='lat' dir='ltr'><strong>esse</strong></span> <span class='ocrx_word' id='word_1_49' title='bbox 2172 1342 2425 1397; x_wconf 79' lang='lat' dir='ltr'><strong>habenda.</strong></span> 
     </span>
    </p>
   </div>
   <div class='ocr_carea' id='block_1_6' title="bbox 362 1581 2671 2254">
    <p class='ocr_par' dir='ltr' id='par_1_6' title="bbox 362 1581 2667 2023">
     <span class='ocr_line' id='line_1_9' title="bbox 362 1581 2667 1678; baseline -0.001 -20"><span class='ocrx_word' id='word_1_50' title='bbox 362 1627 367 1632; x_wconf 93' lang='lat'>·</span> <span class='ocrx_word' id='word_1_51' title='bbox 485 1589 766 1677; x_wconf 81' lang='lat' dir='ltr'><strong>Agimus</strong></span> <span class='ocrx_word' id='word_1_52' title='bbox 808 1607 1062 1678; x_wconf 86' lang='lat' dir='ltr'><strong>semper</strong></span> <span class='ocrx_word' id='word_1_53' title='bbox 1089 1585 1168 1653; x_wconf 94' lang='lat' dir='ltr'><strong>de</strong></span> <span class='ocrx_word' id='word_1_54' title='bbox 1195 1584 1280 1654; x_wconf 87' lang='lat' dir='ltr'><strong>iis</strong></span> <span class='ocrx_word' id='word_1_55' title='bbox 1305 1581 1617 1652; x_wconf 81' lang='lat' dir='ltr'><strong>duntaxat</strong></span> <span class='ocrx_word' id='word_1_56' title='bbox 1657 1583 2071 1672; x_wconf 87' lang='lat' dir='ltr'><strong>monialibus,</strong></span> <span class='ocrx_word' id='word_1_57' title='bbox 2100 1605 2242 1674; x_wconf 75' lang='lat' dir='ltr'><strong>quae</strong></span> <span class='ocrx_word' id='word_1_58' title='bbox 2268 1606 2343 1654; x_wconf 82' lang='lat' dir='ltr'><strong>ex</strong></span> <span class='ocrx_word' id='word_1_59' title='bbox 2370 1587 2667 1656; x_wconf 82' lang='lat' dir='ltr'><strong>instituto</strong></span> 
     </span>
     <span class='ocr_line' id='line_1_10' title="bbox 395 1698 2663 1793; baseline -0.001 -19"><span class='ocrx_word' id='word_1_60' title='bbox 395 1725 513 1775; x_wconf 89' lang='lat' dir='ltr'><strong>suo</strong></span> <span class='ocrx_word' id='word_1_61' title='bbox 539 1726 576 1773; x_wconf 92' lang='lat' dir='ltr'><strong>a</strong></span> <span class='ocrx_word' id='word_1_62' title='bbox 602 1704 748 1772; x_wconf 89' lang='lat' dir='ltr'><strong>sede</strong></span> <span class='ocrx_word' id='word_1_63' title='bbox 785 1701 1151 1793; x_wconf 81' lang='lat' dir='ltr'><strong>Apostolica</strong></span> <span class='ocrx_word' id='word_1_64' title='bbox 1194 1700 1571 1792; x_wconf 86' lang='lat' dir='ltr'><strong>approbato,</strong></span> <span class='ocrx_word' id='word_1_65' title='bbox 1606 1701 1920 1769; x_wconf 84' lang='lat' dir='ltr'><strong>solemnia</strong></span> <span class='ocrx_word' id='word_1_66' title='bbox 1962 1704 2103 1768; x_wconf 77' lang='lat' dir='ltr'><strong>vota</strong></span> <span class='ocrx_word' id='word_1_67' title='bbox 2138 1698 2425 1770; x_wconf 82' lang='lat' dir='ltr'><strong>emittere</strong></span> <span class='ocrx_word' id='word_1_68' title='bbox 2460 1701 2663 1772; x_wconf 85' lang='lat' dir='ltr'><strong>debe-</strong></span> 
     </span>
     <span class='ocr_line' id='line_1_11' title="bbox 395 1813 2667 1910; baseline 0 -22"><span class='ocrx_word' id='word_1_69' title='bbox 395 1824 572 1898; x_wconf 90' lang='lat' dir='ltr'><strong>rent;</strong></span> <span class='ocrx_word' id='word_1_70' title='bbox 626 1824 820 1910; x_wconf 91' lang='lat' dir='ltr'><strong>prout</strong></span> <span class='ocrx_word' id='word_1_71' title='bbox 863 1823 1016 1885; x_wconf 90' lang='lat' dir='ltr'><strong>sunt</strong></span> <span class='ocrx_word' id='word_1_72' title='bbox 1043 1815 1356 1885; x_wconf 87' lang='lat' dir='ltr'><strong>moniales</strong></span> <span class='ocrx_word' id='word_1_73' title='bbox 1389 1822 1623 1884; x_wconf 80' lang='lat' dir='ltr'><strong>sanctae</strong></span> <span class='ocrx_word' id='word_1_74' title='bbox 1673 1813 1906 1905; x_wconf 68' lang='lat' dir='ltr'><strong>Clam,</strong></span> <span class='ocrx_word' id='word_1_75' title='bbox 1935 1815 2359 1905; x_wconf 82' lang='lat' dir='ltr'><strong>visitationis,</strong></span> <span class='ocrx_word' id='word_1_76' title='bbox 2402 1817 2667 1888; x_wconf 84' lang='lat' dir='ltr'><strong>Carme-</strong></span> 
     </span>
     <span class='ocr_line' id='line_1_12' title="bbox 391 1931 1717 2023; baseline -0.005 -19"><span class='ocrx_word' id='word_1_77' title='bbox 391 1935 636 2020; x_wconf 83' lang='lat' dir='ltr'><strong>litanae‚</strong></span> <span class='ocrx_word' id='word_1_78' title='bbox 671 1939 736 2002; x_wconf 86' lang='lat' dir='ltr'><strong>et</strong></span> <span class='ocrx_word' id='word_1_79' title='bbox 759 1932 1030 2002; x_wconf 81' lang='lat' dir='ltr'><strong>similes.</strong></span> <span class='ocrx_word' id='word_1_80' title='bbox 1060 1931 1206 2012; x_wconf 86' lang='lat' dir='ltr'><strong>Quo</strong></span> <span class='ocrx_word' id='word_1_81' title='bbox 1228 1937 1608 2023; x_wconf 78' lang='lat' dir='ltr'><strong>praenotatO,</strong></span> <span class='ocrx_word' id='word_1_82' title='bbox 1634 1931 1717 1999; x_wconf 86' lang='lat' dir='ltr'><strong>sit</strong></span> 
     </span>
    </p>

    <p class='ocr_par' dir='ltr' id='par_1_7' title="bbox 392 2043 2671 2254">
     <span class='ocr_line' id='line_1_13' title="bbox 483 2043 2665 2136; baseline -0.001 -19"><span class='ocrx_word' id='word_1_83' title='bbox 483 2049 856 2117; x_wconf 65' lang='lat' dir='ltr'><strong>Pnoeosrno</strong></span> <span class='ocrx_word' id='word_1_84' title='bbox 885 2046 962 2115; x_wconf 73' lang='lat'><strong>1⁸.</strong></span> <span class='ocrx_word' id='word_1_85' title='bbox 993 2085 1084 2098; x_wconf 94' lang='lat'>—</span> <span class='ocrx_word' id='word_1_86' title='bbox 1109 2048 1167 2114; x_wconf 82' lang='lat' dir='ltr'><strong><em>A</em></strong></span> <span class='ocrx_word' id='word_1_87' title='bbox 1217 2044 1566 2114; x_wconf 77' lang='lat' dir='ltr'><strong>solemnica</strong></span> <span class='ocrx_word' id='word_1_88' title='bbox 1574 2055 1634 2112; x_wconf 86' lang='lat' dir='ltr'><strong>te</strong></span> <span class='ocrx_word' id='word_1_89' title='bbox 1681 2066 1820 2112; x_wconf 84' lang='lat' dir='ltr'><strong>non</strong></span> <span class='ocrx_word' id='word_1_90' title='bbox 1874 2043 2197 2128; x_wconf 71' lang='lat' dir='ltr'><strong>deficiunt</strong></span> <span class='ocrx_word' id='word_1_91' title='bbox 2250 2045 2665 2136; x_wconf 71' lang='lat' dir='ltr'><strong>Belqicarum</strong></span> 
     </span>
     <span class='ocr_line' id='line_1_14' title="bbox 392 2161 2671 2254; baseline -0.001 -19"><span class='ocrx_word' id='word_1_92' title='bbox 392 2168 785 2235; x_wconf 83' lang='lat' dir='ltr'><strong>monialium</strong></span> <span class='ocrx_word' id='word_1_93' title='bbox 814 2176 996 2245; x_wconf 80' lang='lat' dir='ltr'><strong>vota,</strong></span> <span class='ocrx_word' id='word_1_94' title='bbox 1027 2187 1110 2232; x_wconf 82' lang='lat' dir='ltr'><strong>ex</strong></span> <span class='ocrx_word' id='word_1_95' title='bbox 1145 2186 1216 2231; x_wconf 86' lang='lat' dir='ltr'><strong>eo</strong></span> <span class='ocrx_word' id='word_1_96' title='bbox 1261 2163 1446 2254; x_wconf 81' lang='lat' dir='ltr'><strong>quod</strong></span> <span class='ocrx_word' id='word_1_97' title='bbox 1468 2164 1578 2232; x_wconf 79' lang='lat' dir='ltr'><strong>lex</strong></span> <span class='ocrx_word' id='word_1_98' title='bbox 1613 2163 1825 2232; x_wconf 83' lang='lat' dir='ltr'><strong>civilis</strong></span> <span class='ocrx_word' id='word_1_99' title='bbox 1846 2163 2359 2254; x_wconf 80' lang='lat' dir='ltr'><strong>incapacitatem</strong></span> <span class='ocrx_word' id='word_1_100' title='bbox 2386 2161 2671 2232; x_wconf 75' lang='lat' dir='ltr'><strong>dominii</strong></span> 
     </span>
    </p>
   </div>
   <div class='ocr_carea' id='block_1_7' title="bbox 391 2284 2669 2376">
    <p class='ocr_par' dir='ltr' id='par_1_8' title="bbox 391 2284 2669 2376">
     <span class='ocr_line' id='line_1_15' title="bbox 391 2284 2669 2376; baseline 0 -22"><span class='ocrx_word' id='word_1_101' title='bbox 391 2287 468 2354; x_wconf 89' lang='lat' dir='ltr'><strong>in</strong></span> <span class='ocrx_word' id='word_1_102' title='bbox 504 2286 666 2376; x_wconf 86' lang='lat' dir='ltr'><strong>ipsis</strong></span> <span class='ocrx_word' id='word_1_103' title='bbox 700 2307 838 2354; x_wconf 87' lang='lat' dir='ltr'><strong>non</strong></span> <span class='ocrx_word' id='word_1_104' title='bbox 881 2297 1228 2376; x_wconf 74' lang='lat' dir='ltr'><strong>aqnoscat.</strong></span> <span class='ocrx_word' id='word_1_105' title='bbox 1257 2323 1348 2336; x_wconf 93' lang='lat'><strong>—</strong></span> <span class='ocrx_word' id='word_1_106' title='bbox 1370 2284 1443 2353; x_wconf 93' lang='lat' dir='ltr'><strong>ld</strong></span> <span class='ocrx_word' id='word_1_107' title='bbox 1494 2285 1804 2352; x_wconf 83' lang='lat' dir='ltr'><strong>evincunt</strong></span> <span class='ocrx_word' id='word_1_108' title='bbox 1849 2286 2154 2369; x_wconf 73' lang='lat' dir='ltr'><strong>rationeS‚</strong></span> <span class='ocrx_word' id='word_1_109' title='bbox 2184 2285 2421 2376; x_wconf 82' lang='lat' dir='ltr'><strong>quibus</strong></span> <span class='ocrx_word' id='word_1_110' title='bbox 2472 2308 2669 2376; x_wconf 82' lang='lat' dir='ltr'><strong>supra</strong></span> 
     </span>
    </p>
   </div>
   <div class='ocr_carea' id='block_1_8' title="bbox 389 2399 2668 2578">
    <p class='ocr_par' dir='ltr' id='par_1_9' title="bbox 389 2399 2668 2578">
     <span class='ocr_line' id='line_1_16' title="bbox 391 2399 2668 2492; baseline 0.002 -25"><span class='ocrx_word' id='word_1_111' title='bbox 391 2399 566 2468; x_wconf 87' lang='lat' dir='ltr'><strong>idem</strong></span> <span class='ocrx_word' id='word_1_112' title='bbox 603 2401 948 2490; x_wconf 86' lang='lat' dir='ltr'><strong>probatum</strong></span> <span class='ocrx_word' id='word_1_113' title='bbox 985 2399 1315 2492; x_wconf 24' lang='lat' dir='ltr'><strong>est-quoad</strong></span> <span class='ocrx_word' id='word_1_114' title='bbox 1353 2399 1805 2488; x_wconf 85' lang='lat' dir='ltr'><strong>religiosorum</strong></span> <span class='ocrx_word' id='word_1_115' title='bbox 1841 2407 1907 2470; x_wconf 89' lang='lat' dir='ltr'><strong>et</strong></span> <span class='ocrx_word' id='word_1_116' title='bbox 1946 2401 2399 2492; x_wconf 82' lang='lat' dir='ltr'><strong>religiosarum</strong></span> <span class='ocrx_word' id='word_1_117' title='bbox 2436 2399 2668 2472; x_wconf 78' lang='lat' dir='ltr'><strong>Galliae</strong></span> 
     </span>
     <span class='ocr_line' id='line_1_17' title="bbox 389 2517 558 2578; baseline -0.006 -1"><span class='ocrx_word' id='word_1_118' title='bbox 389 2517 558 2578; x_wconf 82' lang='lat' dir='ltr'><strong>vota.</strong></span> 
     </span>
    </p>
   </div>
   <div class='ocr_carea' id='block_1_9' title="bbox 377 2621 2675 4450">
    <p class='ocr_par' dir='ltr' id='par_1_10' title="bbox 385 2621 2673 3294">
     <span class='ocr_line' id='line_1_18' title="bbox 480 2621 2665 2718; baseline 0.003 -29"><span class='ocrx_word' id='word_1_119' title='bbox 480 2621 855 2692; x_wconf 73' lang='lat' dir='ltr'><strong>Pnorosrno</strong></span> <span class='ocrx_word' id='word_1_120' title='bbox 879 2624 1088 2693; x_wconf 80' lang='lat'><strong>11·.—</strong></span> <span class='ocrx_word' id='word_1_121' title='bbox 1116 2627 1340 2714; x_wconf 83' lang='lat' dir='ltr'><strong>Neque</strong></span> <span class='ocrx_word' id='word_1_122' title='bbox 1375 2624 1587 2716; x_wconf 80' lang='lat' dir='ltr'><strong>repeti</strong></span> <span class='ocrx_word' id='word_1_123' title='bbox 1626 2635 1843 2716; x_wconf 83' lang='lat' dir='ltr'><strong>potest</strong></span> <span class='ocrx_word' id='word_1_124' title='bbox 1870 2627 2321 2696; x_wconf 80' lang='lat' dir='ltr'><strong>solemnitatis</strong></span> <span class='ocrx_word' id='word_1_125' title='bbox 2346 2627 2665 2718; x_wconf 81' lang='lat' dir='ltr'><strong>desectus,</strong></span> 
     </span>
     <span class='ocr_line' id='line_1_19' title="bbox 389 2737 2668 2834; baseline 0.002 -28"><span class='ocrx_word' id='word_1_126' title='bbox 389 2759 471 2806; x_wconf 79' lang='lat' dir='ltr'><strong>ex</strong></span> <span class='ocrx_word' id='word_1_127' title='bbox 521 2762 592 2806; x_wconf 87' lang='lat' dir='ltr'><strong>eo</strong></span> <span class='ocrx_word' id='word_1_128' title='bbox 618 2737 799 2828; x_wconf 84' lang='lat' dir='ltr'><strong>quod</strong></span> <span class='ocrx_word' id='word_1_129' title='bbox 842 2739 1178 2808; x_wconf 83' lang='lat' dir='ltr'><strong>dictarum</strong></span> <span class='ocrx_word' id='word_1_130' title='bbox 1211 2741 1612 2810; x_wconf 79' lang='lat' dir='ltr'><strong>monialium</strong></span> <span class='ocrx_word' id='word_1_131' title='bbox 1656 2755 2011 2812; x_wconf 80' lang='lat' dir='ltr'><strong>conventus</strong></span> <span class='ocrx_word' id='word_1_132' title='bbox 2056 2765 2193 2812; x_wconf 85' lang='lat' dir='ltr'><strong>non</strong></span> <span class='ocrx_word' id='word_1_133' title='bbox 2218 2744 2480 2833; x_wconf 82' lang='lat' dir='ltr'><strong>fuerint</strong></span> <span class='ocrx_word' id='word_1_134' title='bbox 2508 2744 2668 2834; x_wconf 63' lang='grc' dir='ltr'><strong><em>ἱερέ-</em></strong></span> 
     </span>
     <span class='ocr_line' id='line_1_20' title="bbox 391 2853 2669 2948; baseline 0.003 -29"><span class='ocrx_word' id='word_1_135' title='bbox 391 2853 548 2922; x_wconf 82' lang='lat' dir='ltr'><strong>time</strong></span> <span class='ocrx_word' id='word_1_136' title='bbox 593 2855 989 2924; x_wconf 82' lang='lat' dir='ltr'><strong>instaurati.</strong></span> <span class='ocrx_word' id='word_1_137' title='bbox 1027 2891 1119 2906; x_wconf 89' lang='lat'><strong>—-</strong></span> <span class='ocrx_word' id='word_1_138' title='bbox 1167 2853 1429 2924; x_wconf 83' lang='lat' dir='ltr'><strong>Etenim</strong></span> <span class='ocrx_word' id='word_1_139' title='bbox 1488 2877 1685 2946; x_wconf 85' lang='lat' dir='ltr'><strong>supra</strong></span> <span class='ocrx_word' id='word_1_140' title='bbox 1736 2856 2027 2925; x_wconf 80' lang='lat' dir='ltr'><strong>adduetae</strong></span> <span class='ocrx_word' id='word_1_141' title='bbox 2078 2857 2385 2944; x_wconf 87' lang='lat' dir='ltr'><strong>rationes,</strong></span> <span class='ocrx_word' id='word_1_142' title='bbox 2424 2857 2669 2948; x_wconf 86' lang='lat' dir='ltr'><strong>quibus</strong></span> 
     </span>
     <span class='ocr_line' id='line_1_21' title="bbox 385 2968 2669 3062; baseline 0.002 -26"><span class='ocrx_word' id='word_1_143' title='bbox 385 2968 563 3039; x_wconf 90' lang='lat' dir='ltr'><strong>idem</strong></span> <span class='ocrx_word' id='word_1_144' title='bbox 589 2971 1002 3062; x_wconf 88' lang='lat' dir='ltr'><strong>probavimus</strong></span> <span class='ocrx_word' id='word_1_145' title='bbox 1030 2970 1241 3060; x_wconf 85' lang='lat' dir='ltr'><strong>quoad</strong></span> <span class='ocrx_word' id='word_1_146' title='bbox 1285 2970 1613 3060; x_wconf 82' lang='lat' dir='ltr'><strong>regulares</strong></span> <span class='ocrx_word' id='word_1_147' title='bbox 1652 2969 1902 3056; x_wconf 85' lang='lat' dir='ltr'><strong>Galliae,</strong></span> <span class='ocrx_word' id='word_1_148' title='bbox 1936 2993 2120 3061; x_wconf 84' lang='lat' dir='ltr'><strong>aeque</strong></span> <span class='ocrx_word' id='word_1_149' title='bbox 2159 2972 2260 3040; x_wconf 84' lang='lat' dir='ltr'><strong>vel</strong></span> <span class='ocrx_word' id='word_1_150' title='bbox 2294 2972 2495 3042; x_wconf 84' lang='lat' dir='ltr'><strong>etiam</strong></span> <span class='ocrx_word' id='word_1_151' title='bbox 2518 2995 2669 3041; x_wconf 82' lang='lat' dir='ltr'><strong>ma-</strong></span> 
     </span>
     <span class='ocr_line' id='line_1_22' title="bbox 389 3085 2673 3179; baseline 0 -23"><span class='ocrx_word' id='word_1_152' title='bbox 389 3089 490 3178; x_wconf 81' lang='lat' dir='ltr'><strong>gis</strong></span> <span class='ocrx_word' id='word_1_153' title='bbox 544 3087 941 3179; x_wconf 84' lang='lat' dir='ltr'><strong>applicandae</strong></span> <span class='ocrx_word' id='word_1_154' title='bbox 993 3087 1264 3155; x_wconf 80' lang='lat' dir='ltr'><strong>veniunt</strong></span> <span class='ocrx_word' id='word_1_155' title='bbox 1325 3085 1603 3175; x_wconf 80' lang='lat' dir='ltr'><strong>Belgicis</strong></span> <span class='ocrx_word' id='word_1_156' title='bbox 1664 3087 2116 3177; x_wconf 57' lang='lat' dir='ltr'><strong>conventibus„</strong></span> <span class='ocrx_word' id='word_1_157' title='bbox 2178 3095 2319 3179; x_wconf 86' lang='lat' dir='ltr'><strong>post</strong></span> <span class='ocrx_word' id='word_1_158' title='bbox 2378 3088 2673 3157; x_wconf 81' lang='lat' dir='ltr'><strong>sedatam</strong></span> 
     </span>
     <span class='ocr_line' id='line_1_23' title="bbox 391 3193 2001 3294; baseline -0.001 -23"><span class='ocrx_word' id='word_1_159' title='bbox 391 3204 548 3275; x_wconf 86' lang='lat' dir='ltr'><strong>anni</strong></span> <span class='ocrx_word' id='word_1_160' title='bbox 582 3203 752 3273; x_wconf 88' lang='lat'><strong>1793</strong></span> <span class='ocrx_word' id='word_1_161' title='bbox 780 3193 1108 3294; x_wconf 86' lang='lat' dir='ltr'><strong>politicam</strong></span> <span class='ocrx_word' id='word_1_162' title='bbox 1137 3209 1581 3292; x_wconf 83' lang='lat' dir='ltr'><strong>tempestatem</strong></span> <span class='ocrx_word' id='word_1_163' title='bbox 1612 3203 2001 3272; x_wconf 79' lang='lat' dir='ltr'><strong>instauratis,</strong></span> 
     </span>
    </p>

    <p class='ocr_par' dir='ltr' id='par_1_11' title="bbox 377 3316 2675 4450">
     <span class='ocr_line' id='line_1_24' title="bbox 481 3316 2675 3391; baseline 0.003 -7"><span class='ocrx_word' id='word_1_164' title='bbox 481 3316 858 3386; x_wconf 75' lang='lat' dir='ltr'><strong>Pnorosmo</strong></span> <span class='ocrx_word' id='word_1_165' title='bbox 884 3316 1020 3386; x_wconf 71' lang='lat'><strong>111⁸.</strong></span> <span class='ocrx_word' id='word_1_166' title='bbox 1051 3355 1143 3368; x_wconf 90' lang='lat'><strong>——</strong></span> <span class='ocrx_word' id='word_1_167' title='bbox 1169 3321 1304 3388; x_wconf 83' lang='lat' dir='ltr'><strong>Nee</strong></span> <span class='ocrx_word' id='word_1_168' title='bbox 1369 3316 1520 3388; x_wconf 84' lang='lat' dir='ltr'><strong>ideo</strong></span> <span class='ocrx_word' id='word_1_169' title='bbox 1568 3319 1997 3388; x_wconf 80' lang='lat' dir='ltr'><strong>solemnitate·</strong></span> <span class='ocrx_word' id='word_1_170' title='bbox 2038 3329 2261 3388; x_wconf 82' lang='lat' dir='ltr'><strong>carent</strong></span> <span class='ocrx_word' id='word_1_171' title='bbox 2314 3318 2675 3391; x_wconf 81' lang='lat' dir='ltr'><strong>dictarum</strong></span> 
     </span>
     <span class='ocr_line' id='line_1_25' title="bbox 393 3431 2669 3524; baseline 0.004 -26"><span class='ocrx_word' id='word_1_172' title='bbox 393 3431 792 3500; x_wconf 83' lang='lat' dir='ltr'><strong>monialium</strong></span> <span class='ocrx_word' id='word_1_173' title='bbox 843 3445 1024 3516; x_wconf 84' lang='lat' dir='ltr'><strong>vota,</strong></span> <span class='ocrx_word' id='word_1_174' title='bbox 1054 3431 1230 3522; x_wconf 83' lang='lat' dir='ltr'><strong>quod</strong></span> <span class='ocrx_word' id='word_1_175' title='bbox 1273 3431 1344 3500; x_wconf 83' lang='lat' dir='ltr'><strong>in</strong></span> <span class='ocrx_word' id='word_1_176' title='bbox 1385 3432 1749 3500; x_wconf 83' lang='lat' dir='ltr'><strong>emittenda</strong></span> <span class='ocrx_word' id='word_1_177' title='bbox 1794 3434 2201 3524; x_wconf 83' lang='lat' dir='ltr'><strong>professione</strong></span> <span class='ocrx_word' id='word_1_178' title='bbox 2230 3436 2669 3506; x_wconf 83' lang='lat' dir='ltr'><strong>intentionem</strong></span> 
     </span>
     <span class='ocr_line' id='line_1_26' title="bbox 391 3545 2669 3640; baseline 0.003 -26"><span class='ocrx_word' id='word_1_179' title='bbox 391 3546 682 3616; x_wconf 74' lang='lat' dir='ltr'><strong>habeant</strong></span> <span class='ocrx_word' id='word_1_180' title='bbox 709 3545 1015 3616; x_wconf 84' lang='lat' dir='ltr'><strong>servandi</strong></span> <span class='ocrx_word' id='word_1_181' title='bbox 1040 3545 1412 3614; x_wconf 82' lang='lat' dir='ltr'><strong>dominium</strong></span> <span class='ocrx_word' id='word_1_182' title='bbox 1442 3559 1565 3616; x_wconf 84' lang='lat' dir='ltr'><strong>aut</strong></span> <span class='ocrx_word' id='word_1_183' title='bbox 1590 3546 1883 3616; x_wconf 82' lang='lat' dir='ltr'><strong>dominii</strong></span> <span class='ocrx_word' id='word_1_184' title='bbox 1900 3550 2363 3640; x_wconf 80' lang='lat' dir='ltr'><strong>capacitatem.</strong></span> <span class='ocrx_word' id='word_1_185' title='bbox 2386 3589 2475 3602; x_wconf 93' lang='grc'><strong>-</strong></span> <span class='ocrx_word' id='word_1_186' title='bbox 2504 3549 2669 3620; x_wconf 70' lang='lat' dir='ltr'><strong>Ete-</strong></span> 
     </span>
     <span class='ocr_line' id='line_1_27' title="bbox 387 3664 2663 3755; baseline 0.001 -23"><span class='ocrx_word' id='word_1_187' title='bbox 387 3666 533 3732; x_wconf 89' lang='lat' dir='ltr'><strong>nim</strong></span> <span class='ocrx_word' id='word_1_188' title='bbox 579 3664 745 3732; x_wconf 86' lang='lat' dir='ltr'><strong>mihi</strong></span> <span class='ocrx_word' id='word_1_189' title='bbox 791 3668 1194 3755; x_wconf 87' lang='lat' dir='ltr'><strong>compertum</strong></span> <span class='ocrx_word' id='word_1_190' title='bbox 1243 3669 1361 3751; x_wconf 87' lang='lat' dir='ltr'><strong>est,</strong></span> <span class='ocrx_word' id='word_1_191' title='bbox 1409 3685 1487 3730; x_wconf 83' lang='lat' dir='ltr'><strong>ex</strong></span> <span class='ocrx_word' id='word_1_192' title='bbox 1526 3664 1912 3732; x_wconf 85' lang='lat' dir='ltr'><strong>testimoniis</strong></span> <span class='ocrx_word' id='word_1_193' title='bbox 1966 3664 2235 3734; x_wconf 88' lang='lat' dir='ltr'><strong>omnino</strong></span> <span class='ocrx_word' id='word_1_194' title='bbox 2264 3665 2392 3734; x_wconf 85' lang='lat' dir='ltr'><strong>fide</strong></span> <span class='ocrx_word' id='word_1_195' title='bbox 2414 3667 2663 3754; x_wconf 78' lang='lat' dir='ltr'><strong>dignis,</strong></span> 
     </span>
     <span class='ocr_line' id='line_1_28' title="bbox 388 3777 2665 3871; baseline 0.001 -24"><span class='ocrx_word' id='word_1_196' title='bbox 388 3798 616 3848; x_wconf 79' lang='lat' dir='ltr'><strong>vovere</strong></span> <span class='ocrx_word' id='word_1_197' title='bbox 655 3780 853 3848; x_wconf 86' lang='lat' dir='ltr'><strong>dietas</strong></span> <span class='ocrx_word' id='word_1_198' title='bbox 891 3777 1200 3846; x_wconf 87' lang='lat' dir='ltr'><strong>moniales</strong></span> <span class='ocrx_word' id='word_1_199' title='bbox 1227 3797 1382 3846; x_wconf 87' lang='lat' dir='ltr'><strong>cum</strong></span> <span class='ocrx_word' id='word_1_200' title='bbox 1422 3779 1777 3847; x_wconf 89' lang='lat' dir='ltr'><strong>intentione</strong></span> <span class='ocrx_word' id='word_1_201' title='bbox 1812 3799 1946 3848; x_wconf 84' lang='lat' dir='ltr'><strong>sese</strong></span> <span class='ocrx_word' id='word_1_202' title='bbox 1994 3778 2303 3850; x_wconf 86' lang='lat' dir='ltr'><strong>reddendi</strong></span> <span class='ocrx_word' id='word_1_203' title='bbox 2330 3781 2413 3849; x_wconf 91' lang='lat' dir='ltr'><strong>ad</strong></span> <span class='ocrx_word' id='word_1_204' title='bbox 2442 3783 2665 3871; x_wconf 85' lang='lat' dir='ltr'><strong>cujus·</strong></span> 
     </span>
     <span class='ocr_line' id='line_1_29' title="bbox 386 3891 2665 3987; baseline 0 -24"><span class='ocrx_word' id='word_1_205' title='bbox 386 3893 542 3964; x_wconf 89' lang='lat' dir='ltr'><strong>libet</strong></span> <span class='ocrx_word' id='word_1_206' title='bbox 585 3897 680 3965; x_wconf 90' lang='lat' dir='ltr'><strong>rei</strong></span> <span class='ocrx_word' id='word_1_207' title='bbox 725 3895 1092 3964; x_wconf 89' lang='lat' dir='ltr'><strong>dominium</strong></span> <span class='ocrx_word' id='word_1_208' title='bbox 1122 3915 1388 3985; x_wconf 87' lang='lat' dir='ltr'><strong>prorsus</strong></span> <span class='ocrx_word' id='word_1_209' title='bbox 1436 3892 1776 3963; x_wconf 86' lang='lat' dir='ltr'><strong>inhabiles.</strong></span> <span class='ocrx_word' id='word_1_210' title='bbox 1812 3891 2225 3982; x_wconf 90' lang='lat' dir='ltr'><strong>Dominium,</strong></span> <span class='ocrx_word' id='word_1_211' title='bbox 2260 3898 2315 3966; x_wconf 87' lang='lat' dir='ltr'><strong>si</strong></span> <span class='ocrx_word' id='word_1_212' title='bbox 2338 3897 2509 3987; x_wconf 88' lang='lat' dir='ltr'><strong>quod</strong></span> <span class='ocrx_word' id='word_1_213' title='bbox 2530 3897 2665 3964; x_wconf 81' lang='lat' dir='ltr'><strong>ha-</strong></span> 
     </span>
     <span class='ocr_line' id='line_1_30' title="bbox 385 4007 2665 4100; baseline 0 -23"><span class='ocrx_word' id='word_1_214' title='bbox 385 4007 603 4098; x_wconf 86' lang='lat' dir='ltr'><strong>beant,</strong></span> <span class='ocrx_word' id='word_1_215' title='bbox 626 4017 970 4100; x_wconf 87' lang='lat' dir='ltr'><strong>antequam</strong></span> <span class='ocrx_word' id='word_1_216' title='bbox 997 4009 1413 4100; x_wconf 85' lang='lat' dir='ltr'><strong>profiteantur</strong></span> <span class='ocrx_word' id='word_1_217' title='bbox 1441 4029 1479 4077; x_wconf 91' lang='lat' dir='ltr'><strong>a</strong></span> <span class='ocrx_word' id='word_1_218' title='bbox 1507 4029 1573 4076; x_wconf 87' lang='lat' dir='ltr'><strong>se</strong></span> <span class='ocrx_word' id='word_1_219' title='bbox 1596 4008 1898 4078; x_wconf 86' lang='lat' dir='ltr'><strong>abdicant</strong></span> <span class='ocrx_word' id='word_1_220' title='bbox 1920 4032 1941 4093; x_wconf 90' lang='lat'>;</span> <span class='ocrx_word' id='word_1_221' title='bbox 1966 4029 2465 4100; x_wconf 82' lang='lat' dir='ltr'><strong>persuasumque</strong></span> <span class='ocrx_word' id='word_1_222' title='bbox 2486 4009 2665 4097; x_wconf 85' lang='lat' dir='ltr'><strong>ipsis</strong></span> 
     </span>
     <span class='ocr_line' id='line_1_31' title="bbox 381 4123 2667 4214; baseline -0.001 -20"><span class='ocrx_word' id='word_1_223' title='bbox 381 4130 500 4212; x_wconf 85' lang='lat' dir='ltr'><strong>est,</strong></span> <span class='ocrx_word' id='word_1_224' title='bbox 531 4125 968 4194; x_wconf 72' lang='lat' dir='ltr'><strong>haereditatem</strong></span> <span class='ocrx_word' id='word_1_225' title='bbox 1021 4124 1218 4194; x_wconf 84' lang='lat' dir='ltr'><strong>alicui</strong></span> <span class='ocrx_word' id='word_1_226' title='bbox 1255 4123 1528 4192; x_wconf 88' lang='lat' dir='ltr'><strong>moniali</strong></span> <span class='ocrx_word' id='word_1_227' title='bbox 1569 4125 1871 4214; x_wconf 62' lang='lat' dir='ltr'><strong>professae</strong></span> <span class='ocrx_word' id='word_1_228' title='bbox 1900 4125 2379 4208; x_wconf 82' lang='lat' dir='ltr'><strong>obvenientem,</strong></span> <span class='ocrx_word' id='word_1_229' title='bbox 2404 4143 2667 4214; x_wconf 84' lang='lat' dir='ltr'><strong>nequa-</strong></span> 
     </span>
     <span class='ocr_line' id='line_1_32' title="bbox 379 4238 2665 4334; baseline 0 -25"><span class='ocrx_word' id='word_1_230' title='bbox 379 4261 578 4330; x_wconf 83' lang='lat' dir='ltr'><strong>quam</strong></span> <span class='ocrx_word' id='word_1_231' title='bbox 623 4243 706 4310; x_wconf 89' lang='lat' dir='ltr'><strong>ad</strong></span> <span class='ocrx_word' id='word_1_232' title='bbox 739 4241 946 4333; x_wconf 87' lang='lat' dir='ltr'><strong>ipsam</strong></span> <span class='ocrx_word' id='word_1_233' title='bbox 973 4245 1324 4334; x_wconf 87' lang='lat' dir='ltr'><strong>pertinere;</strong></span> <span class='ocrx_word' id='word_1_234' title='bbox 1369 4243 1505 4310; x_wconf 89' lang='lat' dir='ltr'><strong>imo</strong></span> <span class='ocrx_word' id='word_1_235' title='bbox 1559 4263 1677 4310; x_wconf 90' lang='lat' dir='ltr'><strong>nec</strong></span> <span class='ocrx_word' id='word_1_236' title='bbox 1732 4242 2183 4312; x_wconf 85' lang='lat' dir='ltr'><strong>communitati</strong></span> <span class='ocrx_word' id='word_1_237' title='bbox 2230 4239 2487 4331; x_wconf 83' lang='lat' dir='ltr'><strong>acquiri</strong></span> <span class='ocrx_word' id='word_1_238' title='bbox 2524 4238 2665 4309; x_wconf 79' lang='lat' dir='ltr'><strong>hae·</strong></span> 
     </span>
     <span class='ocr_line' id='line_1_33' title="bbox 377 4355 2661 4450; baseline 0 -29"><span class='ocrx_word' id='word_1_239' title='bbox 377 4359 710 4428; x_wconf 84' lang='lat' dir='ltr'><strong>reditatem</strong></span> <span class='ocrx_word' id='word_1_240' title='bbox 749 4357 924 4428; x_wconf 91' lang='lat' dir='ltr'><strong>illam</strong></span> <span class='ocrx_word' id='word_1_241' title='bbox 975 4360 1368 4429; x_wconf 85' lang='lat' dir='ltr'><strong>existimant.</strong></span> <span class='ocrx_word' id='word_1_242' title='bbox 1420 4357 1627 4433; x_wconf 79' lang='lat' dir='ltr'><strong>Illaesa</strong></span> <span class='ocrx_word' id='word_1_243' title='bbox 1648 4359 1825 4428; x_wconf 90' lang='lat' dir='ltr'><strong>enim</strong></span> <span class='ocrx_word' id='word_1_244' title='bbox 1862 4357 2035 4450; x_wconf 89' lang='lat' dir='ltr'><strong>apud</strong></span> <span class='ocrx_word' id='word_1_245' title='bbox 2079 4359 2247 4449; x_wconf 87' lang='lat' dir='ltr'><strong>ipsas</strong></span> <span class='ocrx_word' id='word_1_246' title='bbox 2292 4355 2661 4449; x_wconf 85' lang='lat' dir='ltr'><strong>permansit</strong></span> 
     </span>
    </p>
   </div>
   <div class='ocr_carea' id='block_1_10' title="bbox 2811 3039 2815 3782">
    <p class='ocr_par' dir='ltr' id='par_1_12' title="bbox 2811 3039 2815 3782">
     <span class='ocr_line' id='line_1_34' title="bbox 2811 3039 2815 3782; baseline 0 0"><span class='ocrx_word' id='word_1_247' title='bbox 2811 3039 2815 3782; x_wconf 95' lang='lat' dir='ltr'><strong> </strong></span> 
     </span>
    </p>
   </div>
  </div>
 </body>
</html>
