2834 4959
1061 315 1211 363 puts
1250 317 1489 365 mam.
1633 282 1638 287 ⁶
1886 344 1892 351 -
2284 310 2411 367 405

138 462 300 518 tores
340 439 680 524 doctrina,
732 436 909 505 circa
930 458 1031 505 res
1052 438 1452 529 temporales
1487 438 1956 529 spiritualibus
1982 460 2298 508 annectas.
2323 478 2412 495 -

137 559 585 635 Communiter
612 558 837 623 tenent
857 554 1148 623 doctores
1174 552 1492 636 catholici,
1525 558 1588 623 et
1607 562 1915 644 tanquam
1943 560 2116 623 extra
2143 575 2410 625 omnem

137 674 632 749 controversiam
675 668 927 739 tradere
972 667 1203 757 solent,
1250 668 1554 741 Ecclesiae
1595 671 2036 760 jurisdictioni
2083 671 2414 761 subjacere

136 814 352 865 causas
382 786 859 861 ecclesiasticas
871 806 903 872 ;
928 792 991 854 et
1025 786 1268 877 pariter
1294 788 1636 857 communi
1668 810 1986 857 consensu
2013 792 2257 876 tenent,
2293 810 2414 879 pro

137 905 575 977 ecclesiasticis
603 902 933 972 habendas
972 922 1133 987 esse,
1167 923 1299 971 non
1330 909 1584 973 tantum
1621 925 1846 973 causas
1885 902 2272 995 spiritualeS,
2295 902 2411 971 sed

136 1023 333 1092 etiam
356 1016 826 1112 spiritualibus
856 1038 1175 1087 annexas.
1206 1016 1279 1085 ln
1308 1019 1756 1089 testimonium
1789 1018 2026 1087 adduci
2053 1022 2261 1108 posset
2285 1022 2414 1085 tota

140 1140 269 1207 fere
320 1140 799 1208 canonistarum
858 1141 1141 1223 caterva3
1203 1157 1357 1205 cum
1406 1136 1534 1205 fere
1590 1138 1818 1207 nullus
1859 1139 1944 1208 sit
1978 1139 2254 1228 alicujus
2299 1160 2414 1210 no-

138 1254 339 1321 minis
362 1256 436 1321 in
473 1274 543 1322 re
590 1251 896 1321 canonica
944 1252 1239 1341 scriptor,
1274 1252 1386 1341 qui
1425 1252 1786 1323 doctrinam
1832 1255 2003 1325 hanc
2046 1276 2180 1323 non
2217 1254 2414 1324 tradi-

141 1370 329 1438 derit.
394 1368 753 1439 Nonnullos
806 1368 1113 1437 duntaxat
1163 1367 1560 1439 citabimus:
1605 1396 1641 1436 «
1667 1368 1908 1441 Omnes
1960 1371 2150 1461 plane
2200 1392 2409 1441 causae
2489 1358 2496 1365 ’

148 1509 187 1547 α
218 1484 675 1571 ecclesiastiaca,
698 1481 1019 1550 nimirum
1052 1504 1196 1573 quae
1233 1481 1594 1574 spirituales
1616 1491 1790 1566 sunt,
1817 1484 1922 1553 vel
1941 1465 2412 1577 spiritualibus

151 1626 187 1665 α
214 1623 507 1686 annexae,
549 1598 909 1669 necessario
966 1603 1119 1667 sunt
1172 1598 1243 1667 in
1296 1599 1438 1667 foro
1493 1599 1914 1671 ecclesiastico
1962 1600 2300 1689 agitandas.
2366 1624 2402 1667 n

138 1714 453 1806 (Bockhn,
502 1717 577 1787 ,in
621 1714 885 1783 titulum
934 1714 1003 1799 2,
1051 1714 1205 1783 libri
1243 1714 1291 1781 -2
1326 1712 1783 1801 Decretalium,
1817 1738 1885 1784 n.
1935 1714 2076 1807 91.)
2113 1740 2146 1781 cx
2175 1716 2410 1786 laicus

146 1857 183 1896 a
212 1835 503 1922 respectu
556 1850 897 1899 causarum
949 1828 1528 1899 ecclesiasticarum
1582 1830 1778 1919 judex
1842 1835 2212 1919 competens
2273 1852 2408 1899 esse

140 1970 177 2011 a
214 1943 495 2031 nequit3
548 1944 655 2011 sed
703 1964 923 2012 earum
972 1946 1255 2034 cognitio
1300 1950 1365 2013 et
1416 1944 1799 2034 dijudicatio
1845 1944 1924 2013 ad
1983 1944 2150 2012 solos
2200 1943 2409 2011 eccle-

143 2086 179 2123 «
212 2059 497 2127 siasticos
551 2057 797 2147 judices
840 2064 1079 2151 spectat
1131 2083 1147 2127 :
1198 2066 1261 2129 et
1307 2060 1480 2149 quod
1533 2080 1742 2129 causae
1787 2059 2230 2129 ecclesiasticae
2279 2058 2409 2127 sint

144 2201 179 2240 α
211 2173 715 2243 determinandae
757 2194 795 2243 a
835 2174 1059 2263 judice
1090 2176 1544 2265 ecclesiastico,
1589 2176 1669 2245 de
1709 2176 1834 2244 hoc
1861 2175 2084 2243 nullus
2109 2193 2402 2264 unquam

148 2316 182 2355 (ι
209 2289 595 2359 orthodoxus
649 2288 1050 2359 dubitavit...
1124 2290 1365 2381 Estque
1429 2292 1616 2379 rati0,
1691 2290 1866 2381 quod
1949 2312 2169 2359 rerum
2217 2288 2407 2381 spiri-

150 2430 183 2467 «
208 2406 506 2492 tualium,
554 2406 769 2496 eisque
802 2428 1221 2475 annea-arum
1256 2407 1588 2497 judicialis
1615 2414 1676 2476 et
1716 2408 2156 2477 auctoritativa
2179 2407 2409 2495 cogni-

148 2546 183 2583 «
210 2523 315 2607 tio,
388 2520 767 2611 dijudicatio
825 2544 901 2593 ac
963 2524 1297 2614 dispositio
1352 2531 1670 2615 supponat
1717 2524 2073 2614 legitimam
2130 2523 2210 2593 ad
2283 2524 2408 2592 hoc

147 2661 181 2701 α
210 2644 574 2727 potestatem
651 2658 727 2707 ac
806 2638 1317 2727 jurisdictionem
1376 2639 1574 2707 rebus
1623 2638 1986 2709 istiusmodi
2039 2638 2406 2730 proportio-

146 2766 456 2837 «natam,
516 2752 583 2821 id
632 2761 751 2840 est,
806 2756 1203 2845 spiritualem
1259 2762 1324 2825 et
1377 2753 1866 2830 ecclesiasticam
1892 2806 1912 2835 ,
1963 2756 2154 2841 cujus
2207 2753 2286 2820 de
2339 2774 2406 2821 se

143 2888 179 2934 t(
212 2868 545 2958 incapaces
592 2877 743 2938 sunt
780 2870 955 2939 laici.
991 2896 1028 2937 x>
1089 2870 1500 2962 (Leurenius,
1532 2870 1780 2937 Forum
1819 2867 2071 2947 eccles„
2103 2867 2172 2933 in
2204 2863 2302 2932 tit.
2338 2864 2408 2953 2,

136 2978 287 3050 libri
328 2988 375 3051 2
428 2982 891 3066 Decretalium,
924 2992 1021 3077 ‘q.
1072 2986 1217 3076 91.)
1280 3010 1313 3050 a
1354 2984 1576 3054 Causae
1619 2980 2076 3051 ecclesiastice
2109 2979 2213 3049 vel
2259 2984 2414 3049 sunt

147 3120 181 3161 a
208 3096 455 3185 civiles,
486 3099 587 3167 vel
616 3100 1009 3170 criminales.
1058 3098 1371 3169 Civilium
1400 3098 1668 3169 nomine
1707 3100 1979 3167 veniunt
2003 3115 2412 3185 quascunque

146 3236 181 3276 a
211 3234 421 3283 causae
465 3216 555 3282 cle
595 3216 787 3285 rebus
829 3216 1296 3307 spiritualibuS,
1339 3216 1444 3285 vel
1496 3216 1772 3285 annea-is
1817 3208 2310 3305 spiritualibus.
2367 3234 2403 3276 n

138 3324 481 3417 (FerrariS,
514 3330 711 3401 verbo
742 3334 1017 3421 Forum,
1048 3356 1117 3402 n.
1155 3332 1295 3423 70.)
1340 3356 1376 3397 «
1402 3331 1625 3401 Causae
1652 3328 2096 3400 ecclesiastica
2133 3326 2416 3419 duplicis

144 3445 461 3533 «generis
498 3452 652 3515 sunt
708 3470 726 3514 z
775 3448 1025 3539 aliquas
1064 3450 1243 3519 enim
1284 3448 1570 3517 doctores
1613 3444 1936 3539 appellant
1985 3468 2162 3515 mere
2205 3445 2408 3514 eccle-

143 3580 177 3620 ι(
202 3560 495 3651 siasticas
548 3582 659 3629 seu
704 3564 1104 3655 spirituales,
1150 3564 1303 3633 alias
1333 3564 1746 3655 temporales.
1777 3562 1946 3631 Mere
1969 3560 2406 3630 ecclesiasticas

141 3695 175 3735 α
200 3694 315 3743 seu
366 3674 753 3765 spirituales
813 3684 989 3768 sunt,
1033 3702 1178 3770 quae
1228 3701 1303 3748 ex
1353 3680 1604 3769 objecto
1655 3699 1774 3747 suo
1819 3698 2012 3747 sacrae
2076 3681 2254 3757 sunt,
2303 3695 2416 3743 seu

138 3813 171 3850 «
208 3812 361 3877 quae
415 3800 749 3861 versantur
789 3795 962 3867 circa
1008 3818 1147 3865 rem
1190 3816 1438 3865 sacram
1468 3802 1532 3864 et
1556 3794 1956 3887 spiritualem
2001 3817 2018 3861 z
2061 3812 2192 3860 non
2241 3810 2422 3859 mere

144 3926 175 3966 α
206 3902 655 3977 ecclesiasticae
700 3930 813 3978 seu
866 3911 1286 4003 temporales,
1340 3933 1489 4002 quae
1537 3910 1780 3979 habent
1833 3907 2160 3998 objectum
2213 3904 2294 3973 de
2351 3923 2420 3972 se

146 4041 178 4079 (ι
204 4018 479 4108 quidem
562 4026 911 4116 profanum
961 4032 1025 4096 et
1081 4026 1459 4120 temporale,
1535 4029 1783 4095 ratione
1846 4032 2059 4092 tamen
2129 4040 2417 4111 personae

150 4154 181 4191 u
210 4132 665 4208 ecclesiasticae
728 4148 953 4211 contra
1021 4163 1217 4233 quam
1272 4146 1754 4234 proponuntur,
1813 4138 2016 4209 aliove
2063 4158 2140 4206 ex
2191 4135 2422 4226 capite,

152 4269 185 4307 α
214 4249 289 4316 ad
346 4252 783 4337 cognitionem
838 4256 1081 4343 judicis
1136 4256 1301 4325 sacri
1356 4257 1701 4347 pertinent.
1761 4251 1856 4323 De
1908 4251 2260 4344 prioribuS,
2313 4268 2428 4317 seu

152 4382 185 4423 «
214 4384 393 4433 mere
452 4369 927 4457 ecclesiasticis,
977 4372 1335 4442 indubitata
1396 4371 1569 4462 apud
1627 4392 1854 4439 omnes
1902 4375 2033 4439 tam
2085 4364 2432 4435 catholicos
