2834 4959
1081 302 1228 351 PARS
1276 304 1469 352 mma
1484 334 1499 352 .
2338 298 2412 355 57

161 444 300 491 nem
341 392 443 490 a&
485 420 797 513 reliqiosi
836 431 1048 491 status
1082 423 1433 491 essentiam
1467 444 1601 493 non
1641 424 1991 515 pertinere.
2044 460 2135 479 -
2180 424 2421 495 Sensus

159 538 524 631 quaestionis
576 544 698 629 est,
745 546 968 609 utrum
1019 563 1136 631 pro
1189 563 1341 609 vero
1369 547 1538 611 statu
1562 540 1861 633 religioso
1888 541 2225 611 habendus
2263 551 2423 613 esset

155 658 252 726 ille
283 658 546 726 vivendi
579 658 840 745 moduS‚
870 681 1066 749 quem
1105 658 1386 727 Ecclesia
1415 682 1535 728 uec
1564 660 1995 751 approbasset,
2030 682 2150 729 nec
2194 663 2416 753 prohi-

157 774 434 859 buisset3
489 776 740 865 quique
785 776 1178 867 caeteroquin
1231 776 1628 844 conditiones
1671 778 1828 845 alias
1868 777 2130 846 haberet
2176 777 2257 846 ad
2294 784 2427 847 sta-

157 898 260 959 tus
307 892 597 981 religiosi
635 892 1065 989 substantiam
1095 893 1453 983 requisitas,
1491 891 1783 962 Dubium
1838 895 2103 985 quidem
2155 916 2288 964 non
2340 900 2433 965 est

163 1006 330 1099 quin
370 1030 408 1075 a
442 1012 724 1101 tempore
747 1008 972 1077 saltem
1001 1006 1355 1077 Innocentii
1405 1008 1497 1077 111
1529 1011 1939 1101 prohibitum
1980 1012 2061 1079 sit
2098 1010 2433 1107 quodlibet

128 1122 532 1201 institutum
570 1126 974 1217 religiosum,
1003 1128 1124 1195 hoc
1161 1128 1300 1219 ipso
1330 1126 1505 1219 quod
1548 1150 1679 1197 non
1722 1130 1804 1197 sit
1825 1130 2097 1220 positive
2120 1128 2434 1219 approba-

168 1248 350 1327 tum;
391 1266 542 1313 cum
561 1266 854 1336 expresse
883 1242 1388 1335 prohibitionem
1413 1245 1596 1313 illam
1643 1246 1856 1315 dictus
1898 1243 2189 1315 Pontifex
2214 1244 2433 1315 edixe-

171 1360 278 1447 rit,
324 1367 394 1428 ut
438 1360 753 1453 superiori
805 1362 1236 1453 propositione
1280 1362 1587 1431 vidimus,
1638 1360 1764 1433 Sed
1794 1361 2156 1454 disputatur
2182 1383 2269 1431 an
2312 1384 2435 1455 ap-

165 1476 443 1569 probatio
507 1466 881 1569 requiratur
949 1478 1255 1547 duntaxat
1317 1479 1395 1548 de
1439 1480 1589 1577 jure
1635 1480 2089 1567 ecclesiastico,
2135 1480 2229 1551 'an
2280 1502 2432 1551 vero

165 1596 350 1663 etiam
397 1595 478 1663 de
519 1597 672 1684 jure
722 1592 970 1682 divino,
1001 1600 1063 1663 et
1113 1618 1186 1663 ex
1240 1596 1380 1687 ipsa
1430 1604 1627 1665 status
1673 1597 1954 1688 religiosi
1988 1606 2238 1669 natura.
2272 1596 2439 1667 Con·

165 1712 466 1782 troversia
519 1734 756 1803 nempe
797 1708 1090 1781 versatur
1134 1714 1307 1783 circa
1337 1715 1707 1782 institutum
1741 1692 1999 1805 aliquod
2022 1713 2433 1807 religiosum,

167 1832 402 1923 absque
438 1831 576 1899 ulla
605 1827 908 1898 Ecclesiae
947 1831 1406 1921 approbatione
1457 1832 1823 1915 inductum,
1878 1837 2225 1919 antequam
2283 1852 2445 1924 pro-

170 1950 386 2017 diisset
423 1948 556 2017 ulla
575 1948 682 2015 lex
707 1946 1158 2033 ecclesiastica,
1215 1948 1743 2039 approbationem
1794 1946 2215 2015 obtinendam
2270 1968 2434 2037 proe·

169 2068 432 2159 cipiens‚
497 2069 564 2132 et
631 2070 869 2133 statum
925 2044 1306 2155 religiosum
1365 2064 1489 2133 hac
1534 2064 1991 2159 approbatione
2053 2061 2435 2133 destitutum

169 2180 512 2272 prohibens
551 2186 616 2247 et
659 2181 941 2249 irritans,
989 2180 1074 2271 Et
1115 2182 1332 2273 plures
1381 2182 1651 2273 quidem
1692 2180 2190 2272 gravissimique
2218 2180 2441 2258 docto-

167 2322 264 2367 res
311 2298 380 2365 in
423 2296 748 2388 eiusmodi
795 2282 1087 2365 instituto
1135 2299 1270 2366 veri
1312 2304 1511 2367 status
1543 2298 1823 2387 religiosi
1863 2298 2293 2367 substantiam
2325 2320 2439 2372 scu

171 2415 508 2483 essentiam
559 2418 960 2503 agnoscunt:
995 2413 1100 2480 alii
1127 2432 1274 2481 vero
1325 2416 1621 2485 minime.
1669 2413 1882 2495 Quam
1930 2422 2275 2505 utramque
2299 2436 2445 2491 sen·

173 2534 430 2601 tentiam
483 2532 832 2621 expositam
860 2531 1135 2622 reperies
1163 2528 1335 2622 apud
1364 2530 1743 2601 Suaresium
1772 2530 1875 2622 (de
1903 2530 2277 2621 Reliqione,
2307 2539 2443 2602 tra-

185 2660 342 2721 ctatu
385 2656 450 2737 7,
505 2652 556 2720 l.
607 2651 678 2739 2,
725 2673 784 2720 c.
853 2651 983 2741 15).
1057 2650 1258 2721 Nobis
1311 2653 1490 2743 prior
1541 2651 1796 2719 meliori
1844 2651 2267 2720 fundamento
2322 2652 2443 2726 niti

136 2802 146 2807 -
189 2772 318 2836 visa
352 2778 454 2837 ost.
496 2768 666 2836 Eam
710 2774 925 2835 tamen
976 2772 1050 2834 ut
1097 2767 1607 2857 probabiliorem
1649 2767 1955 2835 duntaxat
1998 2766 2431 2837 defendimus.

190 2884 596 2955 Ostendemus
645 2885 954 2955 autem1⁰
1005 2906 1138 2952 non
1178 2885 1384 2953 valere
1407 2886 1685 2953 rationes
1738 2882 2067 2953 sententiae
2092 2882 2437 2972 oppositoe3

194 3000 256 3068 ⁹2⁰
303 3006 542 3095 concipi
600 3009 666 3073 et
717 3001 858 3071 dari
909 3023 1090 3094 posse
1139 3008 1334 3071 totam
1380 3001 1667 3091 religiosi
1734 3009 1935 3071 status
2008 2998 2436 3069 substantiam

186 3120 408 3214 absque
457 3119 768 3191 Ecclesiae
825 3119 1308 3211 approbatione.

272 3236 320 3307 l.
349 3238 596 3307 Robore
623 3248 850 3306 carent
873 3237 1162 3305 rationes
1183 3236 1523 3305 sententia»
1554 3233 1895 3327 opposita».
1930 3270 2021 3289 -
2072 3236 2134 3303 1⁰
2198 3232 2449 3307 Robore

190 3362 350 3423 caret
385 3357 550 3425 ratio
601 3354 938 3445 desumpta
959 3375 1034 3422 ex
1077 3374 1151 3423 eo
1193 3350 1364 3443 quod
1411 3352 1490 3419 ad
1534 3352 1873 3421 essentiam
1910 3356 2109 3421 status
2165 3339 2451 3443 'religiosi

190 3471 590 3561 requirantur
641 3475 786 3537 vota
829 3469 1144 3537 solemnia
1174 3491 1191 3536 ε
1221 3473 1363 3535 vota
1405 3474 1623 3535 autem
1663 3466 1976 3537 solemnia
2015 3466 2281 3537 existere
2338 3488 2451 3535 ne-

187 3594 440 3677 queant,
469 3586 634 3678 quin
684 3586 768 3655 ab
813 3584 1102 3655 Ecclesia
1148 3590 1221 3653 ut
1244 3584 1394 3653 talia
1422 3583 1885 3675 approbentur.
1915 3582 2175 3655 Etenim
2207 3584 2445 3651 falsum

189 3711 280 3773 est
318 3704 560 3797 requiri
618 3704 698 3773 ad
759 3704 1098 3773 essentiam
1151 3705 1348 3776 status
1399 3702 1684 3790 religiosi
1734 3709 2029 3796 votorum
2078 3697 2449 3770 solemnita-

191 3834 339 3914 tem,
389 3836 462 3897 ut
509 3846 705 3917 supra
746 3826 1030 3895 vidimus
1045 3850 1066 3913 3
1125 3847 1245 3894 nec
1291 3828 1431 3915 jam
1486 3830 1687 3915 potest
1708 3823 1929 3917 opinio
1956 3824 2097 3891 haec
2123 3819 2451 3909 ascripto-

191 3942 368 4013 ribus
391 3932 724 4025 catholicis
745 3942 1072 4027 sustineri‚
1101 3948 1244 4033 post
1266 3940 1515 4011 bullam
1530 3940 1933 4011 Ascendente
1950 3936 2246 4026 Gregorii
2262 3934 2439 4022 xm,

193 4082 318 4147 qua
349 4059 742 4132 contrarium
767 4081 1060 4151 expresse
1107 4058 1503 4127 declaratum
1552 4064 1652 4125 est
1698 4052 1906 4145 quoad
1946 4036 2091 4120 vota
2130 4049 2452 4143 simplicia

197 4176 710 4247 scholasticorum
771 4178 1086 4246 societatis
1133 4174 1304 4243 Jesu.
1351 4174 1541 4245 Unde
1598 4169 1897 4263 quamvis
1957 4168 2117 4237 olim
2160 4168 2449 4239 doctores

201 4311 324 4359 non
367 4295 550 4383 pauci
591 4292 1034 4363 necessitatem
1073 4289 1549 4383 approbationis
1601 4284 1893 4355 Ecclesiae
1948 4306 2023 4353 ex
2084 4286 2451 4355 necessitate

201 4412 480 4481 votorum
523 4411 922 4481 solemnium
967 4408 1271 4479 concludi
1321 4426 1505 4495 posse
1550 4402 2075 4486 existimaverint,
2125 4399 2317 4469 hodie
2356 4407 2451 4469 ta-
