2834 4959
386 326 508 382 138
949 333 1288 381 merulis
1333 333 1414 380 DE
1458 331 1609 382 :nnn
1656 331 2074 380 assummum.

377 456 648 548 Susa-ipe
663 479 791 543 me,
821 457 1130 540 Domine,
1153 453 1518 524 secundum
1544 453 1883 545 eloquium
1910 467 2124 540 tuum,
2172 467 2237 522 et
2262 453 2497 524 vivam
2534 479 2559 524 :
2593 467 2648 525 et

377 597 514 644 non
535 575 916 668 confundas
943 599 1048 644 me
1071 575 1158 643 ab
1185 575 1641 668 expectatione
1658 597 1805 643 mea
1816 595 1847 660 ;
1872 595 2074 665 eaque
2094 580 2222 644 tota
2244 579 2647 666 congregatio

374 698 564 765 tertio
625 701 960 787 repeteret,
1023 695 1240 766 addito
1305 694 1537 765 Gloria
1593 694 1792 764 Patri
1838 694 1957 786 (1).
2028 692 2469 784 Disceptatum
2534 697 2649 765 ali·

373 811 633 902 quando
682 811 806 879 fuit
855 810 1014 902 quid
1063 817 1228 880 esset
1277 811 1579 880 distincta
1629 811 1770 879 haec
1823 831 1862 879 a
1914 809 2339 902 promissione
2387 811 2641 901 petitio;

369 932 432 994 at
501 945 682 994 nunc
760 925 1119 1016 eliquatum
1197 924 1449 993 videtur
1502 945 1648 993 eam
1721 923 1916 992 fuisse
1976 924 2419 1014 scriptionem,
2504 947 2645 1016 qua,

369 1041 674 1108 enarratis
747 1039 827 1107 iis
891 1060 1041 1130 quae
1103 1037 1386 1106 novitius
1451 1045 1692 1127 egerat,
1760 1037 2086 1130 modoque
2158 1059 2231 1106 ac
2295 1043 2465 1108 statu
2527 1061 2647 1130 quo

363 1159 624 1230 habitus
665 1159 874 1228 fuerat
919 1181 960 1228 a
1005 1179 1126 1228 suo
1173 1159 1244 1226 in
1286 1157 1663 1227 coenobium
1711 1157 2010 1249 introitu,
2062 1160 2471 1252 propositum
2512 1181 2646 1228 mo·

367 1278 715 1355 nasticum,
737 1275 879 1366 jam
923 1273 998 1343 in
1045 1274 1475 1367 promissione
1518 1273 1867 1365 prolatum,
1922 1275 2159 1345 iterum
2218 1273 2646 1365 repetebatur.

378 1415 411 1454 (ι
458 1388 834 1472 promissio,
896 1387 984 1459 ait
1043 1387 1459 1460 Mabillonius
1522 1389 1642 1481 (2),
1732 1389 2135 1460 monachum
2204 1387 2363 1478 Deo,
2436 1393 2652 1482 petilio

376 1533 411 1572 α
457 1506 659 1573 veluti
689 1512 1054 1574 contractus
1091 1510 1154 1574 et
1192 1493 1460 1596 pactum
1500 1504 1617 1595 (sic
1660 1504 1938 1597 appellat
1987 1503 2409 1596 Fructuosus)
2456 1509 2653 1576 etiam

374 1647 410 1688 α
446 1619 826 1689 hominibus
869 1640 944 1690 ac
986 1621 1286 1711 religioni
1338 1621 1694 1689 obnoxium
1741 1621 2068 1690 reddebat.
2150 1646 2186 1686 n
2250 1619 2420 1690 Idem
2476 1623 2657 1691 scri-

371 1741 512 1824 ptor
537 1733 626 1826 (3)
653 1757 724 1803 ac
743 1741 884 1826 post
923 1758 1077 1806 eum
1116 1734 1470 1805 Martenius
1514 1735 1609 1827 (4)
1654 1737 1873 1828 plures
1913 1736 2265 1826 vulgarunt
2310 1743 2440 1804 tam
2500 1760 2655 1829 pro-

371 1849 694 1920 missionis
729 1874 930 1943 quam
973 1853 1297 1944 petitionis
1343 1851 1701 1940 formulas3
1752 1850 1919 1921 inter
1968 1873 2132 1942 quas
2182 1852 2513 1920 advertere
2564 1864 2659 1925 est

368 1965 613 2056 aliquot
637 1966 946 2037 formulas
987 1967 1437 2059 promissionis
1481 1967 1882 2036 mentionem
1927 1965 2011 2036 de
2054 1965 2302 2036 Abbate
2342 1973 2657 2057 praesente

370 2105 500 2154 non
533 2086 859 2154 facientes,
903 2083 1099 2154 Nulla
1143 2107 1296 2152 vero
1351 2105 1605 2165 earum,
1656 2089 1885 2172 praeter
1942 2105 2145 2152 unam
2194 2081 2658 2175 Sandionysia-

371 2215 555 2281 nam,
603 2197 958 2264 castitatem
1002 2203 1065 2265 et
1109 2201 1553 2290 paupertatem
1597 2197 1941 2286 exprimit;
1992 2195 2289 2286 quamvis
2340 2199 2659 2289 implicite

369 2314 434 2375 et
494 2309 611 2377 has
674 2311 1068 2398 contineant,
1115 2315 1382 2379 testante
1442 2310 1823 2378 Innocentio
1868 2309 1952 2379 111
1998 2311 2089 2401 (5)
2147 2336 2163 2377 t
2228 2335 2263 2377 «
2316 2311 2659 2382 Abdicatio
2789 2309 2790 2318 ’

380 2448 414 2486 ιι
461 2423 895 2513 proprietatis,
951 2425 1122 2494 sicut
1166 2431 1230 2492 et
1287 2422 1579 2494 custodia
1624 2424 1952 2511 castitatis,
2025 2423 2183 2493 adeo
2246 2431 2345 2494 est
2406 2447 2662 2494 annexa

380 2562 413 2602 «
451 2538 694 2628 regulae
753 2537 1147 2624 monachali,
1195 2545 1272 2607 ut
1329 2543 1553 2607 contra
1616 2558 1761 2606 eam
1816 2558 1937 2607 nec
1992 2536 2306 2608 Summus
2362 2535 2660 2609 Pontifex
2789 2585 2790 2592 κ

379 2679 415 2720 ε(
447 2653 645 2744 possit
675 2653 1006 2724 licentiam
1047 2655 1408 2745 indulgere.
1476 2679 1510 2722 ι»
1584 2651 1745 2734 Quae
1798 2653 2153 2723 observatio
2202 2654 2437 2744 pariter
2496 2659 2666 2727 valet
2789 2639 2790 2672 ³

371 2793 489 2860 pro
537 2769 678 2839 aliis
726 2769 1118 2862 quibusdam
1177 2769 1655 2861 Religionibus,
1704 2791 1888 2859 aeque
1950 2770 2304 2840 castitatem
2372 2791 2665 2864 pauper·
2789 2825 2790 2836 ,

370 2892 692 2976 tatemque
755 2886 826 2954 in
868 2907 986 2954 sua
1031 2883 1425 2976 professione
1484 2884 1843 2953 tacentibus
1890 2883 2008 2976 (6).
2074 2884 2177 2953 Ac
2218 2904 2301 2952 ne
2349 2884 2519 2955 huic
2568 2887 2660 2955 rei

373 2998 616 3070 diutius
664 3001 1124 3087 inhaereamuS,
1167 3021 1249 3068 en
1301 2999 1755 3091 compendiose
1806 3000 2013 3068 multa
2080 2997 2250 3068 dicta
2298 2997 2380 3067 ab
2450 3001 2667 3070 edito-

370 3117 553 3185 ribus
615 3115 1056 3188 Benedictinis
1094 3114 1404 3206 'Operum
1468 3117 1537 3184 S.
1586 3111 1887 3203 Gregorii
1938 3114 2027 3206 (7)
2088 3140 2104 3182 ε
2178 3141 2214 3180 «
2288 3113 2667 3188 Castitatem

383 3257 418 3295 «
455 3243 646 3320 atque
691 3213 1137 3324 paupertatem
1192 3231 1503 3322 expressis
1546 3229 1814 3318 quidem
1884 3231 2099 3301 verbis
2170 3253 2301 3300 non
2376 3235 2667 3324 sponde·

381 3369 417 3410 «
454 3345 610 3413 bant
638 3335 835 3416 coesvi
867 3345 1180 3437 Gregorio
1223 3345 1457 3435 Magno
1482 3345 1809 3434 monachi,
1864 3368 1989 3435 nec
2032 3346 2177 3415 illas
2219 3353 2397 3416 aetate
2428 3355 2668 3420 nostra

381 3485 417 3528 α
453 3483 744 3554 expresse
776 3464 1116 3553 profitetur
1157 3461 1615 3532 Benedictinus
1656 3466 1816 3532 ordo
1863 3488 1881 3546 3
1927 3464 2037 3533 sed
2086 3485 2297 3554 neque
2336 3463 2667 3536 Canonici

381 3605 415 3642 «
451 3577 776 3670 regulares
797 3632 820 3662 ,
915 3579 1367 3665 carthusiani,
1448 3580 1809 3650 Carmelitae
1886 3599 1963 3649 ac
2051 3577 2509 3650 Praedicatores
2586 3605 2669 3651 ex

431 3778 504 3838 (1)
530 3775 704 3841 Requi.
735 3775 789 3826 S.
813 3775 1030 3838 Bened„
1059 3787 1170 3841 cap.
1193 3779 1276 3828 58.

438 3868 502 3928 (2)
525 3867 646 3917 Acta
666 3866 757 3917 SS.
782 3865 910 3917 Ord.
933 3865 995 3918 S.
1017 3863 1160 3928 Ben„
1184 3865 1311 3916 Saec.
1339 3868 1390 3928 4,
1412 3870 1540 3931 part.
1572 3867 1615 3928 1,
1643 3864 1810 3927 Praef„
1840 3878 1898 3916 n.
1931 3868 2009 3917 ⁵4.

435 3947 498 4006 (3)
525 3946 648 3996 lhid.
683 3945 906 3996 Menum.
943 3949 964 3996 1
997 3950 1049 3996 et
1067 3943 1204 4006 2,ad
1220 3945 1412 3996 calcem
1444 3949 1583 3997 tomi.

435 4036 500 4097 (⁴)
529 4035 806 4087 comment.
843 4035 898 4084 in
917 4034 1100 4100 Requl.
1128 4035 1184 4084 S.
1207 4034 1407 4098 Bened„
1435 4049 1489 4101 p.
1518 4041 1628 4101 757,
1647 4041 1761 4104 758,
1788 4041 1906 4102 ‘1635
1928 4039 1993 4091 de
2011 4041 2183 4106 antiq.
2214 4036 2352 4090 Eccl.
2382 4037 2497 4098 rit„
2526 4041 2579 4088 t.
2612 4039 2669 4094 3,

370 4137 426 4189 p.
464 4127 527 4175 50
543 4129 596 4174 et
627 4137 772 4189 seqq.

436 4212 502 4273 (5)
533 4211 590 4262 C.
623 4211 752 4263 Cum
775 4214 848 4264 ad
860 4212 1246 4276 monaste-ium,
1277 4212 1342 4265 de
1369 4217 1509 4266 statu
1532 4216 1768 4268 monach.
1805 4217 1912 4281 (lib.
1949 4221 1998 4280 3,
2032 4220 2111 4270 tlt.
2140 4219 2233 4281 35).

433 4302 499 4359 (6)
521 4299 623 4351 Ctr.
657 4299 960 4362 martenum,
979 4301 1070 4367 op.
1101 4303 1211 4364 cit„
1229 4299 1321 4351 lib.
1349 4303 1398 4363 4,
1428 4304 1573 4352 tract.
1596 4305 1645 4366 6,
1675 4302 1807 4368 disq.
1822 4307 1872 4370 6,
1900 4318 1952 4370 p.
1990 4309 2105 4359 423.

429 4389 497 4448 (7)
524 4387 640 4440 Not.
664 4387 778 4440 bad
797 4389 886 4442 uh.
923 4394 972 4451 9,
998 4403 1078 4455 ep.
1105 4395 1212 4453 114,
1241 4393 1366 4445 tom.
1387 4395 1440 4454 2,
1469 4391 1564 4443 col.
1596 4395 1735 4446 1021.
