2834 4959
375 410 500 471 612
946 413 1284 463 meuriss
1325 415 1406 463 DE
1448 414 1599 461 sumt
1643 410 2059 460 anonumum.

385 565 420 605 α
447 538 675 627 solute,
699 536 1096 628 Episcopum
1133 555 1268 604 non
1313 533 1549 604 habere
1583 531 1954 602 facultatem
1994 528 2365 598 admittendi
2393 551 2669 620 quem-

385 681 420 721 «
447 674 646 744 quam
713 652 796 721 ad
842 649 1320 743 professionem.
1334 700 1383 719 ..
1448 646 1751 738 Receptio
1808 645 1985 715 enim
2041 645 2121 714 ad
2176 646 2657 737 professionem

388 797 416 831 σε
447 773 543 837 est
593 772 774 837 actus
841 766 1206 857 dependens
1275 786 1314 833 a
1379 768 1679 855 potestate
1746 760 2255 852 superioritatis3
2310 766 2381 828 ut
2440 764 2663 831 sentit

383 914 417 953 «
447 886 945 966 Innocentius„
975 880 1378 964 Geminus..‚
1409 878 1766 957 Navarrus3
1802 882 1867 942 et
1899 874 2071 943 clare
2108 872 2413 964 probatur
2434 874 2503 943 in
2532 876 2671 945 ‹le-

384 1030 418 1071 «
447 1008 620 1071 creto
661 998 917 1071 concilii
954 994 1345 1077 Tridentini,
1375 996 1580 1085 capite
1610 991 1719 1075 16,
1747 990 1841 1060 ibi
1874 1012 1891 1059 τ
1926 990 2303 1081 Superiores
2341 992 2667 1061 novitios

383 1144 417 1181 «
441 1138 602 1209 quos
615 1112 874 1183 habiles
889 1109 1291 1195 invenerint,
1310 1107 1404 1177 ad
1409 1130 1537 1198 pro
1537 1105 1871 1199 sitentium
1878 1104 2251 1173 admittant
2264 1104 2436 1195 (sess.
2453 1105 2557 1175 25
2568 1104 2663 1175 de

381 1258 416 1299 t(
444 1228 944 1323 Reqularibus).
973 1226 1160 1309 Quod
1199 1226 1358 1295 adeo
1384 1244 1613 1293 verum
1634 1229 1753 1310 est,
1773 1228 1872 1310 ut,
1900 1241 2058 1290 cum
2086 1222 2158 1289 in
2195 1220 2461 1291 decretis
2495 1221 2671 1293 Cle—

381 1372 414 1409 «
442 1347 676 1415 mentis
710 1342 888 1432 vul,
928 1363 1124 1435 super
1149 1339 1356 1411 forma
1405 1336 1761 1428 recipiendi
1797 1336 2072 1405 novitios
2104 1336 2199 1423 ,ad
2246 1336 2553 1407 habitum
2584 1346 2663 1409 et

379 1490 414 1529 α
437 1459 923 1553 professionem,
951 1457 1382 1548 promulgatis
1420 1454 1545 1523 sub
1604 1453 1707 1523 die
1762 1452 1846 1521 19
1888 1452 2049 1521 maii
2082 1452 2275 1535 1602,
2308 1452 2481 1523 inter
2506 1476 2655 1523 cae-

376 1602 411 1641 «
445 1583 580 1643 tera
605 1574 1027 1643 constitutum
1063 1576 1248 1654 esset,
1275 1590 1359 1639 ne
1383 1569 1453 1639 in
1485 1567 1911 1640 conventibus
1932 1566 2267 1657 designatis
2294 1570 2535 1639 novitii
2558 1574 2655 1641 ad

375 1714 409 1755 α
427 1687 724 1757 habitum
798 1685 900 1756 vel
978 1684 1435 1779 professionem
1502 1683 1823 1753 ullatenus
1884 1682 2083 1773 recipi
2136 1689 2413 1771 possent,
2488 1686 2651 1753 nisi

375 1831 410 1868 ι(
436 1803 674 1895 praevia
713 1801 1168 1893 approbatione
1209 1798 1743 1890 Congregationis
1772 1800 2261 1881 reformationis,
2294 1800 2397 1867 vel
2448 1802 2655 1891 Epi-

375 1946 408 1987 «
437 1918 623 2012 scopi
647 1917 1026 2006 dimossarii,
1045 1915 1463 2005 religionibus
1492 1914 1573 1984 de
1598 1915 1723 1983 hoc
1748 1915 2031 2004 graviter
2056 1915 2651 2005 conquerentibu3‚

373 2062 407 2103 α
435 2036 560 2105 hoc
613 2039 808 2127 caput
865 2032 1195 2104 sublatum
1253 2031 1400 2100 fuit.
1438 2052 1472 2096 n
1536 2027 1971 2121 Excipiendus
2024 2051 2209 2099 casus
2254 2051 2391 2120 quo
2438 2029 2653 2101 abhas

363 2150 730 2220 monasterii
793 2154 890 2217 est
949 2146 1147 2217 simul
1215 2145 1505 2215 dioecesis
1552 2144 1910 2238 Episcopus
1940 2172 1957 2215 ε
2025 2170 2059 2213 ι(
2093 2144 2273 2215 Talis
2316 2166 2641 2236 namque,

366 2288 402 2327 α
429 2284 584 2333 cum
637 2260 838 2330 simul
885 2261 969 2329 sit
1011 2259 1364 2351 Episcopus
1413 2266 1477 2329 et
1526 2260 1747 2346 abbas,
1774 2262 2000 2352 utique
2036 2266 2239 2352 potest
2278 2259 2647 2331 monachos

365 2401 402 2443 α
437 2376 561 2445 sibi
631 2376 946 2466 subjectos
1027 2373 1110 2442 ad
1159 2373 1619 2463 professionem
1692 2376 2051 2445 admittere.
2112 2400 2150 2441 x>
2218 2374 2645 2464 (Fagnanus,

356 2488 551 2570 ibid„
581 2509 650 2556 n.
687 2488 828 2579 27.)

449 2601 750 2692 Objicies.
783 2637 876 2656 —-·
901 2601 1142 2671 Saltem
1185 2603 1259 2673 iu
1303 2624 1457 2673 casu
1490 2625 1620 2694 quo
1660 2602 1975 2673 moniales
2000 2603 2334 2695 abundent
2356 2603 2645 2675 redditi-

357 2716 506 2805 bus,
535 2722 598 2787 et
641 2716 975 2808 negligant
1019 2717 1448 2787 sufficientem
1491 2739 1849 2788 numerum
1882 2718 1965 2787 ad
2010 2720 2472 2809 professionem
2502 2722 2641 2791 ad-

357 2834 634 2921 mittere,
664 2832 896 2923 poterit
935 2832 1318 2925 Episcopus,
1345 2831 1399 2901 si
1447 2820 1698 2924 praeviae
1740 2834 2087 2904 monitioni
2130 2836 2440 2905 moniales
2480 2856 2633 2905 non

357 2949 710 3038 paruerint,
748 2948 1022 3018 novitios
1072 2949 1344 3039 ipsemet
1396 2948 1767 3034 admittere3
1812 2955 2004 3040 prout
2052 2950 2359 3019 evincunt
2412 2956 2637 3023 textus

347 3062 538 3150 jur-ie,
580 3062 694 3153 qui
743 3062 865 3132 bac
909 3063 988 3133 de
1029 3083 1103 3131 re
1146 3083 1184 3131 a
1233 3062 1581 3131 canonistis
1618 3062 1854 3133 adduci
1885 3063 2108 3134 solent.
2140 3104 2231 3117 —
2256 3065 2639 3156 Respondet

353 3176 701 3266 Fagnanus
755 3181 961 3248 textus
1015 3176 1158 3246 illos
1215 3176 1662 3266 intelligendos
1708 3200 1844 3247 esse
1884 3178 2189 3249 duntaxat
2234 3181 2448 3270 quoad
2512 3205 2635 3253 or·

349 3292 534 3359 dines
555 3314 688 3361 non
719 3306 1056 3386 eat-eruptos
1085 3316 1110 3362 .·
1145 3318 1180 3359 α
1205 3293 1346 3383 Ego
1375 3292 1662 3382 intelligo
1691 3314 1917 3363 verum
1945 3294 2017 3362 in
2042 3296 2447 3365 monasteriis
2476 3318 2633 3368 non

359 3429 394 3471 «
422 3408 772 3499 exemptis:
819 3408 976 3477 alias
1013 3409 1194 3477 enim
1234 3428 1366 3476 non
1395 3408 1743 3499 pertineret
1775 3409 1854 3477 ad
1893 3407 2286 3501 Episcopum
2312 3412 2635 3503 supplere

358 3523 798 3614 «hujusmodi
852 3524 1341 3616 negligentiam,
1373 3522 1483 3593 sed
1537 3525 1616 3593 ad
1668 3524 1931 3594 illarum
1979 3526 2361 3617 superiores,
2386 3526 2487 3595 vel
2540 3532 2633 3599 ad

359 3668 392 3707 α
419 3642 638 3712 sedem
687 3639 1142 3735 Apostolicam.
1173 3666 1208 3707 n
1247 3638 1445 3732 (Loco
1494 3642 1604 3709 cit.
1616 3664 1739 3727 ‚.n
1773 3641 1917 3734 29.)
1946 3640 2028 3711 Et
2061 3641 2324 3711 adducit
2349 3642 2629 3733 Fagna-

349 3776 474 3827 nus
504 3762 704 3827 textus
725 3757 791 3826 id
819 3757 991 3827 clare
1009 3756 1370 3849 probantes.

373 3868 816 3941 ’Psorosrrio
845 3870 955 3939 11⁸.
998 3908 1089 3922 —
1113 3868 1415 3938 Etiamsi
1454 3871 1861 3940 monasteria
1905 3893 2039 3940 non
2085 3873 2221 3941 sint
2270 3886 2625 3963 exempta,

345 4008 482 4053 non
501 3998 756 4085 spectet
782 3984 879 4054 ad
899 3986 1305 4077 Episcopum
1341 3983 1695 4055 admittere
1715 3984 1808 4055 ad
1834 3987 2330 4077 professionem,
2356 3986 2623 4057 secluso

343 4122 499 4170 casu
551 4102 978 4193 neqliqmtioe
1037 4122 1122 4169 ex
1163 4111 1366 4192 parte
1411 4115 1795 4171 conventus.
1822 4102 2025 4172 -lta
2054 4108 2228 4173 tenet
2260 4102 2623 4188 Fagnanus

343 4218 511 4309 (loco
562 4217 703 4305 cit.,
735 4241 805 4288 n.
847 4216 1008 4309 30):
1077 4242 1112 4283 α
1140 4215 1402 4300 Atvero‚
1435 4216 1671 4306 inquit,
1716 4224 1996 4287 cessante
2050 4214 2435 4309 negligentia
2470 4214 2617 4307 (1),

374 4461 444 4519 (ι)
459 4460 646 4524 Nempe
655 4461 956 4526 negligentia
963 4463 1316 4525 conventuum
1323 4460 1639 4515 admittendo
1650 4460 1920 4517 sufficienti
1928 4472 2141 4515 numero
2148 4462 2217 4515 ad
2226 4462 2605 4527 professionem.
