2834 4959
341 309 466 368 578
894 317 1232 365 ussurus
1275 315 1356 364 ns
1395 315 1545 362 mas
1590 313 2005 362 mummii.

335 440 748 508 emittuntur.
777 437 976 528 Leges
1003 438 1182 506 enim
1212 435 1340 503 illae
1361 435 1731 503 referuntur
1754 433 1836 502 ad
1860 433 2213 502 solemnem
2260 433 2621 524 professio-

339 577 520 635 nem,
547 563 735 644 atque
764 554 843 622 ad
891 557 1032 643 ejus
1081 551 1517 635 validitatem3
1566 571 1643 620 ac
1669 549 1941 641 proinde
1992 570 2127 618 non
2178 557 2465 640 spectant
2526 553 2619 621 ad

335 671 882 762 congregationes,
920 669 992 737 in
1017 657 1262 758 quibus
1291 666 1469 734 nulla
1499 666 1571 733 fit
1608 665 1917 735 solemnis
1935 665 2275 756 professio.
2304 665 2617 736 Praeterea

335 797 408 856 ut
434 788 683 856 valeant
723 793 866 854 vota
921 785 1265 876 simplicia,
1310 781 1552 851 sufficit
1600 781 1887 850 voventis
1928 780 2245 849 voluntas.
2292 779 2481 850 Unde
2536 784 2613 851 in

331 903 522 972 dictis
547 901 1152 992 congregationibus
1181 905 1447 991 possunt
1472 897 1827 988 superiores
1858 896 2239 964 novitiatum
2264 919 2445 964 anno
2462 898 2617 967 bre-

331 1014 574 1084 viorem
601 1014 830 1100 facere,
859 1013 1022 1103 quin
1073 1011 1214 1081 ideo
1263 1011 1449 1078 irrita
1492 1009 1621 1077 sint
1648 1012 1794 1077 vota
1838 1007 2187 1100 simplicia.
2243 1008 2315 1074 Id
2360 1019 2615 1096 tamen,

331 1131 572 1220 absque
599 1132 772 1220 justa
793 1149 1006 1213 eausa,
1035 1127 1288 1196 licitum
1323 1126 1415 1194 eis
1470 1143 1603 1192 non
1650 1129 1767 1208 est,
1814 1129 2033 1214 utpote
2062 1121 2473 1214 (regulariter
2526 1125 2623 1194 lo-

330 1245 612 1336 quendo)
667 1241 1272 1334 congregationibus
1327 1237 1512 1308 valde
1548 1238 1884 1307 nocivum.
1938 1235 2129 1318 Quod
2186 1239 2344 1307 satis
2398 1261 2519 1330 per
2551 1261 2623 1309 se

338 1367 532 1450 patet.
1808 1379 1815 1388 ·

419 1475 504 1544 11.
535 1477 632 1541 De
655 1472 960 1563 leqita'mo
991 1471 1356 1539 novitiatus
1372 1469 1542 1537 loco,
1568 1503 1661 1522 —
1690 1470 1753 1535 1⁰
1784 1465 1962 1536 Olim
1985 1473 2133 1535 ante
2154 1465 2617 1540 Tridentinam

325 1590 650 1678 synodum
697 1607 974 1654 «annus
1000 1585 1395 1676 probationis
1434 1605 1565 1652 non
1592 1589 1728 1652 erat
1755 1584 1835 1654 de
1868 1583 2213 1652 substantia
2244 1587 2613 1654 monacha-

337 1729 373 1771 «
401 1709 526 1786 tus,
555 1702 664 1770 sed
699 1706 940 1792 poterat
965 1699 1060 1768 illi
1089 1723 1126 1767 a
1146 1700 1441 1790 partibus
1470 1699 1873 1783 renuntiari3
1910 1705 1973 1767 et
2020 1699 2385 1768 censebatur
2408 1701 2611 1768 tacite

337 1843 374 1882 «
396 1818 846 1886 renuntiatum
873 1838 992 1906 per
1015 1816 1467 1907 professionem
1506 1815 1675 1884 infra
1692 1837 1942 1883 annum
1967 1815 2268 1882 emissam
2296 1823 2358 1883 et
2382 1837 2615 1908 aceep-

341 1941 682 2004 «iatamm
735 1939 978 2026 poterat
1022 1932 1198 2001 enim
1229 1934 1376 2020 quis
1420 1930 1627 2000 valide
1676 1931 1985 2023 profiteri,
2020 1931 2159 1998 sine
2208 1931 2345 2000 ulla
2388 1933 2627 2024 proba-

339 2077 378 2120 «
407 2053 602 2134 tione,
633 2053 699 2120 in
733 2053 1004 2140 ipsomet
1031 2049 1350 2137 ingressu.
1381 2073 1414 2113 >1
1448 2046 1841 2138 (Fagnanus,
1865 2049 1937 2115 in
1960 2055 2155 2138 caput
2179 2049 2619 2134 Insinuante,

332 2167 455 2258 qui
477 2165 699 2232 clerici
723 2164 828 2230 vel
849 2171 1184 2241 voventes,
1231 2183 1298 2228 n.
1333 2160 1481 2260 26..)
1522 2159 1696 2228 Hinc
1724 2166 1962 2229 attento
1990 2159 2102 2228 illo
2144 2163 2407 2250 antiquo
2428 2162 2615 2247 jure,

337 2301 592 2348 necesse
619 2299 752 2345 non
777 2283 911 2344 erat
925 2282 998 2343 ut
1013 2277 1356 2344 novitiatus
1385 2277 1559 2342 intra
1585 2277 2053 2344 monasterium
2083 2297 2191 2344 seu
2224 2283 2628 2344 conventum

343 2401 778 2486 perageretur.
2058 2472 2063 2478 '

433 2509 582 2576 2⁰A
610 2515 896 2596 tempore
923 2505 1323 2574 Tridentinae
1371 2506 1632 2594 synodi,
1682 2507 1953 2575 omnino
1986 2507 2343 2596 requiritur
2386 2515 2463 2576 ut
2504 2529 2633 2577 no-

341 2623 602 2692 vitiatus
659 2623 796 2710 fiat,
835 2622 1045 2711 quoad
1081 2621 1364 2712 aliquam
1412 2623 1637 2692 saltem
1688 2625 1844 2691 anni
1886 2631 2160 2714 partem,
2194 2625 2263 2691 in
2300 2633 2631 2694 conventu

341 2738 565 2828 aliquo
609 2759 726 2808 ssu
781 2738 1166 2806 monasterio
1237 2738 1413 2806 illius
1461 2737 1733 2818 ordinis,
1785 2735 1856 2806 in
1900 2759 2031 2828 quo
2079 2739 2393 2828 professio
2432 2740 2631 2810 emit-

349 2854 542 2924 tenda
587 2863 744 2926 est:
803 2853 1092 2946 alioquin
1147 2854 1451 2946 professio
1499 2852 1663 2922 foret
1688 2852 1898 2922 nulla.
1952 2851 2148 2943 Nam,
2198 2858 2483 2925 sessione
2512 2855 2628 2942 25,

351 2997 414 3045 c.
439 2975 548 3058 15,
571 2976 822 3044 irritam
863 2975 1147 3044 decrevit
1175 2973 1661 3065 professionem,
1694 2975 1821 3044 nisi
1855 2977 2161 3066 profitens
2201 2999 2326 3067 per
2374 2999 2635 3046 manum

351 3090 426 3159 in
466 3089 860 3180 probatione
908 3087 1354 3169 steterinQui
1402 3095 1619 3156 autem
1663 3089 1733 3157 in
1787 3091 2109 3159 novitium
2150 3092 2632 3182 admitteretur,

352 3203 468 3272 sed
490 3217 635 3271 ante
673 3203 1129 3292 professionem
1159 3211 1300 3274 =toto
1325 3211 1614 3296 tempore
1666 3211 1843 3274 extra
1888 3215 2281 3276 conventum
2336 3209 2625 3298 degeret,

351 3337 488 3384 non
514 3327 720 3406 posset
745 3319 876 3388 dici
901 3331 1082 3388 stare
1133 3318 1208 3386 in
1246 3319 1643 3409 probatione
1657 3341 1687 3406 ;
1726 3319 1881 3412 quia
1907 3341 2043 3392 non
2080 3325 2471 3416 experiretur
2524 3324 2635 3394 ri-

353 3452 580 3523 gorem
629 3435 907 3524 regulae3
971 3456 1089 3503 nec
1133 3435 1513 3525 probaretur
1567 3458 1651 3504 an
1690 3444 1851 3506 esset
1888 3439 1963 3507 ad
1994 3461 2139 3508 eam
2184 3447 2400 3530 aptus,
2438 3438 2639 3510 Unde

353 3547 725 3641 Fagnauus,
785 3569 1033 3640 ponens
1083 3569 1306 3618 casum
1351 3549 1431 3616 de
1492 3571 1595 3635 eo,
1661 3575 1697 3616 <t
1742 3552 1857 3641 qui
1910 3552 2209 3625 habitum
2256 3555 2633 3645 regularem

353 3691 394 3732 α
445 3664 794 3755 assumpsit
845 3670 1022 3732 extra
1075 3666 1570 3748 monasterium,
1618 3686 1737 3734 nec
1798 3687 2097 3756 unquam
2144 3692 2259 3760 per
2288 3673 2451 3740 anni
2504 3673 2639 3741 cir-

355 3778 648 3847 «.culum
681 3777 1010 3868 ingressus
1041 3778 1538 3868 ost-claustrum,
1598 3805 1657 3847 »-
1702 3783 1795 3852 sic
1824 3781 2055 3854 habet:
2114 3811 2148 3851 α
2190 3785 2393 3871 Talis,
2452 3787 2633 3877 licet,

347 3919 388 3964 α
401 3895 552 3984 jure
606 3891 944 3964 communi
1009 3895 1320 3986 inspecto,
1401 3896 1662 3985 quando
1718 3899 2114 3990 probationis
2164 3907 2427 3996 tempus
2490 3913 2639 3974 reat

363 4036 396 4078 ι(
419 4011 867 4094 arbitrarium,
917 4009 1120 4102 recipi
1159 4016 1382 4101 =posset
1409 4012 1491 4080 ad
1524 4013 2011 4104 professionem,
2062 4027 2281 4087 tamen
2336 4021 2631 4089 existimo

363 4151 394 4190 α
422 4147 604 4194 secus
661 4125 1009 4194 dicendum
1041 4147 1176 4195 esse
1228 4133 1366 4217 post
1408 4129 1763 4198 concilium
1791 4129 2278 4204 Tridentinum.
2334 4159 2367 4201 2)
2428 4135 2635 4226 (Loco

349 4242 494 4331 cit„
525 4265 588 4310 n.
621 4239 770 4332 41.)

441 4357 667 4446 3⁰·Qui
720 4357 1101 4426 novitiatum
1127 4359 1495 4446 ¹ingressus,
1536 4367 1751 4449 postea
1776 4361 1855 4430 de
1902 4361 2164 4452 lieentia
2212 4371 2631 4461 superiorum
