2834 4959
417 274 498 332 48
989 276 1329 327 moruus
1370 278 1451 325 DE
1486 278 1637 326 :mm
1682 277 2100 326 REGULARIUM.

507 400 877 469 Pnorosmo
890 395 1029 467 111·.
1049 434 1140 449 —
1151 400 1393 467 Status
1401 397 1746 489 reliqiosus
1754 397 1895 465 late
1912 407 2217 489 sumptus
2230 395 2403 465 idem
2416 398 2683 469 omnino

415 528 510 586 est
537 538 687 585 cum
713 524 900 583 statu
915 514 1339 605 perfectionis
1365 512 1785 605 acquirendae
1804 512 2112 581 inchoato
2134 534 2249 581 seu
2262 512 2677 604 incompleta.

411 670 504 685 —
521 630 720 713 Nam,
749 650 824 698 ex
850 627 1040 698 dictis
1065 630 1384 721 superiori
1411 630 1721 716 sectione,
1778 627 1861 696 ad
1898 628 2239 697 essentiam
2258 635 2458 699 status
2481 631 2685 721 perfe-

415 747 648 817 ctionis
733 742 1143 835 acq'uirendae
1200 743 1539 832 iinchoati,
1614 742 1855 813 sufficit
1926 742 2329 813 observantia
2406 746 2679 836 alicujus

415 862 700 945 consilii,
767 867 912 930 voto
969 860 1242 929 firmata.
1291 859 1419 929 Sed
1452 859 1653 947 idem,
1684 880 1759 927 ex
1788 878 1913 927 usu
1944 859 2381 929 communiter
2404 868 2677 952 recepto,

417 977 802 1069 intelligitur
851 974 1151 1045 sufficere
1198 974 1278 1043 ad
1323 975 1669 1043 essentiam
1712 978 1909 1042 status
1944 972 2231 1064 religiosi·
2271 974 2677 1068 incompleti;

419 1114 576 1184 ergo
603 1093 734 1161 duo
759 1090 852 1159 illi
879 1096 1078 1159 status
1101 1088 1314 1178 quoad
1343 1088 1680 1157 essentiam
1706 1108 1839 1156 non
1863 1086 2193 1156 differunt.

510 1204 887 1275 Pnorosmo
903 1200 1040 1273 lV·.
1064 1240 1155 1255 —
1167 1200 1280 1271 Ad
1293 1201 1641 1271 essentiam
1654 1211 1870 1271 status
1890 1202 2182 1293 reliqiosi
2188 1203 2418 1273 stricte
2432 1210 2684 1299 sumpti

419 1320 812 1413 requiritur,
857 1330 936 1387 ut
979 1317 1074 1385 sit
1110 1329 1331 1385 status
1371 1316 1787 1385 tendentium
1814 1314 1910 1383 ad
1925 1318 2388 1408 perfectionem
2396 1342 2525 1410 per
2550 1324 2675 1391 tria

420 1435 701 1506 consilia
741 1433 1124 1522 evanqelica
1162 1443 1316 1501 voto
1337 1432 1646 1523 firmata.
1674 1469 1759 1483 -
1781 1431 1877 1501 Ita
1902 1433 2080 1501 enim
2102 1432 2577 1507 admittendum
2600 1441 2673 1528 si,

419 1573 495 1619 ex
517 1571 640 1618 usu
661 1547 972 1637 loquendi
989 1548 1427 1617 communiter
1446 1554 1730 1637 recepto,
1758 1553 1957 1616 status
1980 1546 2319 1637 religiosus
2345 1572 2479 1619 non
2504 1546 2684 1623 dica-

377 1650 526 1733 'tur
577 1685 698 1734 nec
742 1663 1141 1755 intelligatur
1192 1661 1406 1732 adesse
1440 1713 1459 1749 ,
1514 1662 1641 1730 nisi
1687 1662 1758 1730 in
1804 1684 1880 1731 eo
1922 1661 2035 1731 fiat
2076 1670 2297 1732 votum
2347 1665 2427 1735 de
2482 1666 2683 1735 tribus

418 1780 704 1850 consiliis
747 1778 1160 1869 evangelicis.
1217 1777 1423 1867 Atqui
1466 1798 1683 1847 revera
1723 1778 1835 1847 ille
1862 1778 2173 1870 loquendi
2192 1785 2257 1846 et
2282 1778 2685 1871 intelligendi

419 1895 655 1965 modus
709 1895 1042 1964 unanimis
1089 1899 1205 1963 est.
1251 1892 1325 1965 Si
1371 1915 1607 1986 nempe
1634 1895 1705 1962 in
1727 1892 1948 1985 aliquo
1968 1901 2135 1965 statu
2164 1916 2299 1967 non
2322 1898 2433 1967 fiat
2457 1902 2677 1967 votum
2807 1932 2808 1935 ¹

417 2010 500 2080 de
553 2011 792 2102 triplici
857 2009 1126 2079 consilio
1191 2010 1585 2097 evangelico,
1636 2011 2049 2099 paupertatis,
2102 2011 2400 2083 castitatis
2438 2018 2501 2081 et
2534 2013 2685 2083 obe-

421 2123 707 2209 dientioe,
773 2144 1002 2191 omnes
1049 2120 1396 2191 canonistae
1450 2130 1512 2189 et
1564 2122 1855 2191 doctores
1917 2130 2164 2207 tenentf
2218 2126 2396 2199 hunc
2443 2134 2684 2199 statum

423 2234 552 2303 dici
607 2254 739 2303 non
794 2254 974 2325 posse
1023 2231 1091 2301 in
1153 2234 1375 2303 stricto
1426 2256 1619 2304 sensu
1670 2241 1910 2305 statum
1966 2239 2369 2331 religiosum.
2426 2241 2521 2313 De
2558 2267 2692 2336 quo

423 2350 722 2419 unanimi
785 2370 1103 2443 consensu
1159 2350 1310 2418 satis
1359 2357 1604 2419 constat
1654 2372 1731 2421 ex
1778 2353 1975 2444 supra
2030 2356 2239 2427 citatis
2290 2356 2596 2431 Suarezio
2624 2368 2689 2431 et

423 2462 1023 2553 Schmalzgrueber.
1096 2462 1269 2554 Ergo
1316 2487 1561 2551 revera,
1612 2468 1931 2537 sumendo
1980 2492 2099 2560 pro
2140 2494 2369 2543 norma
2428 2496 2691 2547 sensum

424 2579 824 2648 unanimiter
863 2578 1019 2648 huic
1071 2580 1583 2651 denominationi
1626 2596 1845 2653 status
1888 2586 2189 2677 reliqiosi
2230 2592 2499 2682 proprie
2524 2590 2699 2661 dicti

423 2695 784 2801 alligatum,
834 2694 1184 2765 dicendum
1231 2704 1326 2766 est
1371 2698 1495 2767 tria
1540 2699 1709 2768 dicta
1762 2706 1929 2782 vota,
1972 2700 2045 2770 in
2090 2704 2317 2774 ordine
2362 2708 2443 2775 ad
2468 2710 2695 2799 acqui-

424 2810 688 2881 rendam
751 2812 1209 2902 perfectionem
1265 2812 1525 2903 emissa,
1578 2836 1711 2885 esse
1762 2816 1843 2885 de
1894 2822 2096 2887 status
2139 2818 2421 2910 religiosi
2472 2824 2695 2894 stricte

423 2928 666 3019 sumpti
699 2929 972 2997 essentia
995 2948 1109 2997 seu
1141 2928 1520 3000 substantia.

512 3039 886 3112 Psorosmo
915 3040 1020 3111 V·.
1047 3078 1136 3095 -
1155 3043 1281 3113 Est
1299 3042 1380 3111 de
1397 3046 1679 3115 essentia
1698 3058 1915 3116 status
1930 3048 2224 3139 reliqiosi
2230 3052 2505 3144 proprie
2523 3050 2704 3124 dicti

425 3166 502 3221 ut
546 3154 633 3223 sit
671 3167 892 3224 status
931 3156 1359 3246 perfectionis
1403 3158 1823 3249 acquirenda?
1870 3163 2257 3253 completus.
2288 3206 2381 3219 —-
2402 3164 2596 3253 Nam,
2618 3190 2701 3238 ex

425 3267 609 3337 dictis
661 3272 980 3361 superiori
1029 3271 1334 3360 sectione,
1385 3279 1584 3343 status
1628 3276 1981 3367 completus
2026 3282 2435 3371 perfectionis
2462 3286 2700 3375 acqui-

427 3380 642 3451 rendae
665 3384 728 3449 in
751 3405 824 3451 eo
853 3384 1142 3453 consistit
1163 3392 1238 3453 ut
1254 3386 1550 3456 tendatur
1568 3389 1646 3456 ad
1669 3391 2123 3481 perfectionem
2149 3417 2263 3486 per
2284 3398 2406 3466 tria
2423 3400 2705 3469 consilia

421 3496 793 3588 evangelica
840 3506 984 3567 voto
1029 3500 1306 3569 firmata.
1366 3501 1441 3571 Id
1488 3504 1703 3595 ipsum
1756 3512 1995 3589 autem,
2026 3532 2102 3578 ex
2128 3512 2510 3601 praecedenti
2540 3536 2709 3603 pro-

424 3614 761 3704 positione,
816 3620 911 3680 est
960 3614 1416 3685 affirmandum
1466 3619 1547 3687 de
1594 3620 1863 3692 essentia
1906 3630 2108 3693 status
2154 3624 2437 3715 religiosi
2474 3631 2709 3699 stricte

421 3728 709 3818 sumpti;
765 3746 920 3815 ergo
965 3726 1046 3795 ad
1095 3730 1439 3800 essentiam
1484 3739 1681 3801 status
1718 3732 1999 3825 religiosi
2026 3738 2243 3809 stricte
2268 3743 2513 3835 sumpti
2546 3764 2713 3835 per—

423 3844 605 3927 tinet,
661 3846 735 3912 ut
783 3841 866 3909 sit
909 3846 1108 3911 status
1156 3846 1512 3936 completus
1542 3848 1947 3939 perfectionis
1968 3854 2396 3945 acquirendae.
2430 3856 2526 3927 Ex
2566 3880 2717 3949 quo

425 3956 716 4045 sequitur
757 3955 1114 4047 quemlibet
1157 3966 1391 4032 statum
1450 3959 1828 4052 religiosum
1882 3968 2095 4037 stricte
2138 3976 2503 4062 sumptum,
2560 3992 2719 4043 esse

425 4068 548 4138 hoc
595 4072 737 4161 ipso
783 4078 845 4139 et
893 4070 1022 4139 dici
1080 4092 1262 4162 posse
1303 4082 1541 4145 statum
1587 4079 1982 4171 completum
2012 4082 2417 4190 perfectionis
2460 4092 2719 4177 acqui-

425 4184 668 4253 rendae.
711 4184 824 4255 An
876 4192 1117 4272 autem,
1157 4188 1312 4259 vice
1364 4210 1571 4273 versa,
1626 4177 1906 4284 quilibet
1934 4184 2133 4267 status
2160 4200 2515 4291 completus
2546 4224 2723 4295 per-

425 4300 718 4370 fectionis
764 4304 1176 4391 acquirendae
1221 4304 1352 4375 dici
1401 4308 1599 4398 possit
1647 4316 1846 4381 status
1894 4312 2229 4404 religiosus
2264 4318 2523 4409 proprie
2560 4319 2730 4392 dic-
