2834 4959
372 334 499 392 672
817 301 870 358 ο
995 340 1333 387 ’reseratus
1378 340 1458 387 nr
1493 340 1646 386 scas
1687 340 2103 387 assummum

377 466 526 549 cbo,
585 463 759 532 dicta
800 466 1201 531 sacramenta
1252 460 1648 529 ministrare.
1695 460 1764 528 4·
1811 458 2124 527 Remanet
2159 464 2420 529 tantum
2473 462 2668 531 diffi-

380 579 590 649 cultas
632 576 843 667 quoad
890 576 1311 671 sepulturam.
1354 574 1426 644 Si
1503 596 1736 665 nempe
1787 574 1856 642 in
1910 580 2206 666 exempto
2259 580 2670 647 monasterio

378 692 643 765 decedat
681 693 899 783 aliqua
940 690 1257 780 ejusmodi
1302 691 1540 781 puella,
1571 712 1702 759 non
1749 688 1999 759 habens
2043 688 2472 781 sepulchrum
2525 714 2669 761 ma·

372 811 627 898 jorum,
664 813 729 877 et
776 828 907 875 non
952 804 1147 873 electa
1194 804 1550 895 sepultura,
1581 825 1746 872 num
1785 803 2012 873 debeat
2057 802 2314 893 sepeliri
2355 805 2430 872 in
2477 828 2670 897 paro-

381 924 556 1006 chia,
598 944 681 991 an
709 942 857 989 vero
904 920 973 988 in
1018 918 1301 988 Ecclesia
1339 919 1728 987 monialium
1773 918 2031 1009 sepeliri
2069 918 2296 1006 valeat,
2333 920 2514 989 inter
2549 923 2666 993 do-

382 1044 585 1107 ctores
624 1038 1009 1129 disputatur.
1050 1034 1209 1103 ltem
1256 1034 1750 1102 controvertitur
1809 1033 1864 1101 si
1923 1032 2189 1123 elegerit
2247 1035 2672 1125 sepulturam

386 1156 458 1223 in
506 1153 921 1241 monasterio,
966 1172 1053 1221 an
1122 1150 1432 1221 debeatur
1483 1150 1763 1241 parocho
1817 1156 2044 1240 quarta
2111 1149 2421 1218 funeralis
2485 1152 2678 1241 (vide

386 1272 557 1363 apud
588 1269 899 1359 Ferraris,
936 1268 1021 1337 V.
1053 1266 1402 1355 Moniales,
1425 1274 1544 1335 art.
1580 1267 1642 1351 1,
1667 1287 1734 1332 n.
1770 1264 1907 1356 61).
1959 1264 2084 1334 Sed
2133 1266 2400 1355 quaestio
2446 1268 2516 1333 iu
2577 1268 2673 1335 fa-

391 1410 611 1458 vorem
660 1388 1087 1479 parochorum
1136 1388 1271 1477 jam
1317 1384 1674 1454 decidenda
1717 1383 1994 1464 videtur,
2025 1382 2111 1451 ob
2145 1383 2308 1453 duas
2355 1381 2422 1451 S.
2477 1382 2664 1453 Con·

390 1502 781 1593 gregationis
834 1501 1113 1571 Concilii
1194 1500 1664 1591 responsiones,
1717 1519 1876 1588 quas
1931 1496 2078 1567 vide
2125 1497 2298 1589 apud
2345 1498 2662 1569 eumdem

390 1614 677 1687 Feri-aris
738 1616 952 1705 (citato
1000 1614 1165 1700 loco,
1222 1635 1289 1682 n.
1347 1614 1476 1682 125
1535 1623 1599 1683 et
1659 1614 1830 1705 126).
1881 1612 2056 1683 Hinc
2109 1614 2448 1705 genet-atim
2517 1615 2656 1682 dici

390 1734 617 1821 potest,
668 1729 950 1822 parocho
998 1730 1317 1821 subjectas
1366 1752 1702 1799 remanere
1739 1730 1944 1799 dictas
1979 1730 2223 1821 puellas
2255 1728 2456 1819 quoad
2493 1750 2649 1799 ma-

398 1846 783 1915 trimonium
832 1844 1001 1936 (vide
1030 1852 1211 1913 tract.
1244 1842 1325 1912 de
1368 1844 1690 1930 Par-ocho,
1731 1866 1884 1936 pag.
1909 1844 2066 1937 473)
2105 1851 2172 1915 et
2209 1845 2656 1937 sepulturam:

394 1962 609 2051 quoad
634 1967 853 2031 caetera
882 1982 1031 2029 vero
1058 1980 1189 2028 non
1218 1961 1480 2048 subjici.

485 2078 781 2160 Quaesuo.
796 2076 905 2147 V'.
938 2116 1028 2129 —-
1056 2078 1165 2145 An
1187 2089 1249 2143 et
1270 2088 1596 2167 quatenus
1617 2076 2031 2168 prohibitum
2055 2077 2144 2146 sit
2157 2078 2425 2169 puellas
2447 2102 2682 2171 coyere

400 2194 494 2263 ad
530 2191 1031 2284 inqrediendum
1054 2193 1534 2261 monasterium
1554 2196 1590 2259 Ρ
1621 2232 1710 2245 -
1744 2196 1804 2262 1⁰
1835 2192 1904 2263 Si
1930 2194 2168 2263 coactio
2195 2194 2308 2263 fiat
2333 2217 2371 2262 a
2394 2217 2524 2263 non
2549 2196 2682 2262 ha-

394 2304 699 2375 bentibus
742 2302 1207 2371 dominativam
1252 2304 1318 2369 in
1372 2305 1543 2393 ipsas
1601 2310 2000 2392 potestatem,
2031 2305 2478 2395 peccaminosa
2523 2313 2682 2393 &⁸²3

396 2420 463 2489 2⁰
514 2422 569 2489 si
615 2418 853 2487 coactio
880 2419 1055 2486 flata
1092 2418 1466 2506 parentibus
1501 2423 1566 2485 et
1607 2416 1952 2503 tutoribus,
1983 2426 2047 2487 et
2085 2416 2312 2509 puellae
2357 2417 2489 2485 sint
2543 2417 2688 2487 im-

398 2534 695 2625 puberes,
752 2531 926 2598 licita
980 2538 1107 2621 est;
1162 2530 1228 2599 3⁰
1274 2532 1326 2599 si
1388 2531 1623 2621 puellae
1671 2534 1799 2601 sint
1824 2535 1962 2623 jam
2003 2532 2300 2623 puberes,
2321 2539 2388 2601 et
2425 2536 2688 2603 coactio

400 2647 511 2715 fiat
560 2668 599 2714 a
649 2645 1026 2737 parentibus
1080 2653 1193 2715 aut
1233 2647 1580 2731 tutoribus,
1615 2670 1746 2718 non
1793 2650 1860 2717 in
1907 2671 2064 2717 eum
2109 2649 2308 2717 finem
2345 2654 2420 2717 ut
2461 2658 2690 2740 postea
2831 2640 2834 2651 ’

398 2764 873 2855 compellantur
928 2764 1008 2832 ad
1058 2764 1484 2833 emittendam
1543 2765 2031 2855 professionem,
2081 2766 2192 2833 sed
2244 2763 2560 2833 duntaxat
2615 2774 2684 2834 ut

402 2882 857 2950 convenienter
906 2878 1289 2965 educentur,
1347 2880 1571 2949 relicta
1619 2878 1775 2971 ipsis
1823 2878 2204 2949 omnimoda
2249 2880 2555 2949 nubendi
2597 2879 2674 2947 li-

402 2996 667 3082 bertate,
704 2993 1098 3084 probabilius
1172 3016 1303 3064 non
1368 3004 1464 3063 est
1519 2995 1841 3065 illicitum.
1904 2994 2072 3065 Vide
2137 2994 2317 3087 apud
2389 2993 2680 3063 Fer-raris

406 3108 515 3200 (V.
550 3108 894 3194 MonialeS,
926 3116 1043 3177 art.
1080 3110 1145 3190 1,
1170 3133 1235 3179 n.
1262 3108 1347 3179 53
1386 3116 1452 3177 et
1475 3110 1667 3201 seq.).

494 3222 815 3293 Caeterum
842 3222 957 3312 qui
983 3232 1223 3313 cogunt
1252 3222 1502 3313 puellas
1532 3225 1666 3292 sive
1693 3224 1769 3293 ad
1834 3212 2130 3295 habitum
2153 3223 2666 3315 suscipiendum,

408 3338 543 3405 sive
592 3338 673 3406 ad
728 3335 1188 3427 professionem
1248 3336 1666 3406 emittendam
1713 3342 1868 3426 (sive
1917 3342 2114 3411 etiam
2159 3339 2242 3408 ad
2294 3337 2678 3429 simpliciter

409 3450 907 3541 ingrediendum
924 3450 1414 3533 monasterium,
1441 3452 1508 3519 in
1529 3453 1782 3522 casibus
1798 3454 1869 3521 in
1889 3455 2130 3546 quibus
2148 3454 2232 3523 ad
2248 3455 2313 3523 id
2339 3455 2478 3543 cogi
2496 3451 2684 3523 licite

397 3564 773 3655 nequeunt),
812 3587 943 3634 non
991 3572 1242 3633 tantum
1286 3567 1565 3653 graviter
1595 3576 1882 3659 peccant,
1907 3572 2013 3638 sed
2043 3568 2682 3639 excommunicatio-

406 3704 559 3750 nem
588 3682 963 3764 incurrunt,
1013 3702 1087 3747 ex
1132 3682 1336 3771 capite
1386 3680 1469 3748 18
1531 3683 1829 3751 sessionis
1871 3684 1958 3753 25
1992 3680 2388 3751 Tridentinae
2413 3682 2683 3771 synodi.

490 3793 775 3875 QuAEsno
804 3792 940 3862 Vl⁸.
972 3830 1063 3843 —
1091 3795 1196 3860 An
1218 3804 1466 3883 proeter
1481 3795 1754 3885 puellas
1777 3794 2176 3883 educandas,
2200 3797 2407 3889 recipi
2411 3796 2685 3887 possint

404 3909 474 3977 in
506 3922 827 3977 conventu
853 3908 1004 3977 alioe
1024 3908 1317 4000 feminae,
1345 3919 1408 3977 et
1439 3908 1604 4000 quid
1623 3911 1802 3981 circa
1823 3913 2003 4004 {mas
2031 3909 2686 3981 observandum?—

408 4024 469 4091 1ο
518 4023 611 4093 De
663 4026 923 4094 licentia
971 4027 1382 4115 superiorum
1427 4028 1627 4117 recipi
1687 4036 1956 4119 possunt
2005 4028 2270 4097 famulae
2311 4026 2676 4113 saeculares,

406 4139 487 4208 ad
540 4140 838 4209 obeunda
882 4140 1261 4211 communia
1306 4144 1686 4211 monasterii
1725 4144 2007 4213 servitia.
2038 4143 2342 4213 Dicimus
2377 4161 2682 4211 commu-

406 4257 561 4339 nia;
610 4257 766 4347 quia
814 4278 944 4325 non
996 4256 1369 4327 conceditur
1413 4261 1488 4322 ut
1533 4256 1634 4327 vel
1685 4258 1987 4329 monialis
2023 4260 2266 4351 aliqua,
2309 4257 2406 4328 vel
2459 4256 2686 4348 puella

407 4370 760 4457 educanda,
806 4373 1199 4462 peculiarem
1226 4372 1350 4441 sibi
1380 4372 1690 4443 ancillam
1707 4374 1963 4445 habeat.
