2834 4959
400 289 531 347 246
968 293 1308 343 moruus
1352 293 1434 341 nn
1479 293 1629 342 man
1671 289 2089 342 aasummu.

404 424 861 494 mentionem·
893 417 1117 489 Postea
1172 439 1458 509 expresse
1510 439 1548 488 a
1597 439 1716 486 suo
1747 418 1999 487 decreto
2033 415 2267 506 excipit
2301 414 2696 490 Bonifacius

402 539 554 610 VIII
576 537 921 608 Eremitas.
942 535 1113 605 Cum
1136 542 1355 606 autem
1380 535 1554 604 dicat
1571 532 1819 626 aliquis
1835 532 1944 602 vel
1967 533 2180 622 aliqui
2205 530 2286 601 de
2301 533 2688 624 proedictis,

402 653 733 726 decretum
776 671 911 719 non
953 649 1207 740 attingit
1249 651 1377 718 nisi
1423 669 1530 718 eos
1573 649 1652 718 de
1701 648 1942 738 quibus
1985 653 2167 716 antea
2209 645 2468 718 locutus
2513 657 2682 719 emt.

405 768 603 838 Porro
654 767 910 836 locutus
958 769 1094 833 erat
1126 763 1578 834 tantummodo
1620 763 1701 832 de
1745 761 2289 832 mendicantibus.
2345 761 2536 834 Unde
2561 763 2688 832 illa

397 883 727 954 decretalis
784 903 918 951 non
990 881 1250 972 attingit
1322 879 1580 950 ordines
1647 899 1776 949 non
1827 878 2297 963 mendicantes,
2349 879 2684 969 siquidem
2788 899 2789 954 3

394 999 683 1090 loquitur
729 1002 985 1065 tantum
1045 996 1125 1064 de
1184 994 1709 1066 mendicantibus
1743 1021 1762 1081 ;
1815 1015 1934 1064 nec
1977 993 2314 1080 moniales,
2345 994 2679 1084 siquidem

397 1115 477 1183 de
521 1112 650 1182 illis
678 1133 809 1182 non
869 1112 1155 1202 loquitur
1188 1136 1205 1194 ;
1265 1133 1387 1182 nec
1439 1110 1761 1196 eremitas,
1819 1108 2142 1200 siquidem
2193 1107 2340 1178 illos
2385 1129 2682 1199 expresse

398 1231 650 1322 excipit.
728 1230 871 1300 Imo
927 1249 1055 1298 non
1115 1227 1434 1296 censenda
1481 1235 1574 1296 est
1622 1221 1814 1295 hodie
1867 1224 2178 1314 attingere
2229 1223 2680 1294 mendicantes

396 1347 633 1437 quibus
682 1369 719 1414 a
768 1345 1045 1414 concilio
1088 1343 1469 1412 Tridentino
1527 1341 1672 1410 data
1717 1346 1811 1411 est
1861 1339 2134 1410 facultas
2185 1339 2566 1430 possidendi
2607 1343 2676 1410 in
2788 1433 2789 1444 ἵ

398 1463 759 1530 communi.
791 1457 959 1528 Nam
988 1461 1153 1528 ratio
1195 1459 1277 1528 ob
1304 1479 1503 1548 quam
1543 1457 1751 1526 latum
1797 1463 1894 1526 est
1933 1457 2060 1525 hoc
2099 1454 2410 1525 Bonifacii
2445 1458 2679 1526 decre·
2788 1475 2789 1478 ’

396 1579 567 1656 tum,
618 1573 871 1642 videtur
921 1573 1145 1642 eadem
1172 1593 1307 1642 esse
1334 1595 1409 1642 ac
1453 1572 1864 1662 praecedentis
1891 1569 2220 1640 decretalis
2239 1568 2530 1659 Gregorii
2559 1570 2674 1655 X;

397 1710 481 1757 ne
534 1688 777 1758 scilicet
830 1689 876 1755 ii
950 1688 1190 1778 quibus
1258 1689 1508 1755 victum
1585 1686 1867 1755 tribuere
1918 1685 2087 1754 solet
2129 1687 2370 1754 incerta
2411 1686 2678 1754 mendi-

400 1803 591 1889 citas·‚
646 1805 702 1872 si
754 1803 952 1872 nimis
994 1803 1187 1870 multi
1228 1804 1299 1870 in
1349 1801 1574 1870 eadem
1617 1799 2181 1890 regione-degant,
2217 1801 2572 1870 neccssaria
2595 1802 2678 1870 ad

398 1921 547 1989 vitae
568 1917 1097 1988 sustentationem
1120 1939 1255 1986 non
1280 1917 1638 1988 inveniant.
1665 1917 1856 1986 Unde
1877 1917 1932 1985 si
1957 1919 2067 2006 jus
2085 1915 2279 1986 hodie
2299 1913 2462 1984 foret
2471 1915 2678 1986 deter-

398 2035 788 2105 minandum
834 2055 909 2102 ex
955 2033 1105 2102 solis
1149 2032 1405 2101 duabus
1452 2033 1800 2124 praemissis
1846 2030 2297 2113 decretalibus,
2327 2030 2672 2102 dicendum

398 2151 563 2219 foret
611 2169 742 2216 non
772 2148 1023 2237 requiri
1062 2145 1141 2216 ad
1184 2148 1338 2214 novi
1378 2153 1732 2215 conventus
1784 2146 2168 2216 erectionem
2211 2145 2381 2216 sedis
2405 2149 2672 2238 Aposto-

398 2261 541 2330 licae
607 2261 1111 2352 beneplacitum,
1180 2262 1308 2330 nisi
1385 2261 1596 2350 quoad
1665 2260 2065 2352 Capuccines
2135 2268 2196 2330 et
2259 2261 2546 2332 Minores
2601 2261 2674 2330 de

401 2377 870 2474 observantia:
923 2375 1136 2466 quoad
1199 2382 1456 2444 caeteras
1533 2381 1752 2444 autem
1819 2377 2146 2467 religiosas
2201 2376 2482 2446 familias
2510 2364 2672 2446 ‘dari

401 2494 637 2563 locum'
650 2491 786 2581 juri
817 2492 1105 2581 antiqu0,
1144 2493 1208 2560 vi
1238 2494 1426 2582 cujus
1451 2491 1617 2581 erigi
1649 2497 2002 2562 conventus
2026 2499 2321 2584 poterant
2355 2513 2516 2562 cum
2551 2491 2670 2562 sola

402 2605 731 2675 Ordinarii
757 2604 1043 2674 licentia.

334 2873 337 2878 Ι
490 2783 597 2852 lll.
654 2788 1004 2853 Decretum
1051 2782 1526 2852 Tridentinum.
1573 2822 1662 2836 -
1695 2783 2048 2874 Loquendo
2095 2787 2173 2854 de
2201 2785 2504 2860 domibus
2549 2790 2664 2852 tam

401 2903 695 2972 virorum
724 2922 922 2991 quam
949 2900 1332 2979 mulierum,
1372 2906 1436 2968 et
1485 2901 1620 2969 sive
1662 2901 2126 2991 possidentium
2155 2903 2287 2970 sive
2308 2921 2444 2969 non
2480 2903 2668 2990 possi-

402 3013 702 3088 dentium
739 3015 1128 3102 immobilia,
1160 3017 1253 3083 sic
1282 3022 1559 3084 statuere
1581 3015 1949 3084 Tridentini
1989 3016 2206 3087 Patres
2241 3017 2415 3106 (sess.
2446 3015 2561 3101 25,
2599 3013 2668 3081 de

400 3131 873 3224 &quim-ibus,
898 3131 1103 3220 capite
1133 3129 1205 3216 3,
1236 3130 1409 3199 circa
1429 3129 1654 3222 finem)
1683 3155 1700 3198 ι
1730 3133 1863 3200 Nee
1891 3130 1969 3200 de
2001 3143 2233 3200 coetero
2257 3129 2504 3200 similia
2529 3130 2672 3197 loca

402 3247 771 3334 eriqantur,
803 3245 945 3315 sine
970 3245 1310 3337 Episcopi,
1346 3246 1424 3314 in
1448 3246 1635 3335 cujus
1653 3245 1911 3316 dioecesi
1931 3246 2242 3338 eriqenda
2269 3259 2448 3330 sunt,
2476 3243 2666 3314 licen-

407 3357 504 3425 tia
572 3361 769 3450 prius
820 3361 1119 3431 obtenta.
1195 3361 1291 3429 Ibi
1348 3361 1426 3430 de
1483 3364 1853 3432 necessitate
1901 3361 2284 3455 beneplaciti
2331 3361 2666 3453 Apostolici

400 3475 675 3544 omnino
696 3475 919 3545 siletur
945 3502 962 3560 ;
991 3482 1055 3546 et
1081 3477 1435 3545 necessaria
1467 3477 1830 3546 declaratur
1860 3478 2119 3548 licentia
2147 3477 2476 3570 Episcopi.
2507 3473 2662 3558 Quid

393 3589 567 3676 juris
592 3590 747 3658 inde
774 3599 1102 3682 sequatur,
1134 3591 1566 3681 expendimus
1593 3592 1786 3662 infra.

488 3773 601 3844 lv.
634 3777 837 3846 Bulla
878 3797 1309 3846 INSTAURANDAE
1344 3778 1718 3846 Innocentii
1762 3779 1848 3868 X,
1883 3778 1971 3845 22
2019 3779 2301 3847 octobris
2355 3777 2548 3847 1652.
2586 3811 2660 3827 -

400 3889 585 3962 lllam
659 3895 728 3961 in
796 3899 1053 3962 extenso
1116 3895 1391 3984 reperies
1434 3891 1604 3985 apud
1653 3893 1962 3978 Fert-aris,
2027 3891 2222 3963 verbo
2279 3895 2655 3974 Conventus,

402 4013 523 4078 art.
580 4013 644 4094 l,
682 4019 750 4079 n⁰
802 4010 868 4080 5.
916 4009 1238 4100 Equidem
1276 4009 1578 4100 prohibet
1617 4031 1700 4080 ne
1741 4009 2078 4098 erigantur
2115 4008 2268 4077 novi
2295 4013 2657 4090 conventus,

400 4121 535 4194 sive
584 4127 1133 4211 mendicantium,
1182 4127 1310 4194 sive
1359 4146 1490 4195 non
1545 4124 2084 4210 mendicantium,
2141 4124 2384 4216 absque
2423 4121 2658 4192 licentia

402 4237 569 4308 seclis
614 4238 1021 4329 Apostolicae.
1070 4239 1160 4309 At
1188 4259 1318 4308 non
1366 4238 1662 4329 loquitur
1712 4240 1790 4308 de
1817 4237 2262 4328 monialibus3
2312 4243 2376 4308 et
2415 4239 2656 4324 insuper

396 4353 527 4422 lata
576 4373 710 4424 non
762 4359 857 4423 est
909 4355 1037 4424 nisi
1092 4353 1304 4444 quoad
1352 4350 1607 4423 ltaliam
1644 4359 1708 4424 et
1755 4355 2113 4446 adjacentes
2169 4352 2434 4436 insulas,
2485 4346 2654 4440 prou!
