2834 4959
1026 336 1179 387 mus
1226 336 1518 388 stema·
2281 332 2406 388 29⁷

160 460 329 529 ullibi
364 457 689 527 inchoari.
721 455 893 525 Cum
918 457 1099 525 enim
1122 478 1524 548 unaquaeque
1551 459 1840 529 dioecesis
1863 461 1932 527 in
1961 462 2296 549 parochias
2329 464 2411 531 sit

161 572 503 660 distributa,
542 572 928 662 ubieunque
956 572 1175 641 volent
1208 574 1538 663 regulares
1571 573 1668 644 illi
1709 579 2104 643 conventum
2135 576 2406 665 erigere,

164 692 353 761 statim
390 689 601 759 aderit
632 686 760 757 loci
795 688 1141 779 parochus,
1170 690 1642 779 oppositionem
1671 690 2108 781 interponens,
2149 696 2210 757 et
2247 691 2416 761 dieta

162 802 519 895 praejudicia
544 803 720 892 (quae
750 821 972 869 revera
998 822 1075 869 ex
1101 800 1253 869 novi
1274 807 1626 871 conventus
1663 800 2042 871 fundatione
2060 804 2416 872 necessario

160 915 645 1008 consequentur)
674 915 1053 985 obtendens,

248 1030 551 1101 Peenno
580 1030 719 1101 lv·.
766 1070 851 1085 —
885 1030 1281 1123 (Remissive)
1311 1070 1403 1085 -
1435 1032 1530 1101 Ex
1559 1032 1740 1124 praxi
1771 1054 2102 1103 sacrarum
2139 1055 2416 1123 congre·-

31 1158 33 1165 '
168 1148 504 1236 gatianum.
546 1184 641 1201 —
678 1148 1159 1237 Argumentum
1187 1148 1381 1237 illud,
1412 1150 1582 1237 quod
1619 1151 2020 1240 praecipuum
2047 1157 2112 1217 et
2147 1151 2419 1219 omnino

31 1282 33 1313 ἑ
172 1265 663 1354 peremptorium
720 1262 911 1343 roret,
980 1286 1177 1353 cogor
1244 1264 1325 1333 ad
1390 1265 1590 1333 alium
1662 1270 1999 1333 tractatum
2057 1266 2418 1349 remittere,

172 1378 319 1467 quia
343 1378 407 1447 in
440 1380 933 1468 praesentiarum
978 1388 1339 1470 opportuna
1365 1379 1751 1449 documenta
1783 1401 1916 1470 prae
1947 1379 2254 1479 manihqs
2287 1400 2420 1450 non

170 1490 375 1561 habeo.
410 1490 733 1561 Thesauri
763 1492 1238 1561 resolotionum
1266 1492 1333 1562 S.
1365 1494 1894 1585 Congregationis
1921 1493 2192 1563 Concilii
2230 1497 2422 1565 volu-

31 1658 34 1697 !
170 1609 335 1677 mina
358 1609 675 1700 pervolvi,
726 1614 803 1676 ut
842 1629 1105 1679 causam
1132 1608 1415 1699 aliquam
1445 1609 1829 1691 invenirem,
1860 1608 1930 1677 in
1971 1630 2102 1700 qua
2127 1618 2424 1700 ageretur

174 1720 241 1791 de
282 1723 565 1814 parocho
598 1722 748 1791 novi
793 1728 1145 1792 conventus
1172 1723 1503 1810 erectioni,
1539 1723 1856 1792 dictorum
1889 1724 2422 1813 praejudiciorum

31 1920 34 1949 Ι
172 1844 490 1929 praetextu,
536 1858 673 1909 sese
710 1845 1097 1930 opponente.
1148 1836 1275 1907 Sed
1317 1856 1442 1905 nec
1486 1860 1602 1928 pro
1641 1859 1762 1908 nec
1804 1844 2028 1906 contra
2067 1839 2424 1926 quidquam

174 1954 413 2021 inveni.
447 1952 581 2021 Nec
618 1954 865 2023 mirum
897 1978 914 2021 z
956 1952 1275 2041 ejusmodi
1317 1952 1498 2018 enim
1525 1972 1758 2036 causae,
1797 1971 1929 2019 non
1963 1948 2029 2019 S.
2065 1950 2428 2039 Congrega·

180 2068 337 2139 tioni
375 2068 661 2155 Concilii,
706 2069 817 2137 sed
847 2068 1059 2152 alteri,
1103 2065 1574 2158 Episcoporum
1606 2071 1667 2133 et
1711 2064 2112 2154 regularium
2157 2066 2430 2154 negotiis

174 2186 533 2277 praepositas,
592 2185 1113 2253 committuntur.
1180 2182 1395 2273 Hujus
1453 2188 1671 2251 autem
1729 2182 2099 2273 posterioris
2145 2176 2212 2249 S.
2265 2179 2430 2248 Con-

178 2304 553 2393 goegationis
598 2302 953 2371 decisiones
992 2322 1127 2369 non
1170 2300 1436 2369 fuerunt
1483 2299 1692 2369 editae.
1753 2296 1944 2367 Haud
1992 2296 2216 2366 dubito
2267 2296 2430 2385 quin

178 2415 239 2484 in
284 2416 484 2509 ipsius
532 2416 833 2487 archiviis
877 2415 1081 2485 multa
1126 2415 1203 2484 de
1250 2417 1546 2506 praesenti
1589 2416 1946 2505 quaestione
1995 2412 2424 2501 reperiantur.

178 2530 451 2599 Autumo
479 2552 719 2623 nempe
748 2530 1075 2601 multoties
1109 2530 1189 2600 ab
1230 2530 1778 2600 Eminentissimis
1803 2531 2004 2622 hujus
2037 2528 2102 2599 S.
2146 2528 2434 2617 Congre-

178 2646 439 2733 gatiouis
463 2644 763 2715 Patribus
797 2646 1117 2729 decisum,
1146 2665 1329 2735 posse
1356 2644 1434 2711 ad
1467 2644 1618 2710 novi
1657 2650 2014 2711 conventus
2040 2642 2433 2712 erectionem

182 2762 449 2849 procedi,
518 2784 658 2831 non
716 2761 1118 2830 obstantibus
1184 2756 1487 2850 parochi,
1545 2756 1716 2823 dieta
1775 2756 2154 2846 praejudicia
2211 2756 2438 2823 obten-

180 2874 401 2962 dentis,
432 2876 1033 2968 reclamationibus3
1075 2874 1142 2943 id
1170 2878 1424 2941 estnon
1452 2868 1740 2938 obstante
1767 2868 1938 2959 quod
1968 2890 2044 2935 ex
2079 2870 2230 2936 novi
2272 2888 2438 2935 con-

182 2998 396 3059 ventus
448 2992 767 3060 erectione
811 2994 1115 3060 secutura
1158 2986 1237 3056 sit
1276 2984 1654 3055 imminutio
1701 3001 2056 3051 concursus
2095 2979 2322 3071 populi
2369 2980 2440 3047 in

182 3108 524 3193 parochiali
566 3107 859 3192 ecclesia,
915 3112 978 3174 et
1014 3104 1392 3173 imminutio
1437 3100 1840 3170 oblationum
1885 3118 2032 3191 quae
2077 3096 2280 3166 libere
2326 3116 2440 3185 pa-

185 3224 371 3293 rocho
398 3225 541 3293 fieri
575 3223 883 3310 solebant,
922 3227 987 3291 et
1016 3221 1141 3289 alia
1170 3218 1409 3289 similia
1443 3216 1846 3309 praejudicia,
1875 3212 2120 3304 quibus
2143 3214 2296 3303 jura
2321 3231 2442 3303 pa·-

190 3338 484 3407 rochialia
506 3340 719 3409 stricte
742 3339 913 3408 dicta
940 3357 1073 3406 non
1098 3334 1446 3405 laeduntur.

287 3452 739 3544 Confirmatio,
770 3492 863 3506 —
901 3454 997 3523 Ex
1022 3472 1097 3521 eo
1124 3450 1297 3541 quod
1325 3472 1363 3517 a
1386 3454 1632 3517 remota
1658 3445 2034 3535 antiquitate
2061 3445 2148 3514 ita
2186 3448 2296 3535 jus
2321 3444 2446 3510 hac

191 3564 267 3634 de
302 3590 371 3637 re
413 3570 817 3639 intellectum
866 3568 1077 3639 [uerit.
1126 3605 1217 3620 —
1250 3570 1445 3635 Anno
1490 3563 1622 3633 655
1664 3560 2018 3667 concilium
2059 3558 2448 3627 Toletanum

188 3702 454 3774 nonum,
497 3687 829 3755 moderare
871 3683 1091 3755 volens
1137 3682 1415 3752 nimiam
1459 3678 1932 3771 Episcoporum
1976 3675 2047 3744 in
2096 3668 2448 3743 fundandis

192 3802 365 3868 novis
420 3803 825 3873 monasteriis
887 3799 1334 3871 liberalitatem
1403 3808 1468 3865 et
1520 3796 1762 3883 zelum,
1835 3795 1930 3864 sic
2008 3786 2443 3861 decernebat:

203 3937 239 3977 (ί
265 3912 559 4009 Quisquis
605 3920 821 4008 itaque
862 3918 1329 4007 Episcoporum
1372 3914 1441 3980 in
1484 3910 1788 4004 parochia
1825 3931 1941 3979 sua
1982 3901 2446 3975 monasterium

200 4054 235 4093 (ι
262 4041 626 4103 construere
686 4033 848 4102 forte
913 4031 1210 4116 voluerit,
1272 4034 1335 4097 et
1388 4028 1512 4096 hoc
1581 4048 1656 4096 ex
1714 4025 1908 4094 rebus
1968 4017 2298 4105 Ecclesiae,
2345 4019 2452 4087 cui

202 4172 235 4211 α
260 4148 587 4238 presidet,
662 4146 867 4217 ditare
924 4144 1295 4227 decreverit,
1382 4165 1516 4213 non
1581 4139 1866 4231 amplius
1940 4135 2184 4207 ibidem
2249 4154 2450 4223 quam

204 4286 237 4325 a
268 4264 873 4355 quinquagesimam
920 4267 1168 4353 partem
1224 4259 1372 4329 dare
1434 4257 1728 4335 debebit3
1791 4260 1885 4339 ut,
1946 4252 2068 4321 hac
2131 4260 2450 4340 tempera-

206 4406 237 4445 «
268 4386 467 4452 menti
509 4382 805 4475 aequitate
838 4386 1105 4466 servata,
1139 4385 1201 4447 et
1238 4380 1347 4447 cui
1385 4376 1636 4460 tribuit,
1677 4378 2048 4463 competens
2083 4369 2448 4441 subsidium
