2834 4959
1126 354 1278 403 rans
1322 354 1562 403 mm.
2359 348 2483 409 499

207 477 327 548 sub
348 478 473 547 hac
500 474 899 556 conditione,
933 474 1109 564 quod
1133 474 1219 543 ad
1252 474 1628 545 clausuram
1669 494 1804 543 non
1833 474 2272 560 tenebuntur3
2305 478 2416 547 sed
2441 500 2485 549 e

207 599 425 663 contra
444 590 606 660 huic
634 587 1043 678 obligationi,
1068 609 1287 678 quam
1350 592 1600 681 optime
1647 595 1916 671 norunt,
1973 610 2107 659 sese
2161 589 2480 681 subjicere

207 706 435 777 volunt
470 705 590 775 :3⁰
626 704 1001 773 clausuram
1044 703 1121 771 de
1172 703 1337 773 facto
1370 708 1646 792 servant,
1677 704 2028 795 etquidem
2066 704 2259 795 (quod
2301 728 2480 777 asse-

204 844 349 892 rere
379 820 750 913 possumus)
774 840 979 909 quam
1017 818 1542 907 diligentissime.
1579 820 1646 887 4⁰
1677 818 1753 889 Si
1792 819 1952 910 quid
2007 826 2230 889 contra
2271 821 2484 912 legem

204 936 425 1017 illam,
452 936 581 1003 sive
619 957 695 1003 ex
736 954 1065 1006 canonum
1091 932 1492 1023 ignorantia,
1514 934 1650 1003 sive
1671 954 1748 1003 ex
1797 934 2088 1005 hnmana
2114 935 2480 1025 fragilitate,

204 1052 349 1121 sive
387 1072 461 1119 ex
505 1050 649 1119 aliis
690 1049 1225 1128 circumstantiis,
1280 1053 1574 1140 peccent,
1625 1050 1718 1137 id,
1762 1054 1835 1119 ut
1879 1050 2188 1131 diximus»,
2241 1072 2488 1141 nequa-

201 1184 407 1255 quam
435 1163 639 1233 valoti
664 1161 1086 1253 professionis
1124 1167 1191 1229 et
1214 1170 1520 1231 votorum
1543 1161 1934 1233 solemnitati
1963 1164 2214 1235 obstare
2255 1170 2484 1257 potest.

202 1279 528 1369 Alioquin
551 1277 903 1346 dicendum
952 1276 1116 1344 foret
1137 1276 1273 1344 tolli
1302 1284 1604 1345 votorum
1632 1278 2104 1349 solemnitatem
2129 1302 2240 1371 per
2269 1302 2488 1372 pecca-

200 1403 351 1467 tum
370 1399 590 1463 contra
613 1393 1016 1475 clausuram,
1040 1392 1215 1481 quod
1245 1391 1612 1463 absurdum
1633 1401 1750 1464 est.
1783 1395 1954 1487 Ergo
1977 1396 2150 1487 quod
2174 1398 2489 1467 solemnia

202 1531 349 1581 non
394 1511 519 1579 sint
562 1509 885 1579 dictarum
941 1506 1171 1577 Galliae
1225 1509 1628 1581 monialium
1681 1516 1854 1601 vota,
1916 1532 2046 1583 non
2093 1514 2387 1605 provenit
2409 1534 2486 1581 ex

202 1624 377 1693 male
389 1630 635 1693 servata
669 1624 991 1692 clausurae
1020 1621 1191 1713 lege.

1262 1851 1305 1941 g
1339 1848 1459 1921 w.

218 2010 341 2063 Nisi
358 2009 705 2061 intervenisset
722 2006 949 2059 voluntas
971 2008 1105 2061 sedis
1137 2007 1454 2071 Apostollcae,
1475 2008 1705 2059 statuens
1730 2016 1796 2058 ne
1829 2007 2074 2059 solemnia
2099 2010 2266 2061 forent
2299 2013 2496 2064 monia·

516 2098 643 2149 lium
662 2096 833 2149 Gallim
865 2102 1002 2163 vota,
1026 2110 1121 2163 pro
1144 2096 1456 2149 solemnibus
1481 2100 1598 2149 vota
1625 2096 1736 2148 haec
1757 2096 1990 2148 habenda
2011 2098 2192 2151 forent.

303 2303 578 2393 Agimus
627 2302 809 2373 enim
862 2301 943 2371 de
997 2301 1397 2371 monialibus
1446 2320 1680 2371 eorum
1736 2302 2073 2388 ordinum,
2128 2302 2244 2393 qui
2270 2324 2308 2371 a
2350 2302 2498 2373 sede

200 2418 580 2509 Apostolica
635 2419 903 2489 suerunt
951 2418 1315 2510 approbati,
1374 2440 1530 2489 cum
1566 2440 1640 2489 ea
1690 2418 1833 2509 lege
1867 2424 1944 2487 ut
1973 2418 2277 2510 professio
2303 2418 2376 2487 in
2401 2420 2495 2489 eis

200 2554 329 2625 per
351 2538 657 2603 votorum
704 2532 1099 2603 solemnium
1146 2533 1562 2601 emissionem
1615 2534 1838 2617 fieret3
1892 2541 2086 2624 prout
2135 2542 2288 2605 sunt
2314 2534 2493 2606 Visi-

196 2638 514 2733 tandinae,
547 2648 1049 2735 ‘Carmelitanae,
1094 2647 1560 2728 Benedictinae,
1613 2648 1926 2716 moniales
1971 2657 2212 2721 sanctae
2260 2652 2490 2739 Claroe,

192 2770 277 2835 et
308 2763 748 2855 aliae-similem
792 2786 1077 2856 quarum
1107 2763 1480 2831 institutum
1522 2782 1562 2829 a
1587 2760 1732 2829 sede
1759 2762 2126 2851 Apostolica
2171 2766 2491 2857 approba-

192 2886 349 2949 tum
402 2880 754 2949 emittenda
808 2885 957 2949 vota
1015 2879 1331 2949 solemnia
1394 2875 1778 2969 praescribit.
1846 2873 2047 2944 Porro
2123 2878 2248 2944 nisi
2316 2878 2492 2949 sedes

190 2979 590 3087 Apostolica,
647 3016 817 3085 quae,
880 2994 1177 3065 instituta
1228 2994 1372 3063 haec
1427 2988 1872 3083 approbando,
1923 2996 2071 3059 vota
2122 2991 2191 3058 in
2239 2990 2333 3059 eis
2369 2992 2489 3062 rite

189 3112 435 3181 emissa
518 3109 715 3180 semel
790 3130 909 3200 pro
990 3130 1249 3201 semper
1335 3114 1650 3198 tanquam
1729 3104 2046 3175 solemnia
2111 3106 2518 3195 acceptavit„

189 3226 597 3295 voluntatem
655 3225 1030 3310 mutaverit,
1085 3230 1149 3292 et
1190 3223 1590 3291 sufficienter
1651 3220 2091 3304 declaraverit,
2148 3226 2294 3289 vota
2343 3220 2484 3293 haec

183 3342 331 3430 jam
354 3361 495 3409 non
540 3339 675 3407 l'ore
718 3336 1059 3426 solemnia,
1116 3336 1301 3405 nulla
1354 3342 1450 3404 est
1496 3336 1662 3405 ratio
1698 3357 1818 3405 cur
1865 3336 2125 3407 desiisse
2179 3338 2246 3406 in
2278 3337 2486 3409 Gallia

190 3475 427 3525 eorum
456 3454 827 3523 solemnitas
856 3453 1179 3523 censenda
1209 3452 1317 3520 sit.
1352 3449 1517 3519 Nam
1543 3452 1708 3519 ratio
1738 3450 1848 3519 illa
1902 3450 2060 3543 foret
2091 3476 2110 3522 ε
2164 3453 2264 3519 vel
2309 3454 2482 3544 quod

188 3569 299 3638 lex
328 3569 543 3637 civilis
586 3566 813 3635 Galliae
836 3568 1329 3657 incapacitatem
1375 3563 1657 3634 dominii
1702 3564 1773 3633 in
1825 3566 1904 3634 iis
1935 3565 2328 3634 monialibus
2349 3586 2481 3635 non

192 3686 528 3774 agnoscat,
584 3683 805 3771 sicque
846 3680 1155 3772 impediat
1201 3700 1287 3748 ne
1342 3677 1631 3748 solemne
1659 3700 1806 3750 esse
1858 3680 2054 3772 possit
2088 3682 2480 3772 paupertatis

188 3804 429 3867 votnm
464 3804 527 3864 et
563 3802 1027 3885 consequenter
1050 3818 1133 3865 ne
1160 3794 1302 3865 alia·
1339 3796 1535 3864 etiam
1574 3796 1704 3865 duo
1762 3802 1906 3867 vota
1959 3797 2277 3869 solemnia
2301 3800 2471 3867 sint:

184 3912 301 3981 vel
328 3910 479 4002 quia
504 3914 795 4003 ipsarum
826 3915 1179 3983 conventus
1224 3912 1536 3983 canonice
1575 3912 1772 3983 erecti
1821 3934 1958 3983 non
2003 3914 2314 3983 suerunt:
2377 3915 2477 3983 vel

182 4026 375 4116 quia,
404 4025 489 4094 ob
523 4024 931 4095 deficientem
956 4027 1355 4110 clausuram,
1394 4025 1594 4095 iidem
1643 4033 2004 4098 conventus
2047 4028 2259 4097 forent
2303 4026 2474 4097 anti·

178 4141 540 4212 canonici:
582 4142 689 4211 vel
736 4143 894 4234 quia
922 4143 1111 4213 dictae
1163 4142 1478 4213 moniales
1535 4141 1764 4213 Galliae
1814 4151 2038 4216 votum
2083 4143 2476 4241 paupertatis

179 4254 563 4325 emitterent
614 4278 769 4327 cum
796 4256 1159 4328 intentione
1194 4259 1532 4328 servanda
1571 4256 1922 4328 habilitatis
1949 4261 2030 4329 ad
2076 4260 2472 4353 dominium,

178 4370 279 4459 ad
301 4371 465 4462 legis
490 4374 697 4445 civilis
734 4366 1091 4463 terminos}
1110 4378 1332 4467 sicque
1379 4396 1602 4447 revera
1638 4395 1768 4445 non
1797 4377 2274 4467 profiterentur,
2293 4381 2478 4471 juxta
