2834 4959
1037 347 1188 394 ruis
1233 347 1527 398 suenum.
2245 347 2371 404 305

163 457 238 524 2⁰
269 453 363 522 Si
405 451 710 542 eriqatw·
759 460 1118 520 conventus
1155 453 1230 520 in
1275 475 1404 544 quo
1446 451 1791 524 duodecim
1818 455 2110 546 reliqiosi
2142 479 2371 528 conve-

71 571 351 638 memet·
373 563 759 634 inhabitare
783 577 848 634 et
873 568 1234 634 sustentari
1258 580 1619 660 nequeunt,
1643 580 1940 638 remanet
1969 573 2375 644 omnimodae

55 683 552 777 jurisdictioni
576 680 924 750 Ordiuarii
946 683 1296 774 subjectus,
1328 721 1419 736 —
1444 684 1623 754 Patet
1644 705 1720 754 ex
1746 692 1969 754 tenore
1994 687 2133 777 ipso
2156 697 2375 778 poste-

65 800 268 870 rioris
292 796 548 866 decreti
573 815 772 886 supra
795 795 990 864 allati.
1312 797 1321 809 “

165 915 392 983 Nota.
424 947 517 962 —
539 907 768 990 Quoad
813 917 1205 980 conventum
1231 913 1350 1002 qui
1379 915 1872 984 convenientem
1910 918 2371 987 habitationem

74 1033 146 1096 et
191 1027 734 1096 sustentationem
768 1024 1112 1094 duodecim
1153 1027 1475 1117 religiosis
1521 1033 1819 1118 praestare
1865 1037 2093 1122 potest,
2153 1033 2261 1102 sed
2308 1035 2375 1102 in

78 1164 226 1234 quo
272 1141 606 1234 pauciores
652 1139 730 1208 de
776 1139 940 1209 tacto
986 1139 1375 1228 inhabitant,
1427 1142 1706 1212 dubium
1749 1146 1908 1215 oriri
1946 1154 2172 1238 potest,
2214 1169 2375 1216 num

83 1259 304 1329 etiam
339 1263 665 1326 remaneat
693 1253 1016 1326 Ordinarii
1037 1255 1479 1346 jurisdictioni
1527 1259 1882 1349 subjectus.
1934 1259 2101 1329 Nam
2144 1263 2213 1331 in
2262 1285 2381 1352 po-

83 1374 360 1443 steriori
389 1372 629 1440 decreto
653 1371 892 1440 dicitur
923 1395 940 1438 ε
977 1373 1062 1439 In
1085 1371 1322 1463 quibus
1341 1371 1685 1444 duodecim
1708 1374 2004 1468 reliqiosi
2022 1379 2387 1446 sustentari

89 1501 304 1580 atque
329 1487 710 1556 inhabitare
732 1509 870 1556 non
887 1498 1229 1577 poterunt,
1253 1499 1318 1556 et
1343 1499 1503 1558 actu
1526 1511 1665 1558 non
1698 1490 2178 1562 habitaverint.
2212 1491 2281 1562 Si
2312 1496 2382 1562 in

89 1604 216 1674 hoc
241 1602 578 1686 membro,
610 1613 674 1671 et
701 1612 858 1670 actu
882 1624 1019 1670 non
1043 1601 1529 1688 habitaverint,
1560 1605 1879 1696 particula
1910 1618 1975 1676 et
2006 1608 2177 1677 idem
2205 1616 2387 1678 sonet

96 1743 166 1789 ac
189 1719 301 1788 vel
330 1719 567 1810 (prout
594 1716 1092 1807 intelligendum
1142 1719 1447 1810 videtur),
1474 1719 1891 1788 inferendum
1918 1728 2015 1790 est
2040 1723 2385 1792 ordinariae

96 1833 404 1927 Episcopi
420 1833 862 1924 jurisdictioni
886 1832 1251 1924 subjectum
1274 1855 1408 1903 esse
1428 1834 1624 1902 illum
1644 1843 2067 1920 conventum,
2095 1839 2389 1926 quandiu

98 1952 170 2018 in
193 1973 270 2019 eo
297 1971 440 2020 non
467 1947 902 2040 complebitur
923 1948 1360 2018 duodenarius
1384 1947 1839 2038 religiosorum
1868 1969 2203 2018 numerus.

189 2065 258 2136 3⁰
271 2067 368 2134 In
383 2063 830 2156 computando
849 2063 1073 2132 valore
1087 2062 1444 2154 sufficienti
1463 2061 1847 2133 reddituum
1864 2076 1929 2132 et
1947 2064 2393 2155 eleemosyna-

105 2204 273 2269 rum,·
318 2178 758 2251 detrahendae
783 2191 944 2248 sunt
983 2201 1284 2270 empensoe
1301 2201 1433 2270 pro
1471 2177 1776 2247 sacristia
1820 2190 1884 2246 et
1926 2179 2193 2248 ecclesia
2225 2202 2247 2247 .·
2280 2201 2395 2248 nec

107 2299 268 2367 ratio
287 2294 618 2366 habenda
640 2306 735 2364 est
757 2293 1144 2364 reddituum
1167 2293 1595 2386 difficillimae
1622 2295 1985 2362 exactionis
2009 2317 2033 2361 .·
2064 2317 2179 2362 nec
2189 2293 2394 2384 juvat

113 2413 278 2504 quod
295 2413 471 2484 aliae
491 2410 725 2480 domus
751 2407 1000 2480 ordinis
1023 2409 1117 2478 ad
1137 2407 1591 2501 supplendum
1610 2431 1741 2478 sese
1767 2408 2093 2501 obliqent.
2126 2448 2216 2460 —
2244 2407 2395 2478 Haec

113 2529 246 2600 vide
266 2526 474 2598 variis
502 2525 847 2594 Sacrorum
882 2523 1475 2612 Congregationum
1505 2544 1925 2592 romanarum
1952 2524 2391 2592 decisionibus

111 2641 386 2721 firmata,
419 2639 589 2732 apud
601 2638 890 2709 Fet-raris
915 2638 1088 2729 (voce
1111 2638 1518 2714 ConventuS,
1548 2642 1669 2703 art.
1713 2637 1783 2720 1,
1811 2656 1881 2703 n.
1913 2635 2031 2722 28,
2068 2638 2155 2706 29
2174 2644 2238 2705 et
2255 2638 2391 2730 30).

1031 2959 1307 3034 CAPUT
1357 2959 1470 3030 Vl.

117 3215 190 3260 AN
231 3213 564 3270 REQUISITA
605 3211 804 3265 QUOAD
839 3209 988 3256 Now
1025 3207 1371 3253 CONVENTUS
1417 3203 1693 3252 vntomm
1730 3200 2035 3247 Ennomon
2051 3201 2139 3246 Eu
2180 3201 2397 3254 REQCI-

327 3311 577 3359 muron
621 3309 814 3355 ss‘rlAu
854 3307 913 3353 IN
951 3304 1276 3351 ERIGENDIS
1319 3301 1669 3350 uomALItm
1714 3297 2165 3345 GONVENTIBUS.

203 3491 516 3564 Nonnulli
539 3489 882 3560 canonistae
910 3483 1292 3578 generaliter
1317 3480 1661 3558 affirmant,
1684 3479 1755 3546 in
1781 3477 2105 3568 erigendis
2136 3479 2393 3548 monia-

122 3609 276 3680 lium
301 3608 734 3680 conventibus
762 3599 1154 3672 adhibendas
1183 3617 1317 3666 esse
1343 3594 1777 3666 solemnitates
1820 3611 2070 3675 omme,
2122 3615 2269 3682 quae
2313 3592 2393 3658 ad

120 3743 314 3794 novos
333 3727 628 3793 virorum
671 3722 1022 3789 conventus
1045 3711 1490 3804 requiruntur.
1528 3733 1561 3775 α
1588 3707 1912 3798 Requisita
1944 3705 2187 3798 (inquit
2228 3705 2386 3775 Fer-

125 3863 160 3902 «
182 3841 548 3922 raris,voce
571 3838 1104 3916 Conventus‚art.
1140 3832 1204 3912 1,
1234 3850 1303 3897 n.
1339 3825 1447 3918 31)
1478 3821 1971 3916 profundendis
2014 3819 2197 3888 novis
2224 3840 2388 3888 con-

130 3953 488 4025 «ventibus
543 3951 1015 4042 religiosorum,
1076 3943 1318 4013 habent
1357 3941 1551 4010 etiam
1595 3939 1817 4007 locum
1859 3938 2031 4005 circa
2080 3934 2387 4024 erigenda

133 4070 576 4142 «monasteria
628 4066 1012 4138 monialium
1065 4084 1082 4131 z
1138 4058 1372 4129 debent
1413 4056 1596 4125 enim
1650 4052 1893 4122 eaedem
1944 4047 2383 4118 solemnitates

137 4207 168 4248 α
187 4187 508 4258 observari
557 4187 630 4254 in
691 4183 821 4253 illis
870 4175 1290 4258 aedificandis,
1351 4172 1544 4242 sicuti
1594 4170 1666 4238 in
1706 4167 1838 4236 illis
1896 4164 2302 4254 regularium
2363 4187 2381 4232 ε

139 4299 463 4373 «Barbosa
507 4301 732 4392 (super
775 4295 1181 4379 Tridentino,
1211 4309 1362 4358 sess.
1421 4285 1507 4355 25
1552 4281 1631 4354 de
1676 4284 1866 4372 Κεφ,
1914 4299 1976 4349 c.
2018 4278 2085 4364 3,
2130 4300 2197 4347 n.
2242 4273 2384 4365 29),

137 4439 170 4478 <1
193 4415 425 4488 Seuius
459 4418 556 4505 (in
599 4413 834 4486 Select.
869 4431 1137 4496 canon„
1173 4429 1231 4476 c.
1277 4403 1389 4488 60,
1420 4425 1490 4472 n.
1518 4401 1610 4492 4).
1652 4423 1691 4465 1>
1720 4397 1867 4469 Non
1894 4403 2113 4468 tamen
2138 4393 2393 4462 videtur

359 4543 410 4593 1.
2134 4519 2203 4567 2⁰
