2834 4959
1094 406 1245 455 PARS
1291 407 1554 465 QUARTA.
2336 398 2371 453 6
2381 400 2408 455 1
2421 400 2450 455 1

181 549 537 621 suspensus
606 526 715 595 vel
776 528 1383 597 exconmunis-atus
1404 581 1428 613 ,
1479 528 1682 597 etiam
1751 526 2086 597 vitandus.
2154 564 2245 579 -—
2295 528 2460 597 Vide

180 642 785 733 Scbmalzgrueber,
816 644 991 713 intit.
1023 643 1103 712 de
1127 645 1590 735 Reyulart‘bus,
1621 666 1692 715 n.
1735 643 1886 713 188.

270 759 445 828 vlu.
472 760 581 827 An
596 757 801 828 nulla
816 760 907 827 sit
912 760 1243 852 professio
1256 770 1493 829 contra
1520 760 1758 851 leym,
1787 759 1859 828 in
1881 759 2458 830 omsstitutiom'bus
2567 790 2580 819 .›

183 873 441 942 ordinis
473 894 871 965 expressam,
899 874 1093 963 facta
1112 876 1147 940 P
1176 910 1265 927 -
1290 872 1834 965 Respondendum
1869 875 2189 963 negative,
2228 874 2356 943 nisi
2385 875 2456 941 in

184 989 749 1059 constitutionibus
785 1008 1074 1079 expresse
1134 990 1259 1059 sub
1314 989 1631 1059 nullitetis
1677 988 1871 1081 poene
1913 990 2458 1081 impedimentum

184 1108 594 1193 decernatur,
624 1111 687 1173 et
726 1104 1211 1174 constitutiones
1250 1128 1289 1173 e
1342 1105 1490 1175 sede
1529 1106 1894 1197 Apostolica
1929 1105 2172 1176 fuerint
2215 1128 2458 1198 appro-

190 1223 397 1290 batae:
446 1246 484 1287 «
506 1218 943 1289 Notissimum
972 1220 1215 1311 quippe
1242 1220 1526 1311 estjuris
1552 1221 1981 1312 principium,
2010 1219 2186 1311 quod
2213 1220 2459 1312 profes·
2543 1246 2549 1251 ·

202 1362 237 1399 α
264 1337 359 1406 sio
386 1340 610 1404 contra
645 1334 857 1424 legem
886 1336 959 1404 in
987 1334 1422 1425 peculiaribus
1449 1336 2018 1407 constitutionibus
2043 1335 2326 1427 alicujus
2349 1358 2462 1407 or-

206 1478 239 1515 «
265 1450 438 1520 dinis
484 1452 955 1543 praescriptam,
986 1469 1121 1519 nou
1160 1449 1359 1519 soleat
1395 1451 1580 1520 irrita
1634 1450 1972 1536 declarari,
2005 1452 2130 1521 nisi
2157 1451 2462 1545 haecipsa

203 1566 572 1636 u'nullitatis
600 1586 793 1657 poene
818 1563 1017 1635 fuerit
1056 1566 1124 1633 in
1148 1564 1393 1634 eisdem
1419 1566 2008 1652 constitutionibus,
2039 1588 2078 1635 e
2099 1567 2246 1637 sede
2276 1566 2463 1659 Apo-

201 1706 235 1747 «
262 1681 485 1751 stolica
518 1658 815 1771 specifice
854 1677 1249 1773 approbetis,
1274 1680 1562 1769 adjectu
1616 1681 1982 1750 secundum
2028 1702 2102 1749 ea
2148 1684 2294 1771 quei
2329 1689 2463 1753 tra-

200 1824 235 1863 «
264 1798 359 1866 dit
390 1796 743 1885 Fegnanus
770 1794 865 1885 (in
892 1816 1032 1886 cap.
1093 1794 1226 1878 Qui
1240 1794 1735 1886 presbyterum,-
1765 1816 1832 1863 n.
1869 1794 1936 1877 8,
1976 1793 2057 1865 de
2099 1797 2344 1865 Poenit.
2396 1808 2463 1865 et

202 1936 237 1977 (ι
264 1911 459 2000 rem.)
488 1936 509 1998 3
535 1910 791 1999 egregie
806 1908 1367 1999 Eminentissimus
1390 1910 1578 1979 Petra
1597 1910 1700 2000 (ed
1723 1916 1929 1981 const.
1959 1910 2002 1979 2
2027 1911 2350 1979 Anastasii
2367 1909 2459 1999 11,

204 2050 241 2089 α
265 2046 336 2093 n.
364 2025 409 2093 9
429 2052 449 2111 ς
479 2023 559 2093 ed
604 2025 862 2094 constit.
894 2024 935 2094 5
976 2024 1271 2115 Gregorii
1297 2023 1415 2110 IX,
1459 2032 1538 2095 n:
1564 2024 1678 2114 22,
1709 2032 1869 2095 tom.
1904 2025 1974 2111 2,
2005 2029 2070 2094 et
2115 2024 2198 2095 ed
2251 2031 2457 2095 const.

202 2165 237 2204 α
268 2139 309 2209 3
337 2138 591 2209 callixti
629 2136 744 2223 Vl,
776 2163 846 2209 n.
883 2141 994 2227 17,
1024 2148 1183 2213 tom.
1216 2140 1328 2233 5);
1376 2150 1442 2211 et
1473 2142 1806 2232 colligitur
1841 2162 1918 2210 ex
1952 2141 2222 2211 decretis
2259 2142 2462 2231 hujus

200 2282 239 2321 α
273 2254 483 2327 Sacrae
518 2256 1074 2347 Congregetionis.
1100 2282 1135 2325 n
1183 2256 1423 2350 (Verba
1457 2259 1600 2331 hoec
1623 2258 2103 2348 desumpsimus
2145 2278 2223 2326 ex
2269 2278 2464 2327 cause

188 2371 443 2441 Pisana
468 2372 552 2441 10
556 2374 845 2461 januarii
872 2372 1315 2459 1739‚tomo9
1346 2374 1667 2445 Thesauri
1691 2373 2191 2463 resolutionum‚
2209 2393 2354 2465 pag.
2394 2376 2458 2458 7,

189 2486 235 2577 ἓ
268 2487 462 2568 Quod
485 2487 785 2579 attinet.)

1110 2780 1387 2852 CAPUT
1430 2782 1519 2851 V.

299 2982 378 3026 AD
420 2984 585 3037 Qum!
628 2982 973 3029 mertuum·
1010 2982 1293 3032 uovrrlos
1334 2984 1417 3029 An
1459 2980 1914 3031 Pnorzssmnssu
1967 2981 2340 3028 Anum-mnu.

276 3179 552 3261 Quaestio
598 3180 737 3250 haec
775 3180 1078 3252 solvende
1136 3184 1335 3265 venit,
1388 3186 1536 3251 tum
1579 3179 1842 3251 relative
1897 3181 1980 3251 ed
2033 3178 2452 3272 Episcopum,

172 3304 329 3362 tum
404 3296 661 3383 relative
736 3298 817 3367 ad
872 3288 1177 3389 ipsosmet
1221 3299 1572 3389 regulares.
1628 3296 1800 3367 Hinc
1859 3294 2097 3406 duplex
2150 3315 2460 3388 paragra-

174 3410 386 3501 phas·

1264 3598 1377 3693 §¹-

309 3772 441 3822 Num
462 3778 762 3837 potestatem
784 3774 969 3829 babeat
994 3776 1272 3843 Episcopus
1286 3780 1503 3831 novitios
1528 3779 1595 3830 ad
1629 3780 1985 3844 professionem
2017 3778 2336 3834 admittendi.

273 3980 647 4046 Prorosmo
674 3977 756 4045 1·.
788 4016 879 4031 --
904 3982 992 4048 In
1028 3979 1369 4049 ordinibus
1395 3984 1740 4073 exemptis,
1775 4006 1913 4053 non
1932 3996 2156 4075 potest
2181 3945 2490 4076 Episem-x

138 4110 305 4186 pus
330 4110 729 4182 quemquam
755 4091 851 4161 ad
860 4094 1330 4185 professionem
1358 4094 1580 4165 valide
1601 4096 1980 4167 admittere.
2008 4135 2094 4152 -
2125 4096 2197 4167 ld
2227 4094 2456 4191 probet

149 4202 233 4280 F
234 4224 527 4291 agnanus
548 4203 643 4296 (in
669 4226 811 4297 cap.
832 4210 1246 4299 Por-rectum,
1270 4208 1352 4279 de
1379 4210 1852 4302 Reqularibus,
1879 4233 1949 4281 n.
1994 4211 2082 4282 32
2101 4217 2168 4283 et
2189 4214 2354 4304 seq.)
2381 4213 2454 4282 in

158 4320 365 4387 hunc
411 4320 685 4391 modum
722 4343 740 4389 τ
805 4346 841 4390 «
879 4322 960 4391 In
1016 4326 1422 4395 monasteriis
1487 4333 1555 4395 et
1628 4326 2052 4417 religionibus
2111 4328 2449 4421 exemptis,

172 4455 227 4495 α
256 4433 475 4521 quales
523 4446 677 4507 sunt
726 4438 919 4511 hodie
968 4437 1315 4530 religiones
1356 4439 1491 4510 fere
1519 4462 1770 4531 omnes,
1807 4444 2160 4517 tenendum
2193 4452 2288 4517 est
2332 4445 2452 4517 eb-
