2834 4959
343 391 466 447 564
913 389 1253 440 Tamarus
1297 389 1378 436 BE
1420 387 1575 434 mnt.
1618 383 2039 432 nummu.

327 521 496 588 alios
535 516 726 586 tradit
763 513 1048 584 Ferraris
1082 511 1194 602 (V.
1215 507 1589 590 Martiales,
1622 513 1745 576 art.
1784 507 1851 591 ί,
1878 525 1947 572 u.
1980 503 2093 592 82)
2124 525 2143 571 ε
2185 501 2641 572 «ordinarius

345 663 378 702 ι
407 632 590 702 nullo
665 637 846 724 pacto
905 628 1294 721 compellere
1367 629 1575 718 potest
1652 619 1971 690 moniales
2042 618 2126 686 ed
2208 617 2641 708 acceptandus

339 775 389 814 .«
409 748 684 840 puellas,
757 765 970 836 neque
1056 744 1139 812 ad
1217 740 1545 824 habitum,
1633 757 1847 828 neque
1912 734 1995 804 ad
2068 732 2589 824 professionem..
2606 784 2629 800 .

333 891 379 932 a
399 862 778 955 Acceptetio
827 861 1008 928 enim
1059 855 1427 949 puellarum
1461 855 1549 923 ad
1596 853 1901 922 habitum
1948 848 2315 938 religioniS,
2346 847 2643 939 pertinet

343 1007 380 1045 ι
404 979 610 1050 libere
655 977 738 1048 ad
787 975 1144 1061 moniales;
1195 978 1260 1040 et
1299 969 1688 1061 Episcopus,
1724 969 1959 1058 praeter
2004 963 2357 1046 voluntatis
2404 962 2644 1054 explo-

333 1120 378 1163 ,α
407 1094 752 1177 rationem,
815 1089 990 1160 nihil
1037 1087 1218 1160 alind
1280 1085 1489 1154 lacere
1536 1086 1768 1174 potest,
1814 1086 1889 1150 ut
1934 1078 2273 1170 respondit
2316 1077 2388 1148 S.
2446 1077 2643 1147 Con·

343 1233 379 1274 a
405 1209 781 1300 gregalia...
811 1231 848 1272 n

423 1325 640 1414 Atque
667 1323 841 1390 idem
876 1325 1103 1390 auctor
1141 1317 1336 1403 infra,
1364 1337 1439 1385 n..
1476 1313 1631 1397 104,
1660 1315 1749 1382 ita
1791 1309 2136 1400 subjungit
2166 1331 2185 1376 ε
2250 1331 2287 1374 <t
2314 1305 2641 1398 Episcopo

342 1465 377 1505 a
405 1438 506 1506 vel
563 1438 688 1507 alio
743 1435 1003 1527 praelato
1049 1455 1164 1504 seu
1219 1433 1554 1524 superiore
1598 1427 1867 1521 jubente
1918 1423 2124 1517 recipi
2180 1423 2502 1492 novitiam
2550 1423 2641 1492 ed

355 1551 900 1642 «prolesn‘onem,
971 1547 1451 1618 contradicente
1510 1545 1741 1634 maiori
1794 1547 1979 1634 parte
2030 1539 2437 1622 monialium,
2489 1557 2641 1607 nou

359 1691 392 1733 «c
415 1664 607 1734 debet
648 1664 944 1735 admitti:
995 1683 1132 1733 non
1185 1661 1365 1732 enim
1420 1659 1719 1750 superior
1774 1662 1982 1747 potest
2036 1653 2112 1723 ad
2160 1651 2229 1721 id
2290 1650 2633 1720 moniales

361 1805 392 1846 ι(
422 1777 836 1870 compellere,
905 1784 980 1848 ut
1047 1778 1292 1866 pluries
1363 1775 1649 1845 decrevit
1707 1771 1783 1842 S.
1854 1765 2285 1860 congregatio
2342 1763 2633 1858 Episco—

359 1921 389 1960 ιι
419 1917 652 1988 porum
707 1903 772 1967 et
812 1895 1312 1986 regularium...
1363 1892 1446 1964 Et
1494 1893 1550 1961 si
1607 1889 1901 1981 superior
1943 1886 2023 1956 de
2060 1906 2153 1967 se,
2184 1903 2339 1954 cum
2380 1882 2635 1952 minori

361 2039 394 2076 α
411 2019 618 2103 parte,
667 2012 1060 2082 reclamante
1123 2009 1356 2099 majori
1426 2012 1609 2098 parte
1680 2001 2096 2082 monialium,
2158 1999 2473 2069 novitiam
2552 1997 2637 2065 ad

357 2153 392 2191 a
417 2125 878 2216 professionem
905 2124 1294 2212 admitteret,
1328 2119 1636 2214 professio
1662 2127 1825 2190 esset
1854 2117 2121 2186 nulla...
2161 2139 2196 2182 ι

1415 2387 1456 2475 g
1484 2385 1560 2454 11.

672 2589 744 2640 Ad
771 2601 1020 2654 quanam
1040 2589 1106 2640 de
1121 2591 1486 2642 communitate
1506 2591 1757 2654 pertineat
1784 2582 2004 2643 novitios
2024 2592 2281 2656 recipere.

441 2809 704 2882 Dictum
741 2817 838 2882 ost
875 2817 1192 2902 quatenus
1226 2813 1619 2883 novitiorum
1642 2812 1924 2904 receptio
1966 2813 2051 2882 ad
2110 2812 2475 2904 ipsummet
2518 2833 2637 2881 re-

351 2927 656 3018 ligiosum
702 2927 999 2999 ordinem
1055 2929 1390 3020 pertineat.
1432 2927 1744 2998 Remanet
1771 2928 2125 2998 dicendum
2162 2949 2277 3019 per
2304 2947 2637 3018 quosnam

353 3041 601 3112 ordinis
641 3065 752 3111 seu
781 3041 1263 3112 communitatis
1309 3043 1643 3132 religiosos
1678 3045 1961 3134 receptio
2000 3044 2139 3113 hoec
2179 3043 2477 3113 facienda
2522 3043 2632 3112 sit.

443 3157 496 3228 1.
547 3159 716 3228 Ante
757 3157 919 3228 Sixti
957 3157 1018 3227 V
1071 3158 1582 3238 constitutiones,
1629 3179 1705 3228 ex
1756 3158 1927 3250 juris
1969 3160 2247 3229 textibus
2296 3181 2425 3228 non
2472 3159 2639 3230 satis

351 3272 659 3362 liquebat,
701 3293 784 3340 sn
837 3273 1112 3342 novitios
1159 3271 1515 3363 recipiendi
1560 3279 1833 3363 potestas
1876 3276 2227 3366 pertineret
2282 3273 2357 3343 ad
2396 3272 2639 3342 solum
2687 3309 2695 3314 -

356 3383 695 3474 praelatum
729 3387 1084 3477 religionis,
1110 3409 1196 3457 an
1237 3408 1392 3458 vero
1446 3392 1844 3460 neoessarius
1897 3391 2095 3460 etiem
2150 3391 2317 3462 foret
2354 3390 2639 3482 capituli

356 3515 750 3566 consensus:
785 3498 958 3568 unde
1004 3498 1072 3566 id
1115 3497 1640 3570 concludendum
1682 3507 1819 3570 erat
1854 3523 1931 3570 ex
1983 3501 2401 3591 singulorum
2446 3500 2634 3570 ordi-

353 3631 516 3680 num
557 3611 1150 3699 constitutionibus,
1173 3620 1288 3682 aut
1353 3615 1825 3684 consuetudine
1854 3615 2027 3707 (vide
2082 3615 2499 3697 Sum-esium,
2556 3615 2641 3685 de

357 3727 724 3817 Reliqione,
753 3734 926 3796 tomo
957 3731 1025 3816 3,
1055 3727 1104 3799 l.
1127 3729 1196 3814 5,
1220 3750 1278 3800 c.
1329 3729 1441 3818 10,
1470 3753 1539 3800 n.
1566 3731 1644 3815 ὃς
1680 3751 1933 3802 necnon
1954 3731 2471 3822 Temburinum,
2493 3733 2643 3802 loco

353 3840 568 3929 citato,
599 3863 665 3911 n.
701 3841 746 3911 6
771 3845 832 3908 et
855 3839 945 3933 7).

443 3955 524 4026 Π.
575 3957 640 4026 Α
689 3955 868 4028 Sixto
931 3955 994 4026 V
1049 3961 1362 4029 statutum
1420 3959 1569 4046 fuit,
1618 3967 1693 4030 ut
1750 3961 2051 4052 praelatus
2096 3961 2435 4053 religionis
2490 3979 2630 4029 non

355 4078 563 4164 posset
619 4071 892 4142 novitios
963 4072 1046 4140 16
1119 4093 1445 4144 annorum
1513 4081 1695 4146 aetate
1759 4078 2033 4166 majores
2088 4078 2447 4164 admittere,
2493 4074 2633 4142 nisi

360 4183 698 4256 accedente
745 4183 1115 4275 aliquorum
1189 4187 1636 4258 consultorum
1688 4211 2035 4260 consensu.
2092 4189 2169 4259 ln
2219 4211 2339 4260 sua
2386 4207 2638 4278 nempe

351 4299 802 4368 constitutione
847 4303 1009 4370 Cum
1039 4299 1122 4370 de
1157 4302 1492 4387 omnibus,
1523 4303 1681 4373 anni
1723 4303 1923 4391 1587,
1970 4311 2278 4375 statuerat
2325 4302 2633 4374 laudatus

343 4407 635 4478 Pontifex
660 4412 730 4479 in
753 4413 930 4482 hunc
955 4415 1220 4484 modum
1247 4439 1265 4484 ε
1298 4417 1611 4488 Volumus
1632 4429 1711 4487 ut
1730 4421 2049 4512 cujusque
2060 4420 2335 4511 juvenis
2354 4428 2479 4486 aut
2500 4415 2637 4486 viri
