2834 4959
387 320 508 379 678
1417 322 1623 371 maiix.

447 446 791 502 Corollarium
815 446 874 499 11.
907 448 1076 497 Potest
1107 448 1284 497 votum
1319 454 1382 495 ex
1417 442 1633 507 simplici
1670 440 1781 493 fleri
1806 440 2052 504 solemne,
2070 444 2195 506 quin
2220 450 2515 499 necessus-‘n

507 539 575 589 sit
594 549 724 588 nova
757 538 970 587 intentio
1000 536 1282 586 voventis..
1420 562 1587 583 ......
1608 567 1653 580 ..
2076 567 2121 581 ..
2170 568 2345 583 ......
2398 572 2495 587 ....
2596 541 2665 589 8⁴

448 624 798 679 Gerellanum
823 623 910 676 111.
935 624 1121 675 Votum
1146 620 1362 686 simplex
1387 624 1443 671 et
1466 624 1645 670 votum
1672 616 1896 670 solemne
1920 621 2165 671 mutitatis
2182 625 2503 685 propi-iem

510 715 750 767 differunt
775 716 961 780 specie,
991 712 1044 763 id
1064 716 1164 774 est,
1191 710 1254 763 ab
1283 712 1574 772 intrinseco,
1598 721 1688 773 per
1707 708 1931 771 aliquam
1960 711 2319 773 proprietatem
2338 722 2513 764 esseu-

509 802 711 863 tialem;
741 802 832 853 sed
851 802 1097 867 duntaxat
1115 800 1178 851 ab
1199 800 1498 861 extrinseco,
1522 810 1613 849 seu
1635 808 1724 861 per
1745 795 1939 857 aliquid
1954 796 2317 850 accidentale..
2594 806 2637 852 ιε

449 891 788 941 Corollarium
811 890 896 941 iv,
921 890 1067 941 Ratio
1109 899 1200 939 cur
1240 890 1294 938 in
1323 889 1563 939 societate
1586 884 1707 937 lesu
1730 890 1908 937 votum
1930 888 2177 937 castitatis
2194 887 2525 941 scholastico-

509 993 624 1031 rum
649 993 752 1030 non
789 982 856 1030 sit
874 978 1117 1037 solemne,
1159 978 1391 1041 quamvis
1420 975 1791 1026 inhabilitatem
1812 975 2023 1025 inducat.
2037 976 2106 1026 ad
2126 979 2523 1030 matrimonium

510 1069 840 1132 subsequens,
880 1072 960 1119 est
989 1070 1111 1131 quia
1153 1079 1255 1118 non
1295 1066 1493 1117 inducit
1516 1065 1649 1117 hanc
1672 1064 2041 1117 inhabilitatem
2058 1064 2293 1117 absolute
2310 1070 2369 1117 in
2388 1081 2513 1133 par-

506 1161 2493 1220 potuum........................................................
2612 1161 2671 1209 8⁶

383 1282 586 1335 CAPUT
609 1282 696 1334 lli.
727 1284 794 1333 De
822 1285 926 1333 voti
959 1282 1274 1347 paupertatis
1301 1278 2508 1336 ωὶοιιιιιὶιιιω.............................
2608 1288 2667 1336 oe

448 1390 480 1455 ς
501 1392 548 1443 1.
581 1389 820 1453 Quaenam
836 1391 903 1442 sit
928 1390 1032 1440 voti
1050 1388 1365 1453 paupertatis
1391 1388 1627 1447 materia,
1646 1390 1759 1435 tum
1777 1388 1992 1447 remota,
2011 1389 2128 1437 tum
2157 1390 2439 1451 proxima..
2454 1424 2499 1442 ..
2604 1396 2661 1443 εἳ

567 1478 604 1529 i.
633 1478 875 1541 Quaenam
897 1480 964 1528 sit
985 1478 1194 1527 materia
1218 1476 1532 1540 paupertatis
1560 1479 1751 1524 remota
1760 1508 1889 1525 .....
1907 1512 1919 1523 .
1932 1508 2507 1531 ...................
2602 1483 2661 1531 88

577 1568 634 1615 il.
661 1565 904 1628 Quaenam
927 1568 993 1617 sit
1020 1563 1234 1615 materia
1277 1565 1525 1625 proxima,
1552 1574 1645 1612 seu
1668 1574 1897 1627 quaenam
1932 1566 2048 1625 jura
2068 1566 2123 1614 et
2142 1568 2353 1629 quinam
2372 1570 2507 1618 aetus

637 1654 945 1718 paupertatis
975 1656 1093 1703 voto
1121 1654 1463 1716 repugnent..
1636 1686 1898 1703 .......
2430 1691 2497 1709 ...
2592 1660 2655 1707 m

579 1745 627 1792 1⁰
655 1740 948 1805 Paupertati
968 1740 1226 1805 completa·
1265 1742 1517 1790 contraria
1546 1744 1686 1802 sunt,
1707 1738 1991 1790 dominium
2020 1754 2113 1791 seu
2134 1744 2499 1807 proprietatio-

635 1842 822 1881 uorum
863 1830 1236 1894 temporalium,
1278 1832 1361 1891 jus
1387 1828 1606 1888 fruendi,
1628 1830 1713 1889 jus
1734 1827 1931 1890 utendi,
1958 1832 2009 1879 et
2035 1832 2124 1891 jus
2144 1833 2400 1883 retinendi
2428 1844 2515 1883 seu

637 1919 1311 1982 possidendi.............
1932 1950 2197 1969 .........
2466 1955 2511 1973 ..
2608 1922 2671 1971 90

579 2008 631 2057 2⁰
659 2008 788 2059 Usus
833 2012 886 2058 et
904 2010 1118 2059 retentio
1160 2007 1298 2069 sacti,
1344 2008 1394 2057 ld
1433 2011 1524 2070 est,
1572 2020 1635 2057 ex
1662 2006 1885 2067 licentia,
1914 2018 2019 2057 non
2040 2012 2222 2058 autem
2243 2022 2305 2059 ex
2323 2012 2521 2073 proprio

634 2099 748 2158 jure
763 2100 814 2146 et
837 2100 1058 2155 nomine,
1073 2109 1270 2146 necnon
1291 2108 1431 2146 mera
1452 2095 1841 2157 administratio,
1862 2107 2191 2159 nequaquam
2214 2100 2515 2161 paupertati,

645 2187 800 2234 etiam
830 2184 1106 2248 completoe,
1135 2190 1419 2249 repugnant
1428 2216 2502 2237 ...................................
2608 2188 2669 2236 91

585 2275 642 2321 3ο
671 2271 880 2323 seclusa
906 2276 1212 2323 auctoritate
1234 2272 1467 2323 Ecclesiae
1486 2272 1632 2323 aliter
1646 2274 1939 2330 statuentis.
1961 2276 2135 2323 votum
2151 2275 2359 2337 simplex
2382 2286 2513 2336 pau·

642 2364 875 2425 portatis,
896 2363 1055 2414 etiam
1067 2360 1348 2423 completae,
1363 2374 1467 2413 nou
1486 2362 1702 2425 Impedit.
1721 2362 1847 2423 quin
1864 2361 2031 2414 valide
2040 2364 2231 2411 retinen
2237 2367 2289 2409 et
2304 2363 2499 2424 acquiri

645 2451 798 2509 possit
829 2448 1168 2498 dominium..
1275 2476 2495 2503 ....
2592 2453 2659 2501 92

460 2552 491 2615 ἓ
521 2554 581 2603 Π.
609 2553 678 2601 De
707 2554 858 2602 variis
879 2552 1114 2615 gradibus
1137 2556 1470 2618 paupertatis,
1490 2557 1543 2605 et
1568 2556 1777 2619 quinam
1800 2554 1865 2605 ad
1894 2554 2304 2607 consumendum
2326 2558 2516 2605 statum

579 2639 868 2702 religiosum
899 2641 1152 2692 sufficiant
1158 2678 2515 2697 ............................................
2616 2647 2675 2694 05

520 2726 805 2792 Propo-sitio
832 2729 892 2779 lt.
921 2731 1190 2781 Possibiies
1223 2734 1579 2795 concipiuntur
1605 2735 1729 2783 varii
1754 2736 2065 2796 paupertatis
2086 2734 2293 2797 gradus.
2313 2767 2360 2785 ..
2376 2772 2419 2785 ..
2436 2768 2481 2784 ..
2500 2770 2515 2781 .
2612 2735 2671 2783 95

521 2817 802 2882 Proposita>
831 2818 910 2869 tia.
937 2818 1015 2869 An
1051 2824 1264 2881 quartus
1303 2832 1364 2869 ex
1417 2820 1564 2871 dictis
1588 2820 1824 2884 gradibus
1852 2820 1917 2871 ad
1944 2825 2111 2873 status
2128 2822 2347 2885 religiosi
2368 2823 2523 2873 ratio-

581 2920 699 2958 nem
718 2906 946 2969 sufficiat,
969 2911 1274 2959 controverti
1295 2911 1463 2972 potest
1473 2942 2517 2963 ..................................
2612 2913 2661 2959 st·

521 2994 806 3059 Proposita>
829 2996 943 3045 111⁸.
975 2978 1247 3060 Paupertas
1276 3008 1392 3059 quae
1417 3002 1521 3047 non
1546 2998 1769 3049 excludIt
1792 2998 2095 3061 dominium,
2119 3000 2275 3050 modo
2294 2996 2519 3049 excludat

587 3096 740 3133 usum
771 3084 984 3133 liberum
1011 3088 1065 3134 et
1093 3084 1539 3148 independentem,
1563 3092 1699 3137 certo
1718 3086 1905 3137 sufficit
1923 3086 1991 3138 ad
2016 3090 2215 3138 statum
2238 3087 2521 3149 religiosum

583 3174 785 3236 propris
808 3172 1002 3224 dictum
1014 3206 2518 3229 .................................................
2612 3176 2669 3222 96

461 3280 492 3343 §
525 3278 612 3331 111.
645 3281 1016 3331 Determinatur
1046 3282 1102 3330 in
1131 3292 1232 3343 quo
1257 3282 1357 3331 stet
1389 3283 1491 3333 voti
1516 3284 1826 3346 paupertatis
1852 3282 2150 3337 solemnitas
2159 3319 2515 3335 ............
2585 3288 2663 3335 101

521 3370 806 3432 Propositio
837 3372 896 3419 1.
935 3370 1045 3421 Voti
1076 3373 1444 3435 paupertatiss
1419 3370 1711 3421 solemnitas
1734 3384 1839 3421 non
1861 3374 2089 3425 consistit
2111 3375 2164 3425 iu
2182 3373 2356 3438 aliqua
2378 3372 2522 3425 hene·

556 3458 794 3522 dictione,
816 3471 908 3509 seu
935 3462 1324 3521 consecratione,
1355 3459 1517 3511 aliove
1540 3474 1682 3513 sacro
1708 3441 2013 3513 ritu...
2030 3500 2043 3511 .
2062 3498 2076 3513 .
2092 3500 2107 3513 .
2126 3501 2139 3513 .
2158 3501 2171 3513 .
2189 3502 2203 3513 .
2220 3501 2238 3513 .
2285 3501 2298 3512 .
2318 3502 2329 3512 .
2440 3498 2485 3513 ..
2502 3500 2517 3513 .
2590 3462 2671 3513 102

527 3548 810 3612 Propo-sitio
829 3547 913 3598 11⁸.
941 3548 1243 3599 solemnitas
1272 3552 1378 3600 voti
1397 3552 1708 3613 paupertatis
1728 3562 1829 3601 non
1850 3553 2081 3601 consistit
2099 3553 2152 3601 in
2166 3552 2434 3602 traditione
2448 3553 2527 3601 sui

587 3652 644 3687 ac
664 3652 872 3689 suorum
895 3638 1144 3689 honorum
1167 3642 1217 3689 et
1237 3641 1448 3703 jurium,
1469 3640 1570 3691 Deo
1585 3642 1639 3688 et
1659 3638 1886 3702 religioso
1906 3639 2073 3691 ordini
2093 3640 2247 3702 tacta,
2260 3644 2314 3692 et
2326 3642 2528 3691 nomine

587 3727 677 3777 Dei
709 3730 968 3790 acceptata
977 3761 2525 3781 ..................................................
2594 3728 2677 3777 102

525 3816 811 3881 Propositio
841 3814 948 3867 111⁸.
981 3816 1096 3867 Voti
1127 3818 1440 3881 paupertatis
1472 3818 1765 3868 solemnitas
1796 3821 1874 3868 est
1914 3820 2128 3881 ipsamet
2153 3820 2231 3869 vis
2260 3816 2529 3867 inducendi

587 3906 970 3968 incapacitatem
983 3905 1208 3966 dominii,
1221 3920 1334 3969 quae
1351 3906 1471 3957 huic
1489 3909 1606 3982 voto
1624 3906 1857 3969 alligatur
1872 3918 1962 3970 per
1974 3908 2229 3957 statutum
2246 3916 2338 3957 seu
2351 3904 2529 3956 voiun-

577 3998 737 4045 tatem
765 3994 996 4046 Ecclesiae
1007 4026 2520 4048 .................................................
2586 3992 2671 4039 loe

525 4084 801 4149 propositio
831 4080 932 4136 ΙΨ.
961 4084 1076 4135 Voti
1115 4086 1433 4149 paupertatis
1458 4082 1748 4135 solemnitas
1796 4088 1873 4135 est
1898 4084 1973 4134 vis
2005 4081 2291 4135 absolutam
2322 4080 2519 4132 dominii

589 4175 971 4237 incapacitatem
1006 4172 1276 4223 inducendi
1285 4206 1511 4224 ........
1535 4212 1542 4219 .
1558 4204 1954 4225 .............
1968 4208 1987 4251 .·
2003 4199 2508 4225 .................
2584 4166 2671 4216 103

399 4312 609 4365 CAPUT
636 4314 718 4365 iv.
750 4314 818 4366 De
845 4316 1162 4367 solemnitate
1195 4317 1298 4367 voti
1319 4314 1671 4367 ohedientiae..
1875 4346 1920 4367 ..
1940 4350 1986 4366 ..
2501 4348 2515 4360 .
2592 4310 2669 4361 ios

527 4403 812 4467 Propo-sitio
835 4404 900 4457 1⁸.
927 4405 1034 4456 Nisi
1072 4404 1296 4457 obstaret
1329 4406 1543 4471 positiva
1574 4348 1826 4458 Ecclesia
1836 4404 2115 4469 dispositio,
2144 4405 2315 4468 posset
2317 4342 2526 4464 religlo·
