2834 4959
403 285 484 343 66
978 286 1318 336 ΤΒΑΕΤΑΤῸὸ
1361 286 1444 334 ΒΕ
1484 285 1635 336 war.
1680 283 2098 334 luteuultmm.

1181 743 1627 852 SECTIO
1708 747 1840 850 lll

1033 1025 1124 1075 DE
1177 1023 1511 1076 VOTORUM
1568 1023 2051 1078 SOLEMNITATE
2064 1057 2079 1072 .

481 1481 558 1546 In
599 1476 1040 1568 superioribus
1085 1469 1763 1546 sectionibus'dictum
1804 1480 1923 1560 est,
1972 1474 2053 1542 ad
2106 1472 2445 1542 essentiam
2498 1473 2637 1541 reli-

267 1581 276 1591 ’
399 1593 562 1683 giosi
609 1599 805 1660 status
852 1591 1096 1680 requiri
1132 1598 1353 1660 votum
1383 1598 1769 1683 perpetuum
1798 1590 1878 1659 de
1906 1589 2149 1681 triplici
2185 1589 2450 1659 consilio
2468 1609 2636 1656 evan-
2760 1652 2762 1660 ,

400 1713 629 1803 gehen,
691 1712 1075 1802 paupertatis
1131 1731 1389 1801 nempe,
1446 1711 1752 1778 castitatis
1803 1716 1866 1777 et
1909 1708 2315 1778 obedientiae.
2348 1707 2506 1778 Cum
2546 1725 2641 1773 au·

399 1835 532 1894 tem
583 1827 898 1915 ejusmodi
966 1831 1108 1894 vota
1162 1827 1232 1894 in
1287 1825 1609 1915 simplicia
1672 1831 1736 1893 et
1788 1823 2101 1893 solemnia
2158 1823 2628 1912 distinguantur,

400 1941 892 2029 expendendum
933 1945 1227 2008 remanet
1285 1939 1358 2008 in
1415 1961 1547 2029 quo
1592 1943 1715 2007 stet
1766 1939 2104 2029 utriusque
2154 1936 2387 2028 speciei
2446 1931 2643 2002 discri-
2762 1951 2764 1970 ¹

403 2079 596 2140 men3
671 2065 733 2122 et
774 2077 936 2124 num
989 2060 1185 2122 status
1253 2053 1592 2143 religiosus
1646 2075 1802 2124 cum
1845 2053 1997 2124 solis
2050 2056 2212 2124 votis
2261 2045 2635 2141 simplicibus

402 2181 566 2240 stare
610 2170 830 2260 possit,
883 2189 962 2235 an
1013 2189 1160 2235 vero
1202 2167 1282 2236 ad
1321 2170 1462 2258 ejus
1490 2169 1829 2238 essentiam
1881 2170 2296 2259 requirantur
2337 2161 2639 2236 solemnia.
2764 2193 2766 2230 l

400 2285 614 2368 Quam
662 2285 885 2373 magni
951 2283 1263 2352 momenti
1341 2283 1873 2374 disceptationem
1927 2283 2339 2376 expediemus
2396 2281 2513 2348 hoe
2561 2294 2647 2342 01·-

408 2395 560 2464 dine
589 2417 606 2461 ε
645 2395 708 2460 10
739 2413 1134 2483 exponemus
1161 2393 1599 2463 communiter
1649 2399 1969 2486 receptam
1998 2393 2476 2463 distinctionem
2510 2384 2643 2453 sim·

405 2510 678 2602 plicium
713 2515 779 2577 et
812 2507 1205 2577 solemnium
1256 2513 1583 2596 votorum,
1631 2530 1886 2580 necnon
1935 2508 2355 2579 solemnitatis
2383 2499 2647 2574 acciden-
2766 2507 2768 2538 ⁴

409 2624 550 2691 talis
593 2628 655 2692 et
703 2623 1143 2692 substantialis
1187 2646 1204 2692 ε
1251 2624 1316 2691 2⁰
1353 2625 1772 2713 exquiremus
1797 2625 1869 2693 in
1900 2645 2027 2712 quo
2064 2629 2186 2706 stet
2216 2621 2349 2691 voti
2374 2609 2641 2687 castitatis

410 2738 777 2808 solemnitas
813 2761 829 2804 :
876 2737 942 2810 3⁰
987 2740 1058 2808 in
1095 2759 1224 2830 quo
1261 2715 1632 2808 solemnitas
1677 2739 1808 2807 voti
1854 2741 2247 2830 paupertatis
2280 2762 2295 2804 ε
2334 2737 2401 2804 4⁰
2430 2733 2494 2800 in
2536 2742 2645 2813 quo

411 2855 777 2924 solemnitas
817 2855 948 2925 voti
982 2853 1405 2924 obedientiae:
1445 2855 1513 2924 5⁰
1551 2854 1838 2946 generali
1894 2853 2175 2924 formula
2220 2837 2649 2923 determinabi-

416 2989 562 3036 mus
593 2970 661 3038 in
685 2991 816 3058 quo
846 2976 966 3039 stet
1008 2971 1210 3038 trium
1257 2969 1781 3039 substantialium
1820 2968 2149 3060 religionis
2190 2975 2481 3038 votorum
2517 2953 2649 3024 ⁸010·

415 3086 651 3153 mnitas
700 3109 717 3152 ε
753 3085 820 3152 60
871 3083 1130 3154 tandem
1174 3085 1595 3177 probabimus
1638 3086 1720 3155 ad
1766 3085 2107 3155 essentiam
2158 3077 2442 3172 religiosi
2478 3075 2653 3143 status

420 3199 786 3268 nullatenus
805 3198 1048 3290 requiri
1067 3208 1360 3270 votorum
1393 3201 1889 3270 solemnitatem.

1351 3523 1629 3595 CAPUT
1684 3525 1733 3593 1.

441 3758 520 3803 nn
563 3753 960 3802 connum-rsa
1013 3753 1284 3799 anonim
1329 3753 1786 3815 msnuc‘nonn,
1851 3756 1975 3802 ‘rou
2023 3757 2209 3803 mrsu
2259 3744 2555 3800 smmum
2594 3733 2657 3780 εἰ·

503 3852 802 3900 summm
851 3849 1034 3912 von,
1087 3851 1212 3898 'run
1266 3851 1451 3898 mres
1515 3851 1991 3900 aomar-:numu
2048 3855 2128 3902 m·
2186 3828 2651 3900 SUBSTANTIALE¹

503 3951 994 3999 sonsum-rarat.

510 4201 563 4267 Ι.
599 4200 867 4268 Certum
909 4209 1029 4279 est,
1060 4209 1124 4265 et
1166 4219 1210 4265 α
1245 4195 1617 4269 doctoribus
1658 4201 2069 4272 unanimiter
2110 4198 2493 4272 admissum,
2527 4170 2659 4293 dil-'⁵²‘

421 4303 912 4375 distinctionem
947 4302 1290 4394 simplicia
1323 4303 1497 4373 inter
1542 4317 1608 4374 et
1649 4304 1975 4377 solemnia
2010 4321 2187 4379 vota.
2221 4341 2312 4360 -
2344 4289 2653 4369 Distinctw
