2834 4959
377 349 497 408 222
965 354 1303 402 raam-,irus
1348 353 1428 399 m:
1473 353 1619 398 mm:
1655 351 2068 398 nnenmmM.

381 508 416 544 «ι
452 477 744 546 nedictus
782 472 958 558 XIV,
1004 482 1161 541 tunc
1198 473 1437 564 apponi
1467 473 1824 556 consuevit,
1855 491 2009 538 cum
2057 469 2505 561 approbantur
2539 492 2664 540 seu

381 621 415 658 α
452 591 925 661 confirmantur
976 587 1219 678 regulae
1262 588 1542 676 alicujus
1601 581 2056 656 conservatorii
2111 590 2221 652 aut
2277 587 2664 655 monasterii

374 735 416 774 <a
452 707 837 788 mulierum,
869 704 1009 772 eine
1036 704 1337 772 clausura
1367 702 1755 770 viventium.
1792 723 1826 766 >v
1871 699 1958 768 Et
1985 702 2072 768 ita
2117 698 2410 787 loquitur
2435 698 2666 768 lauda-

372 799 474 894 tus
498 822 789 892 Pontifex
810 822 877 888 in
905 818 1361 888 constitutione
1388 839 1508 886 sua
1531 817 1856 901 Quamvis
1866 817 2081 906 just0,
2115 813 2204 884 30
2227 813 2448 904 aprilis
2483 815 2666 884 1749

374 939 469 1032 (in
496 942 635 1030 ejus
662 936 947 1005 Bullario
989 942 1153 1004 tom.
1202 934 1270 1019 3,
1315 957 1382 1001 n.
1419 936 1485 1014 7,
1529 933 1571 1024 ξ,
1615 933 1679 1024 5)
1711 932 1826 1001 ubi
1855 933 2074 1022 agitur
2119 929 2200 996 de
2235 928 2529 1018 quodam
2557 931 2666 998 in·-

374 1054 595 1124 stituto
626 1051 1041 1138 monialium,
1074 1049 1318 1138 absque
1346 1049 1648 1116 clausura
1673 1053 1738 1118 et
1771 1046 1932 1116 votis
1973 1044 2376 1115 solemnibus
2414 1043 2670 1136 degen-

376 1169 567 1242 tium,
601 1187 735 1234 non
768 1171 983 1232 tamen
1014 1161 1504 1231 Tertiariarum.

466 1281 651 1352 Unde
676 1281 939 1348 tandem
972 1279 1101 1346 dici
1150 1284 1376 1369 potest,
1412 1279 1601 1346 hodie
1639 1279 1720 1346 de
1740 1277 1887 1368 jure
1928 1277 2272 1345 communi
2300 1274 2670 1365 prohibitas

378 1417 508 1464 non
540 1417 677 1464 esse
724 1395 1119 1462 monialium
1169 1394 1695 1482 congregationes
1732 1393 2031 1462 clausura
2061 1396 2378 1474 carenteS,
2415 1398 2476 1458 et
2507 1391 2670 1460 sim·

379 1511 573 1602 plicia
615 1510 925 1577 duntaxat
972 1517 1119 1578 vota
1170 1509 1578 1578 emittentes:
1628 1509 1883 1578 easdem
1925 1515 2144 1577 tamen
2191 1527 2318 1576 non
2357 1527 2492 1574 esse
2549 1514 2670 1576 aut
2798 1499 2799 1550 l

379 1625 511 1693 dici
550 1645 733 1715 posse
763 1625 845 1692 ab
884 1625 1174 1694 Ecclesia
1208 1613 1642 1716 approbatas,
1687 1623 1798 1692 sed
1833 1622 2162 1692 habendas
2203 1645 2302 1691 eas
2339 1643 2471 1690 esse
2499 1627 2666 1690 tan-

378 1759 579 1829 quam
610 1737 951 1808 toleratas.
1857 1777 1865 1784 ·

472 1855 599 1924 Hie
622 1862 840 1923 autem
872 1855 1247 1924 tolerantiae
1282 1861 1480 1924 status
1517 1875 1651 1924 non
1689 1854 1963 1945 impedit
1985 1857 2146 1945 quin
2178 1854 2354 1922 sedes
2379 1853 2666 1942 Aposto-

382 1973 505 2042 lica
529 1970 785 2040 easdem
828 1971 1098 2062 plurimi
1124 1971 1337 2054 faciat,
1382 1978 1447 2039 et
1489 1991 1606 2059 pro
1640 1991 1882 2063 magno
1915 1991 1990 2038 ex
2025 1967 2251 2038 iisdem
2285 1973 2671 2056 exsurgente

386 2089 478 2156 rei
524 2085 852 2155 catholica}
896 2086 1363 2172 emolumento,
1410 2085 1593 2153 valde
1639 2087 1796 2176 ipsis
1847 2086 2077 2166 faveat,
2131 2107 2205 2152 ac
2255 2085 2448 2152 etiam
2493 2104 2664 2150 non·
2795 2141 2800 2172 ⁴

384 2201 717 2268 nullarum
762 2200 1017 2289 regulas
1050 2200 1357 2289 approbet
1394 2207 1458 2267 et
1499 2200 1862 2268 confirmet.
1915 2199 2001 2270 Ut
2034 2199 2190 2270 adeo
2227 2197 2668 2304 denominatio
2798 2199 2799 2276 ᾗ

386 2317 495 2386 illa
544 2316 1012 2403 toleraturum,
1046 2337 1177 2384 non
1217 2318 1354 2406 jam
1382 2315 1641 2384 denotet
1669 2315 1874 2384 ullam
1919 2315 2215 2385 Ecclesiae
2249 2316 2462 2405 quoad
2495 2318 2669 2408 ipsas

384 2434 907 2523 repugnantiam,
938 2430 1048 2499 sed
1090 2433 1300 2520 potius
1332 2430 1411 2499 de
1451 2431 1616 2520 stylo
1643 2432 2022 2520 retineatur,
2050 2432 2132 2501 ad
2167 2431 2668 2522 significandam
2798 2429 2799 2476 ἒ

382 2548 671 2638 ipsarum
700 2547 783 2615 ab
806 2547 949 2614 aliis
972 2546 1479 2615 distinctionem.

471 2663 844 2733 Paorosrrio
893 2661 1032 2731 lv·.
1079 2699 1171 2714 -
1215 2665 1356 2730 Lex
1394 2662 1865 2752 ecclesiastica,
1909 2663 2266 2754 prohibens
2309 2663 2669 2733 mulierum

384 2780 919 2872 oonqreqationes
944 2778 1259 2848 clausura
1292 2791 1357 2848 et
1386 2780 1558 2848 votis
1589 2779 1991 2849 solemnibus
2022 2791 2335 2867 carenteS,
2371 2801 2507 2848 non
2537 2781 2670 2848 im·
2798 2841 2799 2876 3

371 2895 561 2984 pedit
590 2895 749 2985 quin
792 2917 985 2963 novoe
1026 2893 1413 2985 hujusmodi
1447 2897 1986 2986 conqreqationes
2021 2897 2436 2966 authoritate
2471 2895 2670 2964 Ordi-

384 3011 731 3076 nariorum
777 3012 950 3101 eriqi
1001 3011 1298 3079 valeant.
1354 3047 1443 3062 -—
1489 3010 1683 3092 Nam,
1731 3033 1804 3080 ex
1845 3011 2151 3101 probatiS,
2194 3010 2473 3100 probitio
2522 3009 2666 3078 haec

382 3126 581 3193 sancti
613 3123 711 3193 Pii
733 3124 815 3208 V,
844 3127 1136 3215 praefatas
1156 3127 1546 3194 monialium
1571 3127 2101 3216 congregationes
2115 3126 2372 3194 illicitas
2390 3125 2662 3207 sacienS,

95 2951 123 2985 0

377 3239 769 3327 jamdudum
808 3243 1023 3329 vigere
1050 3239 1279 3323 desiit3
1318 3240 1372 3307 si
1398 3241 1695 3328 quidem,
1729 3262 1862 3308 non
1890 3239 2183 3310 obstante
2207 3241 2414 3308 sancti
2443 3237 2664 3307 Ponti·

384 3350 524 3418 ficis
542 3351 818 3439 decreto,
838 3354 1121 3424 Ecclesia
1140 3356 1329 3422 hasce
1348 3355 1872 3444 congregationes
1891 3355 2208 3435 toleravit,
2228 3363 2290 3424 et
2310 3353 2660 3422 hodiedum

384 3466 627 3535 tolerat.
670 3468 853 3549 Quod
896 3477 1111 3538 autem
1158 3469 1464 3536 toleratur
1504 3467 1692 3536 desiit
1726 3491 1860 3538 esse
1905 3471 2332 3562 prohibitum.
2379 3467 2553 3559 Ergo
2589 3471 2656 3536 in

383 3583 757 3672 quaestione,
804 3605 886 3652 an
930 3585 1173 3675 possint
1210 3583 1528 3673 ejusmodi
1563 3586 1948 3653 monialium
1979 3608 2142 3655 nova
2166 3586 2457 3653 instituta
2495 3585 2656 3673 erigi

382 3719 459 3765 ex
482 3698 615 3767 sola
648 3697 1147 3767 ordinariorum
1190 3699 1592 3787 auctoritate,
1623 3701 2008 3770 attendenda
2043 3723 2174 3770 non
2205 3702 2460 3770 videtur
2487 3700 2658 3769 dicta

382 3809 584 3882 sancti
637 3812 735 3880 Pii
795 3811 851 3880 V
905 3813 1277 3902 prohibitio.
1338 3813 1461 3884 Sed
1529 3816 1918 3884 attendenda
1964 3816 2368 3885 solummodo
2419 3827 2514 3884 est
2556 3816 2654 3884 lex

384 3928 729 4016 prohibens
754 3950 837 3996 ne
874 3928 1021 4018 quis
1056 3951 1298 3997 novam
1326 3931 1726 4022 reliqionem
1755 3929 2140 4001 adinveniat
2165 3943 2288 4000 aut
2324 3931 2652 4024 inqredia·

384 4051 518 4122 tur,
558 4042 635 4108 de
664 4064 792 4131 qua
829 4043 1146 4134 superiori
1180 4046 1385 4133 capite
1433 4045 1892 4116 disseruimus.
1925 4045 2052 4116 Sed
2097 4067 2306 4138 neque
2347 4048 2538 4117 istam
2569 4045 2654 4115 le-

380 4174 528 4242 gem
554 4155 804 4225 obstare
836 4157 1325 4230 conclusimus:
1355 4181 1512 4250 ergo
