2834 4959
357 394 481 452 544
981 389 1321 440 τιιΑω-Ατυε
1365 388 1448 435 nn
1486 387 1635 434 sums
1679 356 2096 435 nsemnmu.

363 548 400 587 ι
425 516 761 608 reliqionis
788 515 1254 607 cujuscunque,
1284 519 1543 577 statum
1568 528 1683 575 seu
1705 508 1942 599 potius
1978 507 2281 598 officium
2309 511 2668 582 archidia-

371 660 406 698 α
432 632 584 702 coni
622 630 728 701 vel
756 628 1061 722 plebani,
1107 647 1311 717 quam
1350 633 1570 692 status
1611 622 1961 691 altissimae
2004 624 2359 714 reliqiom's
2394 639 2667 698 statum-

373 773 406 815 «
435 748 878 838 cujuscunque
898 745 1178 836 infimae,
1206 747 1469 833 propter
1481 739 1796 808 solemnia
1816 739 2137 807 nimirum
2156 748 2306 810 vota
2324 745 2661 835 castitatis,

372 888 406 928 ι(
436 866 828 955 paupertatis
850 868 914 930 et
948 859 1357 943 obedientiae‚
1383 877 1532 947 quae
1570 856 1640 923 in
1679 875 2071 945 unaquaque
2101 855 2424 946 religione
2462 860 2663 929 emit-

373 1003 409 1044 «
436 983 686 1047 tuntur.
735 1002 770 1043 >³
806 976 1129 1045 Hactenus
1173 971 1556 1040 Benedictus
1584 968 1740 1039 Xl'V
1782 971 1853 1037 in
1880 990 2079 1060 supra
2123 971 2317 1040 citato
2346 973 2529 1041 brevi
2550 976 2667 1043 Est:

365 1115 522 1186 quo.
569 1091 1080 1163 Auctoritatibus
1120 1094 1340 1158 autem
1384 1108 1548 1179 quas
1597 1088 1691 1154 sic
1738 1085 1811 1153 in
1854 1085 2152 1153 medium
2204 1086 2495 1174 adduxit,
2548 1089 2664 1157 ad-

365 1208 578 1278 denda
625 1215 719 1278 est
767 1208 1105 1298 ipsiusmet
1153 1207 1313 1274 tanti
1367 1202 1700 1272 Pontificis
1745 1202 2126 1288 auctoritas3
2183 1223 2259 1271 eo
2308 1204 2518 1294 pluris
2571 1206 2667 1275 sa·

368 1324 624 1409 cienda,
673 1323 848 1415 quod
889 1324 960 1391 in
991 1322 1163 1391 dicto
1205 1319 1410 1404 brevi,
1452 1317 1533 1386 de
1573 1317 1924 1408 ipsissima,
1964 1338 2162 1406 quam
2194 1321 2658 1408 expendimuS‚

369 1439 725 1530 quaestione
756 1438 915 1529 quid
957 1437 1309 1507 tenendum
1346 1433 1428 1501 sit
1466 1440 1793 1522 tanquam,
1821 1431 2108 1501 Pontifex
2142 1433 2421 1504 edoceat.

459 1557 776 1624 Caeterum
813 1558 1170 1621 consonant
1210 1557 1273 1618 et
1313 1549 1426 1617 alii
1453 1570 1681 1617 omnes
1720 1549 2001 1638 probatae
2029 1548 2333 1617 doctrinae
2357 1555 2660 1642 scripto-

372 1690 474 1737 res
500 1666 834 1754 catholici3
873 1686 992 1733 nec
1031 1672 1187 1756 puto
1237 1664 1451 1733 ullum
1487 1664 1674 1734 citari
1706 1685 1940 1754 posse„
1967 1665 2074 1752 qui
2115 1685 2247 1732 rem
2283 1666 2656 1755 negaverit,

375 1791 478 1860 vel
521 1792 714 1860 etiam
755 1791 830 1857 in
861 1788 1141 1858 dubium
1190 1789 1585 1858 revocaverit
1632 1786 1800 1876 (vide
1842 1785 2446 1878 Schmalzgrueber,
2480 1789 2557 1858 ’m
2584 1790 2668 1857 ti-

377 1908 594 1977 tulum
625 1906 704 1974 de
730 1903 1193 1996 Reqularibus,
1219 1926 1290 1972 n.
1323 1902 1449 1987 343
1490 1902 1605 1971 ubi
1635 1903 1729 1972 sic
1765 1902 2119 1990 concludit,
2157 1903 2368 1993 quoad
2398 1904 2666 1974 clericos

371 2026 570 2095 etiam
607 2030 884 2107 curatoS,
931 2021 1316 2111 religionem
1349 2017 1603 2107 ingredi
1645 2018 1927 2087 volentes
1958 2044 1977 2087 ε
2010 2019 2310 2088 Licentia
2346 2020 2669 2112 Episcopi

378 2154 519 2201 non
537 2143 633 2203 est
650 2153 840 2221 opus.
874 2128 1042 2198 Vide
1071 2129 1268 2195 etiam
1300 2126 1459 2194 alios
1488 2126 1875 2210 canonistas,
1909 2126 2025 2194 ubi
2053 2127 2355 2197 eumdem
2390 2128 2669 2197 titulum

380 2234 862 2304 commentariis
903 2231 1276 2321 illustrant).
2192 2305 2201 2321 ,

469 2344 811 2414 Probatur
827 2344 943 2411 ΙΙΙ
955 2365 1037 2411 ex
1051 2343 1199 2433 ipsa
1216 2354 1438 2410 status
1455 2341 1758 2432 reliqiosi
1774 2355 2027 2411 natura
2048 2356 2115 2412 et
2126 2344 2362 2414 divina
2387 2346 2672 2415 institu-

389 2463 589 2530 tione.
621 2498 714 2533 -1
729 2459 899 2527 Cum
928 2459 1107 2526 enim
1133 2459 1405 2546 ipsemet
1427 2457 1723 2526 Christus
1746 2456 2062 2529 Dominus
2078 2461 2158 2529 ad
2180 2460 2454 2531 consilia
2466 2482 2669 2531 evan-

380 2574 588 2663 gelica
625 2572 921 2641 homines
948 2569 1332 2661 generaliter
1368 2575 1717 2657 vocaverit,
1754 2573 1980 2664 sicque
2014 2580 2254 2644 statum
2291 2578 2676 2666 religiosum

387 2689 760 2773 instituerit,
793 2688 874 2756 ab
898 2686 1011 2756 illo
1033 2691 1199 2756 statu
1227 2688 1469 2758 exclusi
1491 2710 1623 2757 non
1646 2691 1951 2759 censendi
1967 2697 2150 2778 sunt,
2172 2694 2304 2761 nisi
2328 2695 2375 2761 ii
2403 2694 2551 2784 qui,
2578 2699 2677 2766 vel

390 2810 461 2877 in
510 2808 874 2878 sublimiori
921 2806 1134 2876 adhuc
1175 2807 1583 2898 perfectionis
1632 2814 1800 2878 statu
1849 2819 2217 2898 versantur,
2265 2813 2492 2902 quales
2530 2825 2681 2886 suut

388 2924 720 3015 Episcopi,
767 2922 870 2991 vel
935 2923 1048 3012 qui
1115 2921 1403 3009 ligantur
1465 2921 1682 3012 aliquo
1737 2922 2236 3015 impedimento,
2298 2949 2455 2996 cum
2513 2930 2681 2998 dicto

387 3047 557 3109 stetu
613 3039 913 3127 religioso
978 3036 1475 3126 incompatibili,
1547 3044 1739 3128 prout
1797 3046 1952 3108 sunt
2018 3043 2374 3133 conjugati,
2443 3051 2512 3113 et
2578 3045 2681 3113 alii

386 3175 584 3245 supra
636 3151 958 3243 descripti.
1001 3149 1228 3218 Caeteri
1269 3172 1523 3232 omnm,
1572 3151 1657 3220 ob
1710 3151 2055 3243 ipsammet
2095 3156 2333 3226 Christi
2385 3161 2684 3229 vocatio-

391 3292 571 3349 nem,
631 3268 962 3338 licentiam
1026 3265 1266 3334 habent
1291 3319 1310 3354 ,
1366 3268 1520 3356 jure
1584 3267 1808 3336 divino
1867 3270 2113 3360 datam,
2180 3278 2409 3341 statum
2473 3274 2689 3343 illum

395 3381 830 3470 ingrediendi.
890 3384 1086 3451 Porro
1131 3382 1374 3469 clerici,
1422 3385 1617 3452 etiam
1668 3408 1897 3455 curam
1939 3390 2313 3458 animarum
2363 3410 2686 3458 exercen-

395 3503 516 3578 tes,
575 3516 653 3564 ex
699 3494 808 3564 illa
856 3517 972 3564 sua
1035 3493 1427 3566 clericorum
1475 3505 1589 3566 aut
1636 3505 2014 3569 curatorum
2067 3502 2458 3586 conditione,
2519 3501 2684 3570 nihil

393 3610 636 3680 habent
684 3632 839 3681 cum
897 3615 1064 3680 statu
1124 3611 1423 3700 religioso
1477 3615 1986 3706 incompatibile.
2047 3616 2228 3686 Licet
2274 3619 2461 3689 enim
2515 3637 2687 3688 cnrae

387 3728 766 3796 animarum
833 3726 1124 3795 officium
1212 3730 1706 3842 acceptaverint,
1783 3753 1918 3802 non
1994 3739 2299 3803 tenentur
2368 3736 2454 3805 ad
2523 3731 2685 3803 illud

388 3865 644 3933 semper
687 3842 1139 3912 exercendum.
1187 3840 1359 3931 Ergo
1400 3865 1439 3911 a
1479 3808 1737 3914 Christo
1778 3848 1918 3938 ipso
1951 3850 2063 3939 jus
2093 3849 2331 3948 habere
2380 3849 2687 3921 censendi

390 3959 667 4030 suntad
721 3959 1102 4049 religionem
1146 3956 1530 4029 divertendi.
1599 3962 1770 4052 Ergo
1848 3988 1948 4032 11111
1928 3968 2068 4056 [uit
2132 3968 2287 4056 Epis
2257 3976 2489 4074 scapus
2561 3968 2681 4032 hc·

389 4074 683 4166 ipsorum
719 4078 833 4165 jus
875 4075 1122 4145 tollere.
1175 4072 1258 4144 Et
1307 4077 1467 4144 hinc
1521 4083 1611 4146 est
1664 4084 1835 4168 quoi
1888 4104 2088 4172 supra.
2136 4084 2356 4168 citati·
2377 4089 2653 4152 canones

385 4191 721 4261 statuendo
749 4191 1031 4261 liberum
1054 4212 1190 4261 esse
1224 4191 1469 4261 clericis
1517 4194 1924 4284 religinnmn
1956 4200 2161 4271 etium
2189 4192 2685 4268 εωιτναιέἰεεπῑε

393 4306 747 4398 Epist-ope,
784 4307 1062 4398 ingredi,
1110 4308 1176 4376 id
1217 4329 1350 4378 non
1393 4309 1744 4380 decernant
1784 4328 2100 4408 tauquam
2136 4311 2460 4384 statutum
2513 4336 2685 4384 tuere

386 4420 914 4508 ecclesiasticum,
965 4424 1046 4492 od
1087 4424 1476 4494 mutabilem
1541 4427 2389 4525 disciplinam.partimus?
2449 4432 2553 4496 ml
2617 4448 2681 4492 11

2114 4536 2178 4611 „2⁴

2827 2800 2834 3262 ψ

2831 3264 2834 3312 1

2833 3313 2834 3346 ι
