2834 4959
387 306 422 362 5
441 307 458 361 l
475 305 514 360 Ξ
956 307 1296 358 ΤΒΑΟΤΑΤἩΒ
1341 307 1423 354 m:
1466 307 1619 354 mu
1662 305 2085 356 anonumum.

389 459 424 500 ι(
465 438 642 525 porte
683 431 746 502 le
796 451 944 502 voeu
997 429 1076 498 de
1125 429 1456 520 pauvrete,
1510 426 1604 495 tel
1654 426 1822 517 qu’il
1874 447 1913 494 a
1964 427 2067 496 ete
2114 427 2315 496 etabli
2368 429 2520 499 dans
2560 431 2656 501 lea

391 573 425 616 α
467 548 920 618 constitutions
962 546 1043 616 de
1097 551 1274 614 votre
1299 544 1414 612 ord
1424 564 1529 636 re,
1550 541 1953 633 approuvees
1980 563 2099 632 par
2126 541 2188 610 le
2214 540 2654 636 SaianiQe?

477 688 512 729 α
555 663 633 733 R.
693 663 759 731 6⁰
807 662 962 742 Oui,
1021 681 1179 732 mon
1215 659 1533 766 reverend
1582 657 1772 728 Pete.
1820 679 1859 724 ιι

467 776 559 844 Ex
614 775 958 866 praemissis
983 774 1272 867 epistolis
1325 773 1419 841 sic
1474 769 2006 841 concludendum
2060 770 2371 840 videtur:
2422 773 2647 844 falsum

377 899 473 962 est
505 913 732 961 omnes
777 891 1006 960 Galliae
1055 887 1393 974 moniales,
1448 889 1519 956 in
1570 885 1921 957 emittenda
1952 883 2388 976 professione,
2452 890 2656 960 inten-

383 1008 628 1075 tionem
675 1005 914 1076 habere
962 989 1372 1074 remanendi⁰
1391 1002 1643 1072 habiles
1692 1001 1777 1070 ad
1821 1000 2227 1090 dominium,
2271 1002 2456 1094 juxta
2504 1003 2649 1094 legia

381 1127 590 1196 civilis
617 1125 1126 1217 dispositionem.
1172 1123 1230 1191 Ii
1277 1123 1549 1214 proinde
1590 1121 1711 1189 viri
1750 1119 2002 1207 Galliae,
2029 1121 2147 1210 qui
2184 1143 2305 1212 pro
2344 1123 2657 1194 variorum

381 1232 732 1301 dubiorum
763 1231 1082 1302 solutione
1101 1229 1374 1300 Romam
1397 1228 1781 1316 scribentes,
1806 1227 2049 1296 dictam
2071 1229 2507 1298 intentionem
2532 1237 2659 1299 tan-

381 1367 578 1437 quam
607 1354 848 1417 certam
875 1347 1088 1439 quoad
1113 1367 1340 1417 omnes
1367 1342 1752 1435 generaliter
1778 1341 2005 1411 Galliae
2023 1343 2339 1412 moniales
2370 1367 2657 1416 asserue-

379 1467 558 1546 runt,
609 1483 846 1528 errasse
899 1460 1160 1530 dicendi
1205 1465 1383 1544 sunt,
1424 1465 1487 1526 et
1526 1479 1668 1526 rem
1714 1457 1899 1526 aliter
1954 1477 2033 1524 ac
2082 1464 2219 1526 erat
2266 1461 2657 1550 exposuisse.

467 1574 546 1642 Et
585 1581 842 1642 notetur
865 1574 1221 1644 hodiedum
1264 1575 1334 1642 in
1365 1574 1590 1642 multis
1616 1571 1845 1650 Gauiae
1894 1571 2307 1642 conventibus
2350 1595 2665 1664 perseve-

372 1711 520 1760 rare
564 1691 743 1759 illam
791 1711 990 1782 qmm
1023 1697 1338 1760 testamur
1377 1691 1887 1780 persuasionem.
1922 1688 2247 1778 Quidquid
2290 1710 2531 1782 nempe
2576 1691 2664 1759 iis

375 1807 770 1876 monialibus
809 1808 1062 1878 dietum
1110 1806 1330 1893 fuerit,
1373 1829 1413 1874 a
1442 1805 1599 1872 viris
1648 1806 1841 1878 etiam
1886 1802 2307 1893 gravissimiS,
2358 1804 2443 1874 de
2502 1806 2669 1876 aim-

375 1905 656 2012 plicitate
683 1929 984 1994 votorum
1013 1922 1095 1992 ab
1135 1923 1298 2013 ipsis
1328 1901 1747 2004 emissorum,
1776 1921 1845 1989 id
1874 1920 2075 1990 veluti
2096 1919 2471 1990 theoricum
2495 1921 2659 2022 quid

375 2038 958 2126 praetermittentes,
1007 2045 1286 2128 pergunt
1329 2044 1551 2106 votum
1598 2057 1793 2104 suum
1836 2037 2238 2127 paupertatis
2282 2037 2375 2105 ita
2424 2037 2669 2106 intelli-

373 2171 552 2239 gere,
579 2157 650 2218 ut
689 2153 962 2222 evadant
985 2153 1066 2222 ad
1093 2153 1439 2245 cujuslibet
1464 2153 1559 2220 rei
1596 2151 1998 2220 retinendam
2036 2158 2153 2222 aut
2200 2151 2675 2242 acquirendam

373 2265 830 2354 proprietatem
881 2287 1146 2358 prorsus
1197 2267 1544 2336 inhabiles.

461 2377 838 2449 Pnorosmo
884 2381 1024 2450 111⁸.
1055 2419 1146 2433 —
1187 2383 1266 2450 Si
1287 2403 1587 2450 romanoe
1624 2382 2103 2454 declarationes
2142 2405 2389 2468 ennaea,
2418 2383 2675 2474 quibus

371 2497 766 2588 rescriptum
775 2513 872 2568 est
895 2500 1132 2569 haberi
1155 2514 1232 2570 ut
1254 2502 1589 2594 simplicia
1616 2503 2017 2572 monialium
2036 2502 2283 2576 Gallice
2301 2514 2453 2570 vota
2476 2503 2679 2572 rela-

373 2611 792 2701 tivoefuerint
811 2615 906 2685 ad
925 2617 1104 2686 dicta
1119 2617 1302 2707 falsa
1315 2617 1643 2708 exposita,
1668 2618 1755 2688 iis
1771 2639 1908 2686 non
1932 2618 2377 2698 obstantibus,
2394 2619 2677 2690 conclu—

367 2723 656 2796 dendum
674 2731 857 2820 foret
876 2730 1094 2802 adhuc
1113 2731 1304 2801 hodie
1340 2734 1412 2800 in
1448 2732 1685 2802 Galliis
1724 2734 1946 2802 emitti
1970 2756 2017 2802 a
2044 2733 2455 2804 ”venialibus
2488 2746 2675 2804 vota

365 2843 708 2914 solemnia.
727 2885 820 2900 --
837 2847 1096 2918 Etenim
1121 2869 1318 2940 supra
1339 2850 1782 2940 probavimus,
1804 2849 2103 2922 habenda
2122 2871 2238 2940 pro
2250 2848 2678 2943 solemnibus

368 2957 504 3030 fore
528 2961 850 3032 dictarum
879 2964 1270 3033 monialium
1297 2963 1525 3036 Galliae
1542 2971 1709 3050 vota,
1742 2965 1871 3036 nisi
1896 2970 2213 3036 constaret
2238 2965 2324 3034 de
2336 2965 2677 3034 contraria

365 3079 533 3146 sedis
554 3076 938 3168 Apostolicae
984 3078 1356 3148 voluntate:
1388 3079 1533 3148 haec
1577 3085 1795 3157 antem
1822 3082 2141 3150 contraria
2166 3079 2333 3150 sedis
2374 3080 2677 3169 Aposto-

363 3194 506 3261 licae
539 3195 834 3264 voluntas
877 3193 1216 3283 hucusque
1261 3214 1395 3263 non
1436 3195 1619 3262 aliter
1664 3194 1979 3276 innotuit,
2011 3218 2211 3287 quam
2238 3216 2370 3285 -per
2423 3193 2673 3264 varias

364 3304 574 3374 Sacrae
639 3307 1134 3378 Poenitentiariae
1199 3316 1311 3378 aut
1386 3309 1667 3378 aliarum
1748 3309 2337 3402 Congregationum
2416 3306 2677 3397 decl-‚n-

360 3421 662 3491 rationes.
711 3423 855 3494 Jam
897 3445 1048 3494 vero
1089 3425 1553 3494 declarationes
1596 3424 1751 3508 illae,
1798 3426 1855 3496 si
1902 3425 2189 3496 relativae
2232 3431 2473 3496 tantum
2498 3423 2671 3494 fue-

357 3537 492 3606 rint
539 3540 618 3607 ad
661 3539 888 3610 falsam
939 3541 1376 3632 hypothesim,
1426 3541 1499 3608 -id
1540 3548 1637 3610 est
1680 3542 1765 3612 ad
1804 3562 2031 3612 casum
2070 3545 2187 3633 qui
2228 3563 2361 3612 non
2404 3539 2667 3628 existit,

355 3653 523 3722 nibil
584 3655 880 3746 probant.
939 3651 1008 3724 Si
1053 3677 1287 3748 nempe
1339 3679 1469 3725 non
1538 3657 1867 3727 declarent
1915 3663 2061 3728 vota
2106 3678 2241 3728 esse
2290 3653 2665 3747 simplicia,

355 3770 482 3838 nisi
501 3771 572 3838 in
617 3771 952 3862 hypothesi
979 3771 1154 3862 quod
1192 3775 1505 3842 moniales
1530 3795 1759 3844 omnes
1786 3771 2011 3842 Galliae
2046 3771 2402 3844 intendant
2424 3791 2669 3840 rema—

351 3907 506 3955 nere
555 3886 639 3956 ad
687 3885 1053 3956 dominium
1097 3887 1368 3973 habiles„
1403 3895 1595 3979 prout
1651 3889 1737 3958 ab
1784 3889 2253 3980 exponentibus
2294 3887 2446 3956 falso
2470 3907 2675 3956 affie-

350 4001 634 4089 rebatur‚
693 4025 825 4075 non
849 4005 1170 4076 verificata
1211 4006 1581 4097 hypothesi,
1642 4005 2055 4097 applicandae
2104 4005 2245 4076 istae
2296 4002 2673 4076 decisiones

351 4138 481 4187 non
505 4121 817 4206 veniunt3
859 4141 976 4192 nec
1008 4122 1283 4213 probant
1319 4121 1526 4190 inesse
1554 4120 1847 4193 Romano
1880 4119 2183 4192 Pontifici
2216 4122 2665 4208 voluntatem,

351 4241 424 4301 ut
473 4235 794 4327 simplicia
843 4238 974 4307 sint
1013 4259 1238 4308 earum
1293 4239 1486 4306 etiam
1526 4237 1757 4308 Galliae
1804 4237 2201 4310 monialium
2270 4243 2441 4317 vola,
2494 4259 2669 4327 quae

353 4349 779 4424 intentionem
817 4357 1058 4428 habent
1115 4379 1250 4430 sese
1295 4359 1604 4429 reddendi
1632 4357 1714 4428 ad
1759 4358 2133 4432 dominium
2183 4355 2539 4428 inhabiles.
