2834 4959
1063 246 1216 294 rans
1254 247 1471 295 raim.
1842 311 1849 319 ι
2324 247 2405 306 97

172 391 370 461 nempe
406 375 467 438 et
519 367 732 436 animi
787 367 1114 436 distractio
1162 365 1537 436 divitiarum
1586 373 2049 462 possessionem
2105 376 2398 446 comitari

173 485 370 573 soient3
425 483 606 552 unde
662 483 744 552 ad
796 488 1030 552 statum
1090 480 1471 569 religiosum
1518 505 1589 552 ea
1630 486 1983 574 requiritur
2034 497 2395 579 paupertas,

171 626 280 694 quae
309 603 756 672 distractiones
799 601 942 670 illas
993 608 1059 670 et
1109 602 1457 670 anxietates
1502 602 1901 672 submoveat.
1932 607 2016 673 At
2062 628 2212 675 vero
2254 608 2406 677 effe*

169 725 320 788 ctum
372 717 550 786 hunc
605 717 1001 806 sufficienter
1068 717 1427 808 producere
1478 717 1733 787 videtur
1796 721 2095 811 praefatus
2134 745 2411 816 pauper*

169 836 290 901 tatis
323 835 574 924 gradus».
618 831 786 900 Nam
825 833 1046 922 quiex
1089 831 1222 900 suis
1274 833 1521 902 divitiis
1561 855 1760 925 pauca
1805 835 2111 906 duntaxat
2153 839 2231 906 ad
2270 841 2413 910 vitae

170 949 659 1018 sustentationem
733 949 1087 1018 necessaria
1153 947 1278 1016 sibi
1338 955 1643 1033 reservat,
1702 951 1803 1020 vel
1866 959 2052 1020 vovet
2126 953 2413 1025 redditus

173 1087 312 1134 suos
345 1066 407 1132 in
437 1064 564 1155 pios
587 1085 748 1133 usus
771 1085 1065 1152 erogare,
1097 1069 1328 1154 praeter
1367 1065 1624 1134 modica
1666 1067 1963 1156 quaedam
2010 1070 2089 1138 ad
2132 1071 2415 1162 seipsum

176 1177 632 1248 sustentandum
687 1178 1074 1265 necessaria,
1101 1179 1154 1246 is
1195 1201 1316 1247 nec
1359 1180 1561 1247 nimis
1608 1180 1836 1248 anxius
1876 1181 1997 1248 erit
2037 1182 2107 1250 in
2160 1203 2417 1253 consen-⁵

179 1300 382 1367 vendis
421 1307 478 1367 et
523 1298 1054 1368 administrandis
1095 1297 1284 1366 bonis
1333 1297 1497 1388 suis,
1523 1321 1643 1368 nec
1682 1322 1756 1369 ex
1798 1323 1873 1370 ea
1904 1300 2341 1372 sollicitudine
2382 1329 2417 1373 a

177 1415 551 1504 perfectionis
621 1415 1076 1505 prosecutione
1145 1413 1561 1484 distrahetur.
1620 1415 1793 1506 Ergo
1858 1423 2083 1487 votum
2139 1441 2415 1512 pauper-

174 1539 316 1619 tatis,
349 1539 415 1606 in
440 1537 570 1606 hoc
599 1536 804 1626 gradu
843 1534 1078 1603 infimo
1115 1535 1486 1625 intellectae,
1518 1537 1599 1604 ad
1646 1537 1933 1628 religiosi
1982 1547 2179 1609 status
2207 1563 2415 1611 essen-

175 1652 308 1720 tiam
335 1653 630 1722 sufficere
659 1651 978 1721 censenda
1001 1656 1118 1719 est.
2061 1671 2069 1679 ·

247 1769 508 1859 Insuper
550 1767 878 1837 sufficiens
923 1765 1324 1858 reputandus
1373 1773 1467 1834 est
1506 1765 1613 1833 ille
1655 1768 2045 1856 paupertatis
2081 1771 2339 1857 gradus,
2366 1773 2419 1841 si

175 1883 482 1972 prioribus
499 1882 800 1951 Ecclesiae
823 1881 1080 1951 saeculis
1109 1880 1244 1947 veri
1271 1879 1624 1947 exstiterint
1649 1879 1928 1969 religiosi
1958 1903 2107 1948 cum
2140 1883 2264 1950 hoc
2292 1885 2424 1954 solo

174 1998 369 2087 gradu
419 1998 818 2090 paupertatis.
884 1995 1092 2066 Porro
1149 1993 1469 2084 ejusmodi
1520 2015 1740 2061 revera
1791 1994 1950 2061 olim
2012 2016 2196 2064 veros
2234 1997 2429 2066 exsti-

174 2117 308 2184 tisse
337 2115 664 2205 religiosos
697 2114 1030 2206 probabile
1096 2113 1366 2182 sustinet
1415 2110 1776 2198 Suaresim,
1816 2111 1917 2180 his
1943 2113 2155 2182 verbis
2194 2086 2428 2185 thesim

173 2231 494 2298 enuntians
522 2254 540 2296 ε
577 2228 960 2320 Aliquando
987 2239 1244 2295 statum
1273 2225 1660 2317 reliqiosum
1687 2227 2224 2298 substantialiter
2242 2251 2426 2296 cons-

180 2343 366 2412 titisse
407 2347 478 2412 in
514 2344 855 2435 aliquibus
905 2365 1056 2410 cum
1089 2353 1520 2434 paupertate,
1558 2365 1705 2432 quae
1752 2365 1871 2410 nec
1890 2339 2265 2412 dominium
2314 2365 2430 2412 nec

178 2481 350 2528 usum
391 2459 932 2553 &dependentem
964 2458 1355 2542 excluderet,
1379 2456 1495 2524 sed
1521 2469 1786 2526 tantum
1814 2481 2009 2527 usum
2035 2483 2255 2529 rerum
2270 2461 2431 2530 vitoe

179 2577 594 2666 superfluum,
628 2573 974 2667 probabile
1001 2586 1097 2642 est
1136 2573 1238 2664 (de
1277 2573 1641 2663 Reliqione,
1674 2579 1946 2640 tractatu
1982 2577 2049 2659 7,
2088 2577 2130 2643 1.
2174 2577 2242 2662 8,
2268 2598 2325 2645 c:
2362 2581 2428 2656 7,

183 2713 255 2757 n.
293 2691 412 2780 10).
435 2693 504 2762 ln
541 2692 990 2785 probationem
1045 2689 1309 2758 adducit
1354 2687 1647 2756 laudatus
1684 2693 1910 2756 auctor
1943 2689 2107 2758 facta
2134 2693 2430 2781 quaed'am

187 2805 506 2898 historica;
563 2830 640 2875 ex
691 2806 931 2897 quibus
993 2805 1299 2873 innuitur
1357 2805 1655 2893 antiquos
1729 2801 2140 2871 anachoretas
2198 2827 2439 2895 posses*-

187 2923 486 2993 siuneulas
523 2923 830 2992 habuisse
885 2921 1087 3010 (verbi
1139 2920 1370 3008 gratia,
1400 2939 1551 3008 apes
1602 2915 2076 3006 hortatosque),
2109 2923 2171 2984 et
2212 2939 2433 2988 rerum

181 3036 304 3106 sibi
347 3039 417 3108 ad
467 3038 1000 3108 sustentationem
1053 3035 1199 3102 vitae
1262 3035 1644 3130 donatarum
1712 3031 1987 3102 liberam
2069 3031 2432 3122 dispositio-

183 3175 356 3222 nem.

277 3265 628 3338 Uberiorem
691 3265 1010 3358 eJusmodi
1063 3265 1381 3334 factorum
1437 3263 1743 3330 exhibent
1800 3259 2237 3332 moderniores
2289 3285 2435 3332 erm

177 3383 334 3464 diti;
363 3393 541 3476 prout
581 3385 800 3453 videre
841 3389 958 3464 est,
991 3381 1174 3450 verbi
1222 3378 1451 3469 gratia,
1485 3379 1555 3446 in
1595 3377 1968 3446 collectione
2007 3379 2113 3446 cui
2156 3380 2381 3449 titulus
2417 3408 2431 3446 :

173 3499 586 3591 Diplomata,
611 3500 859 3570 ἅπαντας
889 3510 954 3566 et
977 3497 1122 3566 alia
1150 3505 1585 3564 monumenta
1613 3491 1705 3560 ad
1730 3515 1829 3560 res
1866 3495 2245 3562 Franciscas
2258 3518 2439 3585 spec·—

181 3618 417 3702 tantia,
477 3643 514 3688 a
571 3615 940 3706 Brequigny
1005 3621 1068 3682 et
1116 3613 1203 3681 du
1252 3610 1438 3679 Theil
1494 3609 1661 3676 edita
1716 3608 2021 3699 (Parisiis,
2069 3611 2287 3700 1791).
2342 3609 2437 3678 lbi

179 3753 408 3823 nempe
431 3731 740 3826 (proleg.,
780 3750 925 3820 pag.
967 3726 1118 3816 196)
1153 3729 1608 3792 memorantur
1642 3721 1819 3790 varia
1852 3723 2163 3814 exempla,
2203 3723 2449 3833 quibus·

173 3848 486 3918 evincitur
513 3851 609 3917 fas
636 3846 832 3915 fuisse
872 3845 1028 3913 olim
1063 3839 1394 3910 monachis
1424 3845 1497 3906 et‘
1528 3837 1956 3922 monialibus,
1984 3842 2123 3904 tum
2151 3835 2441 3916 'haeredi-

175 3969 338 4028 tates
361 3965 668 4054 recipere,
703 3966 766 4030 et
789 3959 1214 4051 possessiones
1235 3954 1503 4037 babere,
1531 3959 1673 4020 tum
1708 3951 1787 4019 de
1814 3952 2007 4019 rebus
2030 3949 2164 4016 suis
2191 3971 2311 4040 per
2328 3957 2445 4022 tes·

181 4081 457 4148 tamenta
531 4085 592 4148 et
671 4074 1048 4146 donationes
1140 4071 1502 4163 disponere.
1558 4065 1774 4156 Atque
1816 4064 1983 4133 idem
2035 4061 2441 4137 Mabillonius

178 4193 417 4280 passim
441 4195 678 4264 asserit.
713 4189 904 4284 (Vide
927 4191 1094 4258 inter
1120 4187 1246 4257 alia
1274 4187 1580 4278 paginam
1608 4182 1766 4264 610,
1794 4178 1948 4247 tomi
1985 4180 2047 4265 1,
2071 4183 2457 4251 Annalium·

179 4308 537 4400 Benedict.)

424 4434 469 4478 1.
