2834 4959
1057 320 1208 371 mus
1252 320 1469 369 mnu.
2319 322 2345 375 1
2358 318 2397 376 ὓ

189 442 315 513 aliud
327 444 540 511 essein
565 448 736 511 statu
755 442 1160 533 perfectionis
1181 440 1559 531 :religiosus
1580 446 1934 533 potestesse
1958 442 2141 511 valde
2156 443 2401 538 imper-

182 565 360 646 fectus,
391 562 524 631 imo
550 568 616 629 et
657 562 730 629 in
755 567 1016 653 peccato
1047 560 1330 643 mortali,
1375 568 1443 629 et
1470 568 1687 631 tamen
1722 568 1817 629 est
1862 562 1935 630 in
1975 570 2141 631 statu
2189 566 2402 653 perfe-

180 676 404 745 ctiouis:
437 696 474 743 e
491 684 718 745 contra
743 682 1046 745 uxoratus
1075 696 1206 743 non
1235 677 1423 744 estin
1452 682 1617 743 statu
1648 674 2074 767 perfectionis,
2100 684 2159 743 et
2188 689 2401 747 tamen

179 797 342 882 potest
379 791 456 861 ad
509 814 846 861 summam
887 790 1345 881 perfectionem
1399 794 1789 883 pertingere.
1822 790 1959 859 Etsi
1970 793 2156 860 'enim
2206 797 2405 862 status

178 906 479 997 religiosus
502 928 614 997 per
657 930 730 975 se
757 908 844 974 sit
869 912 1054 997 aptus
1084 906 1164 974 ad
1187 906 1561 975 ducendum
1595 907 1935 975 hominem
1968 908 2049 974 ad
2072 909 2407 998 perfectio-

181 1044 342 1103 nem,
371 1044 490 1091 non
511 1030 726 1091 tamen
769 1023 852 1093 ad
891 1020 958 1091 id
989 1022 1386 1091 necessarius
1428 1030 1521 1090 est
1552 1046 1569 1106 ;
1626 1022 1735 1093 sed
1784 1027 1987 1112 potest
2036 1024 2183 1113 quis
2207 1014 2215 1021 ’
2238 1030 2410 1095 extra

184 1137 374 1223 illum,
402 1138 522 1207 imo
543 1145 606 1207 et
631 1137 830 1207 unico
853 1142 1212 1217 momento,
1257 1159 1334 1205 ex
1366 1138 1595 1227 gratia,
1633 1138 1713 1206 ad
1746 1158 2083 1206 summam·
2104 1136 2225 1207 Dei
2254 1139 2408 1209 cha-

190 1252 400 1323 ritatem
425 1254 629 1322 evehi.

262 1367 544 1437 Caeterum
589 1368 767 1458 quod
815 1388 1036 1435 revera
1079 1366 1500 1459 Episcopatus
1528 1368 1839 1436 dicendus
1888 1368 1971 1438 sit
1996 1374 2196 1439 status
2238 1390 2413 1440 exer-

182 1482 488 1553 oendaeseu
515 1485 843 1573 acquisitae
889 1483 1324 1574 perfectioniS,
1361 1492 1455 1550 est
1498 1484 1868 1552 communis
1916 1491 1983 1552 et
2011 1488 2281 1556 omnino
2308 1494 2413 1555 te-

185 1600 362 1669 nenda
385 1598 697 1667 doctrina.
737 1623 776 1665 <a
799 1598 1091 1667 Omnino
1119 1596 1535 1666 asserendum
1570 1605 1689 1679 est,
1719 1598 1934 1690 inquit
1962 1598 2223 1687 Suarez,
2256 1600 2414 1693 Epi-

194 1740 459 1810 «soopoS,
499 1721 748 1802 ratione
776 1718 1104 1811 pastoralis
1147 1720 1441 1787 muneris
1468 1740 1601 1787 esse
1650 1719 1718 1786 in
1764 1724 1932 1787 statu
1974 1722 2411 1811 perfectionis,

199 1856 361 1903 «non
399 1843 710 1925 tanquam
741 1834 816 1902 in
840 1834 972 1921 via,
1013 1832 1128 1901 sed
1171 1840 1483 1924 tanquam
1537 1833 1607 1899 in
1648 1834 1926 1901 termino
1958 1860 1976 1918 ;
2007 1837 2122 1923 qui
2160 1837 2419 1929 proprie

208 1971 240 2009 «ι
259 1948 458 2017 dicitur
477 1956 682 2019 status
707 1948 1135 2039 perfectorum
1159 1954 1221 2014 et
1259 1944 1761 2036 perficientium.
1794 1944 1893 2013 Ita
1912 1945 2095 2013 docet
2132 1945 2213 2014 D.
2244 1944 2418 2014 Tho-

203 2086 235 2126 ιι
251 2084 468 2153 mas...,
493 2086 620 2134 nec
645 2062 880 2153 aliquis
903 2062 1436 2132 scholasticorum
1458 2059 1773 2130 dissentit.
1806 2086 1841 2128 n
1888 2060 2011 2151 (De
2051 2061 2418 2154 Reliqione,

190 2182 418 2246 tractatu
447 2180 514 2259 ⁷,
542 2179 590 2246 1.
629 2177 692 2261 1,
721 2200 781 2246 c.
822 2177 930 2263 15,
954 2200 1022 2245 n.
1057 2176 1152 2269 5.)
1182 2178 1394 2267 Atque
1420 2176 1661 2245 ibidem
1688 2179 1915 2247 citatus
1939 2184 2165 2247 auctor
2180 2180 2417 2249 thesim

181 2292 377 2379 probat
400 2316 472 2362 ex
497 2293 866 2375 traditione,
897 2314 969 2361 ex
999 2290 1335 2381 Dionysio,
1366 2314 1441 2360 ex
1468 2291 1789 2379 Patribus,
1823 2299 1887 2362 et
1910 2294 2283 2385 theologicis
2307 2316 2420 2363 ra-

177 2408 453 2477 tionibus.
488 2408 590 2475 Ad
617 2406 857 2489 calcem
903 2414 1120 2477 autem
1173 2408 1585 2499 praecedentis
1628 2408 1878 2499 capitis,
1921 2409 1989 2478 id
2022 2413 2139 2495 est,
2182 2410 2421 2479 decimi

175 2524 394 2610 quarti,
411 2522 505 2591 sic
527 2522 974 2591 adnotaverat:

261 2661 296 2699 ι
320 2635 409 2704 Ne
442 2643 658 2705 tamen
685 2635 1026 2705 videamur
1062 2637 1338 2705 nimiam
1371 2626 1831 2724 obligationem
1862 2636 2195 2727 imponere
2227 2638 2419 2708 talem

185 2778 220 2816 «
245 2760 458 2824 statum
507 2756 1010 2843 assumentibus,
1058 2756 1381 2841 addimus,
1413 2754 1564 2823 licet
1610 2756 2300 2826 convenientissimum
2340 2759 2422 2825 sit

184 2896 218 2935 α
245 2877 308 2939 et
332 2870 504 2962 longe
552 2872 792 2941 melius
835 2893 966 2941 non
1002 2892 1328 2941 assumere
1369 2892 1617 2939 munus
1655 2871 2024 2962 perficiendi
2060 2871 2241 2953 alioS,
2293 2874 2419 2939 nisi

181 3012 214 3051 α
245 2992 380 3075 post
423 2988 696 3055 multam
752 2988 1028 3078 propriae
1077 2985 1481 3079 perfectionis
1526 2986 2041 3078 exercitationem
2090 2993 2155 3054 et
2196 2988 2422 3077 acqui-

179 3102 551 3183 «sitionem,
605 3101 1034 3169 nihilominus
1089 3119 1220 3170 non
1267 3122 1403 3170 esse
1450 3100 1830 3192 simpliciter
1871 3106 1932 3169 et
1976 3122 2051 3170 ex
2106 3109 2421 3194 praecepto

181 3217 654 3286 «massarium
701 3222 798 3304 ut,
829 3214 898 3283 in
941 3236 1012 3284 re
1065 3218 1203 3306 ipsa
1247 3223 1312 3283 et
1359 3217 1431 3283 in
1468 3216 1867 3301 executione,
1918 3213 2058 3284 talis
2118 3217 2420 3307 perfectio

177 3356 215 3395 α
243 3334 561 3421 praecedat.
603 3329 728 3401 Sed
773 3330 922 3400 satis
973 3338 1170 3401 estut
1200 3335 1525 3422 proposito
1566 3335 1630 3399 et
1680 3330 2009 3429 voluntate
2046 3330 2126 3400 de
2164 3354 2230 3401 se
2280 3336 2419 3403 effi-

181 3469 214 3507 «
239 3449 361 3516 caci
417 3448 756 3533 habeatur,
807 3446 1030 3515 saltem
1090 3445 1301 3535 quoad
1346 3445 1677 3551 implenda
1721 3446 1967 3531 omnia,
2024 3469 2171 3538 quae
2225 3472 2299 3517 ex
2355 3452 2419 3516 vi

179 3562 372 3631 «talis
413 3562 700 3633 muneris
740 3561 1092 3631 necessaria
1145 3566 1320 3642 sunt,
1371 3568 1435 3629 et
1471 3560 1595 3630 sub
1648 3560 2105 3651 obligationem
2154 3562 2415 3645 cadunt,

179 3704 210 3739 ι
235 3680 526 3768 quamvis
553 3676 1016 3769 perfectissima
1039 3655 1170 3747 sint
1201 3702 1218 3747 z
1265 3678 1481 3769 qualia
1513 3685 1665 3746 sunt
1712 3698 1830 3769 pro
1856 3678 2084 3749 ovibus
2129 3679 2418 3750 animam
2460 3682 2468 3687 ”

179 3819 211 3857 ι
239 3816 496 3884 ponere,
521 3798 590 3863 et
633 3810 749 3883 pro
794 3814 1020 3863 earum
1071 3781 1273 3865 salute
1321 3786 1620 3884 vigilare,
1669 3800 1731 3863 et
1777 3796 2227 3863 convenienter
2281 3792 2424 3865 illas

175 3935 206 3972 α
379 3930 508 3979 ere.
541 3934 578 3974 n

233 3930 454 4117 ποίᾳ.
485 4059 578 4077 -
601 4024 709 4093 An
736 4019 1088 4117 presbyteri
1115 4026 1360 4095 ratio-ne
1405 4027 1575 4095 sacri
1607 4026 1879 4110 ordinis,
1910 4030 1975 4093 et
2018 4024 2281 4113 parochi
2312 4051 2423 4098 ra-

32 4156 35 4195 =
165 4139 332 4209 tione
372 4138 708 4229 pastoralis
733 4142 834 4209 sui
861 4140 1060 4211 officii
1089 4141 1390 4211 censendi
1432 4142 1561 4209 sint
1589 4162 1723 4210 esse
1770 4142 1839 4207 in
1870 4144 2031 4205 statu
2085 4143 2424 4230 perfectio-

163 4254 460 4339 nis,·fuse
479 4253 843 4326 discussum
871 4255 1146 4347 reperies
1177 4256 1350 4347 apud
1373 4256 1709 4325 laudatum
1735 4253 2132 4343 Suaresium,
2162 4258 2302 4328 loco
2328 4262 2421 4329 ci·

159 4374 314 4458 tato,
351 4368 562 4461 capite
591 4374 692 4440 17.
