2834 4959
1039 375 1194 422 PARS
1239 375 1457 424 PRIMA.
2256 376 2379 430 147

127 503 202 571 Ρ.
227 501 660 590 Hieronymus
700 495 922 568 platus
960 497 1081 588 (1),
1135 524 1172 566 a
1205 499 1275 568 in
1307 519 1459 568 eam
1498 521 1643 570 rem
1678 501 1915 596 multas
1954 503 2245 592 congerit
2281 525 2389 574 ra-

130 645 164 682 «
205 623 426 706 tiones,
469 623 538 686 et
563 615 740 687 banc
765 615 1088 706 praecipue
1130 614 1309 706 quod
1337 623 1591 705 votum,
1624 624 1699 686 ut
1738 616 1847 687 ille
1886 618 1998 701 ait,
2048 625 2144 688 est
2168 623 2393 690 consi-

131 761 162 804 ι
201 737 362 806 lium
407 730 843 803 consiliorum
885 735 947 798 et
973 729 1198 798 [orma
1241 737 1307 800 et
1329 731 1637 822 perfectio
1682 753 1910 802 eorum
1954 756 1971 802 ε
2004 733 2159 824 quia
2188 735 2395 827 quod-

132 878 160 918 «
199 870 461 938 cumque
485 847 576 915 sit
613 844 968 915 consilium
995 863 1197 950 super·
1230 845 1403 936 quod
1447 846 1641 928 cadit,
1687 846 1759 916 id
1794 849 2215 918 essentialiter
2250 871 2401 944 per-

130 993 164 1032 α
209 965 442 1042 tectius
482 961 697 1032 reddit
746 971 812 1030 et
853 959 990 1030 Deo
1043 961 1386 1052 acceptius.
1442 961 1537 1030 Ex
1582 983 1713 1055 quo
1759 963 1869 1032 ille
1916 965 2183 1054 quidem
2224 967 2401 1037 effici

135 1108 168 1147 ι
217 1085 420 1170 putat,
449 1081 502 1147 si
529 1081 656 1148 hoc
692 1073 1390 1170 Apostolicaruissent,
1424 1099 1558 1147 non
1597 1079 1849 1148 futuros
1886 1081 2083 1174 fuisse
2114 1083 2186 1150 in
2220 1085 2403 1175 apice

138 1215 174 1254 ι
220 1185 620 1278 perfectionis
650 1210 670 1253 ε
699 1207 778 1254 ac
808 1187 1022 1276 potius
1065 1206 1210 1254 eam
1250 1183 1727 1256 abdicationem
1757 1187 1999 1257 barum
2024 1189 2405 1260 earumdem

141 1329 188 1368 ι.
225 1324 460 1388 rerum,
503 1323 708 1391 quam
751 1299 1037 1392 quotidie
1070 1301 1304 1368 ineunt
1341 1300 1615 1390 quilibet
1654 1302 1967 1392 religiosi,
1999 1307 2153 1394 qnia
2180 1311 2409 1376 votum

143 1445 178 1485 α
223 1438 542 1488 annexum
595 1415 816 1498 habet,
871 1415 1314 1508 patientiorem
1369 1418 1659 1486 futuram
1698 1418 1921 1502 fuisse,
1976 1443 2175 1512 quam
2224 1422 2411 1492 illam

141 1560 172 1598 ιι
206 1532 676 1626 Apostolorum
726 1555 746 1599 ε
806 1531 982 1622 quod
1033 1531 1300 1622 quidem
1347 1535 1764 1603 temerarium
1810 1541 1909 1604 est
1954 1535 2156 1623 dictu,
2221 1543 2415 1629 atque

145 1679 176 1720 α
213 1651 407 1722 etiam
452 1646 842 1739 improbum
893 1652 957 1716 et
1009 1647 1318 1740 impium.
1366 1673 1404 1713 »
1460 1646 1681 1738 Neque
1730 1649 1812 1718 ab
1866 1652 2046 1720 hisce
2100 1652 2419 1744 theologis

140 1765 542 1856 regularibus
583 1762 978 1867 dissentiunt
1021 1762 1362 1834 saeculares
1413 1761 1673 1853 Sylvius
1723 1769 1786 1833 et
1836 1763 2075 1846 Estius,
2130 1769 2419 1857 insignes

137 1881 206 1951 in
255 1881 606 1952 Academia
652 1877 957 1948 Duacena
1005 1878 1296 1948 doctores
1318 1931 1339 1966 ,
1397 1880 1516 1967 qui
1576 1899 1652 1944 ex
1705 1880 1847 1966 ipso
1904 1879 2281 1967 Evangelio,
2341 1882 2421 1968 ad

141 1996 260 2068 SS.
301 1995 564 2066 Patrum
605 1998 888 2062 mentem
930 2013 1228 2085 expenso,
1274 1992 1517 2060 inferre
1562 2011 1697 2058 non
1742 1991 2043 2060 dubitant
2091 1992 2425 2083 Apostolos

144 2113 332 2182 fuisse
367 2131 550 2180 veros
591 2109 926 2198 religiosos
966 2106 1080 2200 (2).
1109 2105 1294 2190 Quod
1334 2110 1798 2196 argumentum
1844 2105 2187 2194 recentiori
2227 2108 2425 2176 etiam

147 2235 449 2319 tempore,
501 2247 590 2294 ne
625 2225 846 2316 plures
892 2231 1134 2293 veteres
1170 2223 1497 2313 theologos
1544 2225 1618 2291 in
1650 2223 1716 2293 id
1762 2223 2207 2312 conspirantes
2248 2225 2429 2316 sigil-

151 2343 324 2412 latim
357 2361 857 2428 enumeremus,
909 2360 1042 2408 non
1088 2339 1228 2408 sine
1271 2337 1639 2408 eruditione
1687 2341 2053 2408 retractavit
2105 2339 2179 2410 P.
2237 2339 2433 2410 Joan-

156 2480 260 2528 nes
301 2458 634 2528 Antonius
678 2453 975 2545 ZunggO,
1018 2453 1382 2525 Canonicus
1423 2453 1761 2543 Regularis
1802 2453 2253 2528 Lateranensis
2298 2454 2431 2548 (3);

155 2579 220 2641 et
240 2573 524 2664 insuper,
561 2571 862 2662 quamvis
895 2570 1060 2638 bene
1096 2576 1313 2638 nosset
1345 2589 1502 2660 quae
1544 2567 2012 2638 Thomassinus
2050 2569 2143 2662 (4)
2191 2571 2433 2662 aliique

157 2689 482 2778 scriptores
526 2688 598 2755 in
641 2686 1044 2755 contrarium
1066 2684 1383 2766 dixerant,
1426 2682 1821 2753 sufficientes
1862 2690 2080 2752 tamen
2129 2685 2251 2754 sibi
2286 2708 2437 2775 sup-

161 2807 370 2892 petere
405 2803 658 2894 putavit
703 2801 982 2889 rationes
1033 2799 1117 2868 ob
1165 2821 1326 2889 quas
1371 2797 1673 2868 Suaresio
1720 2797 2253 2889 adstipulantur,
2304 2799 2433 2866 exi·

161 2917 431 2986 stimanti
467 2921 852 3010 primaevam
893 2916 1075 2984 illam
1115 2915 1479 2984 clericalem
1512 2914 1897 3004 religionem
1932 2939 1969 2980 α
1996 2934 2127 2980 non
2168 2913 2432 3001 periisse

169 3059 208 3098 a
251 3055 392 3102 cum
437 3031 791 3124 Apostolis,
846 3031 956 3100 sed
1008 3030 1316 3099 continua
1356 3030 1817 3119 propagatione
1859 3029 2067 3096 ‘uisse
2111 3027 2181 3094 in
2211 3049 2438 3097 eorum

173 3171 210 3209 ι
253 3147 725 3217 successoribus
757 3167 832 3213 ac
857 3141 1192 3236 discipulis
1219 3149 1663 3212 conservatam
1692 3168 1709 3224 ;
1762 3167 1799 3208 »
1844 3163 1918 3210 ac
1953 3141 2141 3232 proin
2181 3165 2217 3206 a
2244 3141 2441 3212 fuisse

175 3288 216 3328 <t
263 3283 496 3353 semper
531 3266 602 3330 in
635 3259 920 3329 Ecclesia
961 3265 1198 3328 statum
1249 3258 1538 3347 aliquem
1568 3258 1952 3346 religiosu..·.
2000 3277 2115 3349 per
2158 3279 2225 3326 se
2264 3264 2327 3327 et
2367 3279 2442 3329 ex

171 3403 214 3446 ιι
267 3378 512 3469 proprio
546 3377 843 3446 instituto
879 3373 1292 3460 clericorum,
1335 3372 1404 3440 id
1432 3378 1550 3456 est,
1601 3371 1724 3440 sub
1772 3371 1987 3441 tribus
2040 3373 2325 3445 consiliis
2365 3396 2439 3443 ac

171 3517 208 3554 «ι
257 3495 410 3562 votis
465 3491 876 3586 perfectionis
933 3490 1326 3560 destinatum
1373 3485 1455 3556 ad
1506 3487 1767 3579 propria
1813 3486 2199 3559 clericorum
2246 3511 2309 3556 m
2320 3489 2441 3556 ini-

223 3829 304 3890 (1)
323 3827 508 3890 Plutus,
523 3828 590 3878 de
615 3827 749 3878 Bono
769 3827 942 3874 statim
967 3822 1221 3888 reliqiosi,
1243 3822 1336 3874 lib.
1367 3825 1416 3882 2,
1442 3831 1553 3885 cap.
1578 3823 1657 3882 20,
1686 3823 1848 3874 citans
1885 3824 2125 3876 Alvarum
2162 3822 2437 3886 Pelagium,

155 3915 228 3966 de
259 3913 472 3966 Planctu
495 3915 751 3976 Ecclen'oe‚
776 3912 868 3965 ub.
897 3917 948 3975 2,
969 3924 1078 3974 cap.
1113 3913 1192 3962 56.

221 4007 300 4066 (2)
333 4003 540 4068 Sylvius,
565 4007 618 4054 in
657 4007 710 4054 2.
741 4007 791 4066 2,
820 4005 1008 4065 quoest.
1053 4003 1162 4061 186,
1193 4002 1290 4050 art.
1326 4001 1372 4061 1,
1409 4009 1523 4062 pag.
1554 3999 1665 4058 92⁶,
1706 3997 1827 4050 edit.
1860 4001 2135 4058 Antuerp„
2175 3999 2325 4062 istm
2356 3999 2442 4056 Ea-

159 4095 296 4153 tius,
328 4094 506 4144 Annot.
538 4094 594 4142 in
611 4090 916 4156 difficiliora
942 4089 998 4142 S.
1032 4087 1310 4152 scriptur-ce
1335 4087 1469 4151 loca,
1492 4085 1555 4137 ad
1576 4083 1757 4136 matth.
1806 4097 1909 4144 xix,
1932 4086 2013 4143 27,
2034 4096 2147 4149 pag.
2175 4089 2286 4150 4⁴5,
2316 4089 2436 4142 edit.

162 4184 436 4246 Amnem..
465 4186 604 4236 169⁹.

229 4274 308 4332 (3)
323 4270 518 4320 Hismie
541 4269 730 4322 Ordine
751 4267 878 4319 Can.
902 4263 1076 4331 Requi.
1097 4264 1150 4316 S.
1166 4262 1463 4328 Anqusiini,
1482 4259 1801 4326 prodi-onnus,
1816 4259 1940 4306 tom.
1961 4263 2007 4318 1,
2029 4267 2165 4322 part.
2194 4267 2241 4323 1,
2258 4275 2364 4326 cap.
2396 4270 2441 4330 ι,

166 4373 296 4424 μεν
329 4361 354 4407 5
381 4361 432 4410 et
455 4373 595 4424 seqq.

239 4448 326 4510 (4)
349 4444 438 4510 01>-
471 4451 556 4500 cit.
593 4451 724 4513 part.
755 4444 916 4510 mn).
947 4447 998 4508 8,
1017 4453 1123 4506 cup.
1149 4444 1198 4492 2.
