2834 4959
1071 375 1224 424 PARS
1265 375 1503 433 QUARTA
1512 407 1527 424 .
2310 371 2433 430 599

158 513 224 576 et
247 523 522 574 censura
551 501 784 590 (etiam
807 497 894 567 ab
911 495 1202 588 bomine)
1232 498 1617 588 generaliter
1638 497 1787 568 lata.
1834 499 1903 568 2⁰
1928 497 2203 569 Possunt
2237 499 2431 570 etiam

161 617 412 696 novitii,
466 615 714 704 absque
761 611 1026 682 licentia
1073 610 1490 702 praelatorum
1552 611 1823 699 ordinis,
1874 612 2085 683 valide
2136 612 2433 684 confiteri

141 732 336 824 ’apud
364 712 828 822 quemcunque
841 725 1308 796 confessarium
1333 725 1416 796 ab
1432 725 1779 798 Ordinatio
1816 727 1945 797 loci
1972 747 2090 820 pro
2116 727 2438 798 saeculari-

159 839 296 918 bus
339 845 793 938 approbatum,
823 847 1016 931 atquc
1043 841 1126 912 ab
1153 863 1230 911 eo
1254 843 1529 931 absolvi,
1560 845 1752 912 ctiam
1782 865 1823 913 a
1867 843 2123 913 casibus
2168 846 2238 913 in
2270 844 2435 916 reli-

162 961 360 1049 gione
385 958 739 1028 reservatis.
767 957 834 1024 3⁰
862 955 932 1027 Si
953 955 1369 1024 infirmentur
1391 954 1647 1046 novitii,
1680 962 1945 1050 possunt
1973 958 2197 1027 omnia
2222 979 2432 1028 sacra·
2532 943 2545 950 ’

167 1077 390 1143 menta
413 1073 704 1164 recipere
749 1092 790 1140 a
842 1069 1254 1161 regularibus
1283 1069 1683 1154 monasterii,
1718 1077 1909 1164 atque
1936 1073 2007 1142 in
2044 1076 2431 1144 monasterio

167 1187 514 1269 tumulari,
541 1185 912 1256 inconsulto
935 1183 1254 1277 paroch03
1285 1205 1404 1256 nec
1413 1187 1525 1276 jus
1550 1186 1747 1257 habet
1763 1187 2085 1279 parochus
2110 1195 2183 1258 ut
2207 1195 2429 1280 quarta

167 1302 478 1373 funeralis
505 1301 630 1372 sibi
653 1300 961 1370 solvatur.

1175 1469 1212 1498 δ

1085 1595 1366 1667 CAPUT
1410 1595 1523 1666 lx.

317 1795 395 1839 m:
445 1791 804 1841 PRIVILRGIIS
847 1790 1230 1840 novrflonuu
1271 1793 1351 1838 ET
1393 1791 1736 1840 POTESTATE
1778 1794 1891 1841 BOS
1933 1795 2295 1843 ORDINANDI.

268 1991 564 2072 Quffisno
593 1991 678 2059 1⁸.
710 2029 804 2045 —
832 1992 1156 2076 Quoenam
1195 1990 1332 2059 sint
1375 1989 1455 2058 de
1484 1990 1647 2080 jure
1671 1991 2009 2059 communi
2038 1971 2441 2062 nouitiorum

171 2104 580 2196 privileqiaP
625 2143 716 2159 —
758 2111 824 2176 1ο
845 2106 1142 2177 Gaudent
1179 2105 1519 2197 privilegio
1554 2107 1672 2176 fori
1700 2111 1762 2175 et
1785 2107 2051 2176 canonis
2078 2107 2248 2198 (vide
2268 2107 2445 2199 apud

177 2218 490 2306 Ferraris,
515 2241 672 2291 voce
701 2222 1110 2308 Novitiatus‚
1141 2243 1212 2290 n.
1255 2221 1389 2312 20).
1428 2221 1495 2289 2·
1524 2220 1681 2290 ltem
1714 2221 1997 2312 gaudent
2022 2221 2443 2312 indulgentiis

176 2335 394 2406 ordini
414 2337 724 2406 concessis
739 2336 978 2428 (ibid.).
1001 2337 1070 2406 3·
1094 2337 1573 2428 Indulgentiam
1604 2337 1961 2429 plenariam
1978 2337 2318 2407 lucrantur
2334 2336 2440 2407 die

178 2451 594 2544 susceptionis
639 2451 932 2542 habitus,
970 2459 1033 2522 et
1059 2453 1165 2522 die
1193 2452 1630 2544 professionis,
1674 2455 2000 2545 praemissa
2049 2452 2445 2524 confessione

177 2573 242 2638 et
265 2567 686 2637 sanctissimas
712 2565 1136 2638 Eucharistiae
1163 2557 1554 2660 sumptione.
1600 2568 1749 2638 Haec
1776 2569 1855 2637 de
1884 2571 2035 2660 jure
2080 2567 2444 2639 communi.

177 2682 556 2752 omittimus
574 2684 752 2752 enim
773 2683 1114 2775 privilegia
1137 2704 1280 2774 quae
1299 2683 1496 2750 variae
1526 2681 1869 2770 religiones
1898 2704 2013 2772 pro
2031 2685 2165 2752 suis
2192 2683 2449 2752 novitiis

175 2794 470 2862 obtinere
489 2799 865 2884 potuerunt.

269 2907 558 2990 Qusssrio
578 2909 694 2979 11⁸.
719 2911 879 2979 -A
911 2931 1042 3002 quo
1060 2909 1303 2980 novitii
1325 2907 1583 2978 ordines
1598 2907 1881 2998 recipere
1902 2905 2169 2998 possint
2190 2916 2311 2973 aut
2336 2902 2447 2974 de-

179 3025 436 3095 beam?
463 3063 550 3078 -
583 3027 646 3093 1⁰
685 3023 832 3096 Non
859 3026 1116 3096 obstant
1142 3027 1319 3116 jura,
1341 3024 1699 3116 quominus
1728 3020 1955 3102 novitii
1982 3019 2269 3091 ordinari
2292 3040 2453 3112 pos-

177 3143 336 3210 sint.
373 3139 702 3210 «Nullum
722 3141 833 3231 jus
852 3162 969 3232 ego
996 3142 1284 3226 invenio,
1311 3141 1525 3231 inquit
1564 3137 1823 3220 Suarez,
1858 3139 1929 3207 in
1975 3157 2109 3228 quo
2134 3136 2220 3204 sit
2247 3134 2448 3203 inter·
2582 3231 2589 3240 ·

187 3281 220 3324 α
248 3255 510 3326 dictum
531 3257 852 3326 novitium
869 3255 1178 3326 ordinari.
1203 3281 1238 3323 »
1268 3255 1388 3344 (De
1403 3254 1767 3347 Reliqione,
1795 3261 1970 3324 tomo
1994 3251 2064 3340 3,
2082 3253 2128 3321 l.
2161 3252 2231 3341 5,
2254 3274 2311 3322 c.
2340 3251 2449 3336 16,

179 3393 246 3441 n.
286 3371 428 3462 17.)

277 3488 348 3556 2⁰
385 3487 507 3556 «A
550 3506 682 3576 quo
703 3507 855 3556 vero
881 3484 1152 3556 Praelato
1170 3485 1556 3578 dependeat,
1594 3504 1704 3552 seu
1735 3481 2095 3553 facultatem
2122 3487 2187 3550 et
2210 3482 2451 3550 litteras

188 3627 224 3671 α
251 3599 668 3673 demissorias
714 3601 952 3672 babere
1005 3602 1255 3681 debeat,
1317 3608 1393 3672 ut
1426 3601 1717 3692 legitime
1764 3598 2126 3680 ordinetur,
2168 3596 2449 3677 breviter

187 3743 222 3784 α
249 3717 452 3787 dico:
531 3717 830 3807 quamvis
890 3717 1238 3810 probabile
1295 3719 1402 3804 sit,
1436 3720 1620 3786 satis
1678 3735 1815 3784 esse
1876 3712 2112 3782 babere
2164 3709 2441 3778 faculta-

187 3859 224 3898 α
261 3839 392 3902 tem
419 3831 500 3902 ab
525 3831 868 3925 Episcopo,
917 3834 988 3902 in
1033 3837 1226 3924 cujus
1272 3832 1533 3902 dioecesi
1588 3835 1683 3901 est
1718 3827 2179 3900 monasterium
2208 3825 2279 3892 in
2328 3846 2461 3915 quo

191 3973 228 4012 α
249 3946 584 4038 probatur,
638 3947 1060 4041 probabilius
1109 3954 1326 4020 tamen
1374 3949 1567 4020 credo
1610 3947 1678 4017 id
1721 3951 2007 4038 spectare
2058 3941 2137 4012 ad
2184 3939 2458 4031 Episco-

191 4091 230 4131 α
257 4081 445 4156 pum,
496 4063 567 4133 in
594 4065 784 4154 cujus
815 4063 1076 4134 dioecesi
1116 4064 1533 4135 domicilium
1565 4060 1869 4149 habebat,
1910 4059 2170 4151 quando
2204 4059 2461 4146 ingres-

197 4205 234 4246 «
261 4201 374 4252 sus
413 4187 509 4250 est
565 4180 975 4270 religionem.
1055 4181 1136 4251 Et
1184 4185 1350 4252 ratio
1410 4188 1507 4253 est
1567 4180 1721 4272 quia
1790 4179 2098 4261 novitius,
2152 4175 2311 4246 dum
2372 4180 2465 4244 est

200 4321 238 4366 α
258 4297 330 4366 in
380 4297 786 4388 probatione,
840 4317 973 4367 non
1030 4301 1455 4370 commutavit
1533 4299 1816 4390 priorem
1866 4301 2103 4364 statum
2159 4291 2469 4384 simplici·

202 4439 240 4484 «t
257 4421 355 4486 ter
382 4414 454 4484 in
477 4420 716 4486 statum
745 4413 1125 4507 religiosum
1147 4435 1178 4499 ;
1203 4421 1265 4485 et
1295 4401 1761 4507 consequenter
1777 4433 1899 4484 nec
1944 4411 2220 4482 mutavit
2242 4407 2459 4480 domi-
