2834 4959
1114 376 1267 427 mna
1313 375 1554 427 'rnm‘m-
2341 378 2378 433 4
2389 374 2461 431 Η

158 514 313 573 rem
350 498 839 578 Justinianum,
868 495 1093 567 nonin
1126 496 1251 567 hac
1272 520 1345 568 re
1372 504 1655 585 tantum,
1693 499 1804 569 sed
1855 504 1918 571 et
1958 500 2026 569 in
2061 502 2282 572 multis
2325 504 2469 577 aliis

159 615 523 687 thuribulo
582 633 859 683 manum
908 611 1315 697 admovisse3
1360 620 1504 683 tum
1551 636 1628 684 eo
1679 637 1872 685 sensu
1935 616 2108 707 quod
2156 618 2234 686 de
2273 620 2470 690 rebus

158 728 655 815 ecclesiasticis,
696 728 1209 819 competentiam*
1224 728 1432 819 ipsius
1469 728 1951 819 excedentibus,
1983 752 2148 801 nova
2172 732 2466 804 decreve-

156 849 279 931 rit,
309 854 461 915 tum
498 846 691 915 etiam
723 843 885 911 forte
926 862 1005 911 eo
1040 862 1235 913 sensu
1274 844 1448 933 quod
1491 844 1776 934 vigentia
1809 846 1947 936 jam
1973 848 2214 938 passim
2241 871 2316 918 ex
2343 848 2465 919 Ec-

162 962 397 1033 cloeioe
434 960 833 1047 auctoritate,
861 956 999 1027 suis
1032 955 1283 1046 legibus
1345 964 1654 1051 tanquam
1707 960 1772 1029 vi
1817 961 2094 1054 propriae
2141 966 2462 1055 potestatis

162 1077 551 1148 inseruerit.

260 1192 355 1263 At
380 1212 503 1261 nec
530 1190 751 1259 minus
796 1193 1063 1274 constat,
1096 1187 1417 1279 ejusmodi
1439 1189 1791 1260 Justiniani
1845 1192 2043 1283 leges,
2067 1200 2132 1261 et
2161 1195 2228 1262 in
2255 1198 2464 1287 specie

166 1308 357 1397 leges
410 1309 737 1377 contentas
786 1302 913 1373 sub
964 1300 1171 1371 titulis
1242 1324 1442 1394 supra
1509 1304 1868 1397 descriptis,
1921 1308 2038 1378 ubi
2105 1311 2460 1381 monachos

168 1420 465 1491 dominii
508 1421 847 1510 incapaces
894 1416 1184 1487 decernit
1235 1423 1299 1486 et
1336 1440 1567 1487 eorum
1624 1420 1792 1490 bona
1839 1422 2134 1513 ipsorum
2171 1446 2469 1495 commu·

171 1536 496 1606 nitatibus
538 1534 859 1617 attribuit,
910 1554 949 1601 a
977 1532 1349 1603 doctoribus
1377 1532 1734 1621 catholicis,
1782 1540 2120 1607 communi
2153 1543 2468 1611 sententia

168 1651 409 1721 haberi
444 1658 752 1741 tanquam
798 1648 1135 1733 invalidas,
1172 1670 1251 1719 ex
1284 1647 1538 1719 defectu
1583 1654 1906 1741 potestatis
1952 1655 2022 1720 in
2076 1652 2461 1742 legislatore.

170 1762 272 1834 De
302 1764 538 1855 quoin
590 1764 1035 1833 testimonium
1061 1762 1462 1831 adducemus
1509 1760 1933 1854 Fagnanum:
1987 1790 2022 1830 α
2047 1766 2180 1836 Lex
2215 1770 2464 1859 princi-

176 1904 218 1947 «
250 1881 361 1971 pis
404 1879 583 1961 laici,
612 1880 845 1971 inquit,
896 1884 1233 1968 utcunque
1272 1899 1652 1969 supremam
1705 1880 1776 1948 in
1845 1880 2316 1971 temporalibus
2355 1886 2468 1972 ju-

184 2019 227 2064 «
258 1992 707 2064 risdictionem
760 1992 1079 2082 habentis,
1126 2014 1271 2083 quae
1336 1994 1696 2084 specialiter
1749 1994 1832 2063 de
1883 1994 2171 2063 ecclesiis
2225 2002 2338 2064 aut
2361 2018 2469 2066 ec-

184 2132 227 2176 tr
257 2108 633 2179 clesiasticis
684 2108 997 2201 personis,
1074 2107 1175 2179 vel
1250 2130 1479 2179 earum
1552 2108 1744 2177 bonis
1815 2107 2131 2209 loquitur,
2211 2110 2465 2179 etiamsi

182 2248 223 2292 a
243 2215 553 2315 respiciat
624 2244 854 2293 earnm
910 2223 1331 2292 commodum
1396 2223 1496 2291 vel
1543 2223 1859 2310 favorem,
1931 2244 2062 2291 non
2164 2223 2334 2293 valet
2391 2246 2466 2293 ex

182 2364 221 2406 α
254 2339 511 2409 defectu
542 2340 947 2431 potestatis...
991 2338 1050 2409 A
1082 2358 1215 2429 qua
1268 2338 1684 2411 conclusione
1727 2360 1922 2409 nemo
1974 2338 2293 2425 dissentit,
2341 2360 2466 2409 nec

186 2476 223 2521 ι
248 2454 593 2522 dissentire
620 2458 854 2545 potest,
894 2453 1204 2544 quoniam
1248 2458 1522 2543 potestas
1562 2453 1882 2523 statuendi
1925 2474 1966 2523 a
2012 2454 2468 2545 J‘urisdictione

184 2591 223 2634 α
250 2568 595 2661 dependet.
628 2594 665 2635 ι
722 2567 821 2659 (ln
846 2572 1039 2659 caput
1064 2567 1337 2637 ecclesia
1358 2569 1435 2636 S.
1469 2568 1708 2639 Μανία»
1756 2568 1864 2653 10,
1919 2570 2092 2638 tituli
2127 2569 2194 2655 2,
2222 2568 2376 2638 libri
2427 2569 2457 2637 1

183 2684 629 2771 decretalium,
661 2705 730 2753 n.
780 2683 877 2775 7.)
910 2708 945 2749 α
970 2682 1161 2753 Unde
1194 2681 1393 2751 etiarn
1444 2681 1720 2749 infertur
1765 2689 1840 2749 ut
1881 2703 2110 2753 omnes
2139 2685 2309 2773 leges
2341 2684 2462 2774 (1),

190 2821 227 2862 (ι
258 2818 413 2888 quae
433 2797 748 2867 habentur
773 2799 845 2869 in
883 2797 1087 2868 titulis
1110 2796 1381 2879 codicis,
1427 2794 1508 2863 de
1562 2797 1998 2864 sacrosanctis
2025 2797 2336 2880 ecclesiis,
2383 2797 2466 2866 de

188 2938 227 2981 α
246 2910 602 3005 Ερτὶςεὸρὲε
615 2901 1131 3003 ειὲίεήσίε,είίη
1144 2910 1514 2981 authentica
1525 2908 1604 2979 de
1617 2908 2060 2979 sanctissimis
2075 2910 2459 3001 Episcopis,

186 3053 223 3095 α
251 3050 413 3101 cum
460 3030 815 3113 similibus,
848 3052 983 3101 non
1009 3028 1261 3100 valeant
1304 3050 1381 3097 ex
1406 3026 1656 3097 defectu
1687 3026 2036 3119 potestatis.
2071 3050 2110 3091 n
2157 3024 2458 3113 (Ibidem,

180 3165 253 3213 n.
286 3144 427 3236 17.)
2131 3142 2136 3147 ’

268 3258 427 3329 Esse
446 3261 513 3329 id
544 3265 717 3330 extra
742 3260 1244 3331 controversiam
1290 3257 1466 3349 apud
1491 3258 1781 3326 doctores
1809 3254 2157 3324 catholicos
2195 3259 2464 3325 testatur

182 3376 429 3466 pariter
480 3374 897 3446 Reiffenstuel
924 3376 997 3446 in
1039 3375 1222 3444 hunc
1250 3372 1560 3443 modum:
1604 3395 1641 3437 α
1665 3372 1772 3441 An
1797 3370 1972 3460 leges
2013 3371 2186 3461 juris
2227 3370 2462 3460 civilis,

189 3516 225 3557 α
254 3498 323 3558 et
353 3498 587 3561 statuta
634 3491 981 3577 saecularia,
1029 3510 1177 3581 quae
1228 3490 1623 3556 nominatim
1665 3507 1738 3555 ac
1767 3484 2066 3576 specifice
2114 3486 2470 3575 disponunt

188 3629 225 3671 a
254 3604 339 3674 de
368 3605 685 3695 ecclesiis,
730 3605 1047 3698 personis,
1096 3602 1420 3693 rebusque
1490 3598 1959 3683 ecclesiasticis,
2011 3599 2146 3669 vim
2189 3600 2471 3669 habeant

188 3744 225 3785 α
264 3722 443 3809 ipsas
478 3718 859 3810 obligandi?
910 3718 1287 3811 Respondeo
1334 3715 1653 3805 negative,
1714 3714 1844 3784 nisi
1898 3712 2341 3806 approbentur
2382 3714 2466 3784 ab

188 3857 229 3897 α
260 3832 567 3906 Ecclesia.
648 3836 745 3903 Ita
812 3834 1151 3923 Abbas...‚
1204 3830 1583 3914 Felinus...,
1637 3828 2136 3914 Menochius...,
2185 3834 2246 3896 et
2296 3851 2471 3897 com-

188 3972 229 4016 α
254 3950 481 4019 mum‘s
506 3953 813 4021 aliorum.
842 3976 881 4018 π
911 3950 1009 4044 (ln
1040 3949 1311 4020 titulum
1343 3947 1413 4033 2,
1447 3947 1600 4017 libri
1634 3950 1664 4015 1
1701 3946 2151 4032 decretalium,
2183 3964 2252 4014 n.
2279 3942 2466 4034 290.)

192 4090 229 4131 a
254 4065 548 4137 Infertur
581 4068 881 4161 proinde,
930 4067 1109 4159 quod
1154 4066 1327 4158 leges
1356 4064 1515 4151 illae,
1565 4084 1712 4154 quae
1754 4060 2078 4130 habentur
2121 4061 2192 4128 in
2251 4059 2470 4129 codice

190 4204 225 4245 α
249 4178 687 4269 Iustinianeo,
716 4182 923 4253 titulis
971 4184 1051 4251 de
1077 4178 1520 4253 sacrosanctis
1555 4174 1860 4264 ecclesiis,
1898 4172 1980 4243 de
2032 4173 2374 4266 Episcopis
2399 4184 2466 4241 et

242 4428 311 4490 (ι)
340 4424 535 4487 Nempe
555 4422 826 4477 sustinuat
846 4424 1187 4487 imperatoris.
