2834 4959
1097 347 1248 394 PARS
1295 349 1513 396 Palm.
2372 347 2403 400 7
2416 345 2452 400 5

189 465 350 557 atqui
399 464 674 533 societas
729 461 882 532 Jesu
931 485 1064 532 sese
1109 485 1242 532 non
1291 463 1449 554 ligat
1496 465 1710 555 quoad
1755 465 2074 554 ejusmodi
2117 467 2453 538 scholasti-

183 603 302 669 cos,
351 580 472 649 sed
513 578 884 648 libertatem
931 578 1058 648 sibi
1107 585 1385 649 reservat
1438 601 1545 648 eos
1599 580 1993 670 dimittendi,
2054 583 2107 650 si
2148 592 2453 673 opportu-

183 719 340 766 num
377 695 894 764 existimaverit·
927 716 1086 784 ergo
1138 717 1272 764 non
1327 695 1493 764 valet
1534 695 1825 786 probatio
1866 718 1941 765 ex
1987 696 2113 766 hoe
2164 698 2455 788 exemplo

176 812 476 881 deducta.
519 843 608 868 υ-
633 807 1043 902 Respondeo,
1103 808 1400 900 negando
1452 811 1805 900 majorem3
1861 809 1929 878 id
1982 816 2101 895 est,
2162 813 2457 902 negando

186 924 510 992 infirmari
552 925 1001 1014 probationem
1049 946 1164 1016 per
1212 925 1394 995 illam
1450 925 2031 1014 circumstantum,
2080 927 2255 1017 quod
2286 928 2459 997 dicta

187 1040 464 1108 societas
501 1061 627 1108 non
673 1061 810 1110 sese
855 1040 1096 1131 obliget
1115 1041 1328 1131 quoad
1353 1040 1839 1110 scholasticum.
1874 1040 2041 1110 Nam
2068 1043 2288 1134 opinio
2312 1059 2458 1132 quae
2550 1063 2569 1096 ⁴

189 1155 658 1224 solemnitatem
705 1156 958 1248 reponit
998 1157 1068 1224 in
1111 1156 1476 1242 traditione,
1527 1161 1658 1225 tota
1706 1155 2017 1225 fundatur
2066 1157 2138 1225 in
2189 1155 2309 1236 hac
2349 1180 2455 1226 ra-

199 1271 364 1339 tione
389 1293 412 1340 =
443 1271 616 1361 quod
669 1291 784 1361 per
842 1268 1274 1355 traditionem,
1331 1290 1571 1340 vovens
1624 1271 1875 1340 amittat
1921 1270 2291 1341 dominium
2358 1273 2459 1341 sui

201 1385 510 1476 corporis;
584 1384 676 1453 ita
753 1390 828 1454 ut
901 1392 1172 1476 nequeat
1247 1385 1408 1454 illud
1462 1393 1678 1476 postea
1716 1387 1987 1476 conjugi
2042 1386 2319 1473 tradere,
2384 1408 2460 1456 ac

201 1501 462 1591 proinde
511 1500 826 1569 inhabilis
875 1499 954 1570 ad
995 1501 1487 1570 matrimonium
1523 1501 1859 1570 efficiatur.
1894 1499 2019 1572 Sed
2042 1501 2459 1572 scholasticus

189 1617 504 1686 societatis
545 1614 726 1701 Jesu,
776 1617 926 1686 licet
971 1618 1170 1708 possit
1218 1638 1256 1685 a
1309 1617 1751 1707 superioribus
1806 1617 2071 1698 dimitti,
2126 1639 2201 1686 eo
2244 1626 2459 1686 tamen

196 1739 476 1823 tempore
523 1753 662 1822 quo
708 1754 836 1800 non
883 1733 1251 1813 dimittitur,
1301 1753 1435 1802 non
1486 1733 1705 1800 minus
1726 1731 2019 1802 dominio
2046 1735 2149 1801 sui
2176 1733 2462 1824 corporis

193 1853 378 1927 caret,
428 1851 498 1915 et
543 1853 642 1916 oet
687 1845 768 1914 ad
805 1845 1296 1915 matrimonium
1330 1844 1663 1924 inhabilia,
1695 1865 1894 1934 quam
1920 1846 1973 1912 si
2000 1845 2461 1934 professionem

201 1962 548 2046 emisisset;
598 1961 922 2052 siquidem
969 1960 1316 2052 Gregorius
1363 1957 1517 2029 xm
1564 1957 1763 2028 voluit
1790 1979 1907 2046 per
1932 1956 2461 2024 scholasticorum

197 2079 506 2168 ejusmodi
557 2085 704 2146 vota
750 2077 1238 2146 matrimonium
1265 2075 1684 2146 subsecutum
1728 2072 1991 2142 irritari.
2032 2069 2219 2142 Unde
2245 2071 2299 2140 si
2334 2075 2464 2139 tra-

194 2191 344 2263 ditio
385 2195 818 2264 constitueret
863 2193 1332 2262 solemnitatem
1385 2190 1540 2274 voti,
1588 2189 1774 2258 illam
1828 2188 2245 2257 constitueret
2270 2189 2465 2257 etiam

194 2311 402 2398 quoad
451 2308 916 2378 scholasticum
961 2307 1276 2378 societatis
1321 2304 1500 2388 Jesu,
1557 2326 1675 2397 pro
1711 2309 1841 2372 toto
1872 2303 1987 2372 illo
2014 2308 2305 2393 tempore
2338 2323 2467 2391 quo

197 2446 330 2495 non
375 2425 734 2493 dimittitur
778 2447 798 2493 t
851 2425 1031 2515 atqui
1076 2446 1113 2493 e
1167 2431 1392 2492 contra
1446 2427 1697 2490 certum
1752 2426 1847 2488 est
1896 2422 2290 2508 eJusevotum
2332 2441 2467 2488 esse

193 2539 476 2630 simplex
517 2545 581 2607 et
629 2560 762 2608 non
805 2538 1128 2626 solemne3
1166 2557 1320 2627 ergo
1347 2537 1581 2605 merito
1614 2533 1767 2604 inde
1792 2533 2210 2602 concluditur
2236 2533 2471 2602 solem-

193 2655 470 2722 nitatem
491 2655 623 2721 voti
652 2674 776 2724 non
803 2652 1148 2723 consistere
1175 2657 1244 2723 in
1273 2651 1638 2720 traditione.

296 2764 631 2837 Pnourun
659 2767 738 2838 11.
771 2807 864 2822 —
893 2771 1007 2837 Ex
1019 2768 1204 2860 juris
1233 2765 1547 2835 teoetibus.
1580 2803 1667 2818 --
1697 2760 1852 2832 Haec
1880 2760 2159 2832 secunda
2182 2762 2471 2852 probatio

205 2882 310 2950 sic
357 2883 636 2952 contrahi
685 2891 934 2976 potest:
967 2885 1022 2952 si
1068 2883 1338 2952 essentia
1388 2878 1811 2950 solemnitatis
1834 2879 1969 2945 voti
2002 2877 2368 2945 consisteret
2399 2875 2469 2942 in

206 2997 574 3079 traditione,
615 2999 984 3068 solemnitas
1011 3003 1172 3068 esset
1189 2995 1362 3088 juris
1383 2994 1695 3064 naturalis
1732 3013 1845 3062 seu
1872 2991 2117 3074 divini3
2149 2988 2469 3079 siquidem

195 3113 373 3182 foret
419 3116 780 3185 necessario
828 3115 1084 3203 alligata
1138 3110 1503 3196 traditioni3
1568 3131 1687 3178 nec
1742 3113 1947 3198 posset
1992 3105 2131 3174 ulla
2186 3106 2477 3174 humana

195 3235 320 3300 aut
365 3232 792 3301 ecelesiastica
838 3236 1108 3322 potestas
1153 3228 1358 3297 facere
1401 3235 1501 3308 ut,
1572 3225 1774 3318 posita
1840 3221 2204 3307 traditione,
2255 3223 2475 3289 votum
2539 3242 2547 3251 ·

201 3363 374 3440 nug
394 3346 546 3415 foret
592 3345 906 3428 solemne,
956 3343 1060 3412 vel
1107 3343 1394 3412 solemne
1433 3346 1595 3409 esset
1616 3339 1861 3428 absque
1888 3335 2225 3404 traditione
2253 3361 2269 3404 z
2297 3335 2477 3423 atqui

202 3468 422 3530 tamen
458 3460 632 3552 Juris
681 3466 890 3528 textus
947 3459 1221 3550 probent
1268 3455 1401 3524 voti
1448 3453 1753 3522 castitatis
1801 3451 2275 3520 solemnitatem
2341 3467 2475 3516 esse

201 3577 632 3662 institutionis
703 3594 880 3644 mere
941 3571 1412 3653 ecclesiasticae3
1474 3591 1629 3660 ergo
1673 3570 1847 3656 dicta
1911 3569 2279 3638 solemnitas
2343 3583 2475 3632 non

195 3693 488 3762 consistit
514 3693 586 3760 in
611 3691 966 3760 traditione.
1502 3767 1507 3774 ι

291 3802 608 3872 Remanet
650 3808 726 3872 ut
769 3802 1114 3894 probemus
1159 3798 1517 3881 minorem;
1572 3796 1635 3866 id
1674 3801 1791 3882 est,
1833 3801 1905 3863 ut
1942 3793 2289 3864 afferamus
2308 3786 2481 3877 juris
2598 3829 2603 3838 -

203 3925 437 4006 textus,
497 3918 615 4008 qui
686 3919 872 4009 plene
939 3918 1238 3986 evincant
1283 3915 1414 3982 voti
1461 3911 1765 3982 castitatis
1815 3907 2285 3980 solemnitatem
2342 3920 2480 3974 esse

205 4053 426 4102 revera
461 4033 890 4102 institutionis
915 4053 1092 4100 mere
1113 4028 1577 4100 ecclesiasticae.

288 4147 564 4217 Primus
591 4159 814 4218 textus
825 4147 1120 4238 probam
1139 4145 1653 4216 substantialem
1670 4137 2157 4210 solemnitatem
2174 4147 2482 4203 votorum

211 4285 342 4332 esse
375 4263 824 4334 institutionis
849 4260 1324 4332 ecclesiasticae.
1353 4297 1443 4312 --
1462 4257 1571 4328 Sic
1592 4255 1783 4324 habet
1810 4249 2141 4320 decretalis
2170 4245 2365 4331 Quod
2374 4266 2485 4314 vo·

215 4389 360 4446 tum
397 4378 714 4450 Bonifatii
766 4377 914 4448 Vm
945 4377 1142 4470 (tituli
1173 4377 1284 4456 15,
1307 4373 1464 4444 libri
1490 4371 1558 4456 3,
1586 4371 1656 4438 in
1688 4367 1799 4458 6):
1842 4392 1877 4434 α
1902 4363 2087 4447 Quod
2122 4370 2345 4432 votum
2368 4361 2482 4430 de-
