2834 4959
1076 369 1228 416 uns
1273 371 1490 418 rnim.
2302 367 2419 424 ¹03

179 513 213 552 α
237 485 370 578 quia
416 505 554 554 non
600 506 678 553 ex
735 487 1184 558 constitutione
1242 487 1569 575 Ecclesiae,
1636 490 1749 558 sed
1796 511 1871 560 ex
1912 513 1981 560 se
2031 499 2095 560 et
2143 513 2217 562 ex
2266 497 2413 584 jure

178 630 206 668 t(
231 603 444 672 divino
495 603 784 670 naturali
831 603 1024 672 habet
1073 603 1186 673 illa
1239 603 1501 674 traditio
1570 603 1905 674 excludere
1966 627 2163 674 omne
2214 605 2421 676 domi-

175 745 204 782 «ι
229 719 406 788 nium
442 739 480 785 a
511 739 808 809 persona,
843 725 908 788 et
939 718 1202 788 reddere
1241 719 1421 788 illam
1464 719 1827 789 inhabilem
1867 720 1949 790 ad
1990 721 2152 790 illud
2192 726 2423 813 acqui-

171 861 200 898 «
227 833 524 902 rendum.
574 831 942 918 Fundatur,
977 833 1134 924 quia
1172 855 1246 904 ex
1281 833 1346 900 vi
1383 834 1747 904 traditionis
1778 837 1846 903 fit
1884 835 2083 904 homo
2114 843 2425 930 tanquam

171 978 202 1014 ι
230 948 650 1038 mancipium,
699 957 764 1017 et
806 970 874 1018 se
911 969 986 1018 ac
1031 951 1256 1018 omnia
1299 971 1414 1020 sua
1445 950 1748 1020 transfert
1796 953 1865 1020 in
1916 951 2127 1022 Deum
2169 963 2231 1024 et
2268 954 2425 1023 reli-

173 1090 206 1128 «
235 1064 512 1154 gionem.
577 1063 744 1152 Ergo
817 1085 974 1134 cum
1047 1065 1160 1134 illa
1230 1066 1571 1134 traditione
1636 1073 1957 1157 repugnat
2007 1067 2221 1138 omnis
2283 1089 2429 1159 pro-

177 1204 210 1244 α
237 1176 462 1267 prietas
507 1197 618 1246 seu
671 1177 1040 1247 dominium
1071 1232 1092 1267 ,
1143 1179 1240 1248 vel
1283 1201 1567 1271 praesens
1625 1179 1727 1248 vel
1778 1181 2124 1264 futurum,
2174 1182 2245 1250 in
2308 1181 2425 1251 tali

175 1318 208 1355 ι(
245 1272 530 1382 persona3
579 1297 644 1360 et
673 1297 1143 1382 consequenter
1181 1316 1408 1365 omnes
1448 1295 1645 1364 etiam
1694 1294 1999 1384 actiones,
2038 1318 2185 1387 quae
2222 1319 2261 1366 a
2304 1295 2424 1366 do-

173 1433 206 1471 «
239 1408 434 1476 minio
477 1407 1011 1499 proficiscuntur,
1050 1415 1114 1478 et
1159 1409 1324 1480 illud
1373 1411 1733 1481 necessario
1772 1419 2150 1505 supponunt
2192 1413 2264 1482 in
2309 1412 2419 1482 tali

169 1543 512 1614 «persona,
563 1545 642 1592 ex
681 1529 914 1592 natura
951 1524 1046 1592 rei
1093 1525 1290 1625 irrita
1316 1533 1491 1595 sunt.
1541 1525 1624 1596 Et
1668 1529 2087 1598 confirmatur
2124 1528 2419 1620 exemplo

167 1663 196 1702 ι
221 1641 380 1708 servi
413 1663 433 1708 z
471 1660 626 1708 nam
667 1661 745 1708 eo
789 1639 932 1730 ipso
965 1641 1142 1730 quod
1175 1643 1248 1710 in
1277 1642 1543 1712 alterius
1584 1642 1957 1712 dominium
1988 1647 2239 1730 transit,
2270 1665 2419 1712 om-

163 1756 320 1823 nnia
367 1755 510 1846 ejus
557 1754 730 1824 bona
777 1759 840 1824 et
875 1757 1030 1846 jura
1073 1755 1242 1824 fiunt
1285 1756 1563 1843 domini,
1619 1765 1681 1824 et
1724 1758 1861 1849 ipse
1900 1759 2170 1849 incapax
2219 1760 2291 1827 fit
2335 1761 2417 1828 ad

161 1897 192 1934 α
219 1869 478 1958 aliquid
518 1869 1018 1960 acquirendum,
1074 1871 1174 1938 vel
1223 1877 1296 1938 ut
1346 1871 1687 1962 proprium
1730 1871 2273 1960 possidendum...
2330 1871 2413 1940 Et

165 2011 202 2048 α
229 1983 588 2052 declaratur
618 1974 902 2078 amplius
935 2007 956 2057 t
988 2007 1140 2055 nam
1169 1986 1224 2054 si
1268 1986 1416 2076 quis
1458 1985 1726 2054 donaret
1767 1985 1949 2054 alteri
1987 1985 2209 2054 omnia
2248 1984 2413 2058 bona

159 2119 356 2184 «sua,
403 2121 536 2168 non
584 2109 838 2170 tantum
887 2102 1248 2192 praesentia,
1301 2100 1410 2170 sed
1458 2100 1651 2169 etiam
1678 2101 1897 2170 futura
1940 2099 2051 2190 (ita
2097 2106 2169 2168 ut
2210 2098 2419 2189 quid-

159 2239 192 2280 t(
219 2215 378 2303 quid
421 2217 504 2284 ad
547 2218 766 2308 ipsum
807 2215 944 2285 ullo
981 2222 1270 2307 tempore
1313 2215 1649 2307 pervenire
1694 2222 1929 2308 posset,
1956 2217 2097 2308 ipso
2128 2215 2291 2284 lacto
2340 2213 2412 2282 in

157 2355 188 2392 a
211 2330 414 2400 alium
443 2332 954 2418 transferretur),
985 2333 1164 2401 fieret
1197 2331 1505 2400 inhabilis
1534 2331 1615 2401 ad
1656 2332 1899 2423 aliquid
1928 2331 2051 2402 sibi
2079 2329 2421 2422 acquiren-

159 2475 192 2514 ι
213 2449 368 2518 dum
415 2470 496 2517 ex
531 2450 597 2516 vi
635 2448 780 2517 talis
799 2447 1208 2534 donationis,
1249 2447 1386 2516 sine
1426 2447 1623 2516 ullius
1647 2447 1815 2537 juris
1851 2447 2111 2538 positivi
2137 2445 2415 2516 admini-

159 2591 192 2632 ι(
221 2567 402 2652 culo;
465 2558 926 2659 sufficeretque
975 2574 1050 2638 ut
1114 2569 1483 2638 humanum
1536 2571 1649 2656 jus
1716 2566 1829 2636 tali
1890 2566 2221 2636 donationi
2284 2587 2419 2634 non

157 2705 194 2745 «t
221 2683 529 2752 resisteret
574 2706 592 2751 ε
629 2683 742 2752 sed
773 2684 860 2751 ita
895 2704 968 2766 ,se
1010 2683 1205 2752 habet
1243 2683 1585 2772 religiosus
1616 2682 1683 2749 in
1714 2679 2103 2772 professione
2134 2703 2250 2750 sua
2282 2703 2415 2750 res·

159 2820 194 2860 a
224 2803 407 2886 pectn
445 2798 808 2888 religionis.
862 2797 1035 2887 Ergo
1071 2798 1393 2866 contrahit
1435 2797 1673 2864 dictam
1716 2793 2187 2884 inhabilitatem
2225 2815 2301 2862 ex
2340 2795 2405 2860 vi

161 2937 194 2974 α
233 2912 632 3002 professionis
677 2934 832 2982 suae.
877 2939 912 2980 x·
956 2911 1447 2989 Admittendam
1494 2931 1625 2979 non
1674 2931 1809 2980 esse
1840 2910 2217 3002 opinionem
2250 2908 2421 2976 hanc

145 3026 433 3099 evincere
455 3029 768 3098 videntur
793 3035 1132 3119 sequentes
1155 3029 1439 3096 rationes
1473 3051 1491 3096 z

229 3145 296 3211 1⁰
327 3143 474 3214 Non
505 3143 858 3214 coneordat
895 3166 1050 3212 cum
1081 3142 1357 3211 textibus
1397 3141 1593 3233 juriS,
1636 3141 1702 3211 id
1742 3145 1860 3221 est,
1906 3161 2061 3210 cum
2110 3136 2413 3208 Summo-

141 3280 304 3326 rum
353 3258 744 3330 Pontificum
799 3258 1356 3328 declarationibus.
1414 3257 1581 3326 Nam
1632 3255 1997 3326 Bonifacius
2041 3253 2195 3324 vm
2242 3253 2409 3348 (cap.

143 3371 354 3456 Quod
385 3386 636 3458 votum,
681 3374 776 3443 tit.
831 3375 940 3458 15,
977 3374 1132 3443 libri
1175 3373 1242 3454 3,
1277 3374 1345 3442 in
1385 3371 1453 3460 6)
1495 3371 1805 3463 expressis
1840 3369 2047 3438 verbis
2084 3369 2265 3457 dixit,
2304 3392 2411 3439 so-

135 3487 534 3559 lemnitatem
589 3492 720 3558 voti
784 3511 860 3560 ex
911 3489 1044 3558 sola
1091 3488 1549 3557 constitutione
1606 3485 1903 3556 Ecclesiae
1964 3486 2163 3556 fuisse
2221 3485 2411 3553 indu·
2458 3465 2473 3478 ”

137 3611 302 3675 ctam
341 3629 360 3673 ε
393 3611 534 3678 Nos
557 3607 769 3699 iqitur
803 3605 1236 3695 attendentes,
1266 3603 1504 3695 inquit,
1542 3602 1719 3695 quod
1742 3603 1887 3672 voti
1911 3603 2299 3673 solemnitas
2330 3622 2411 3668 ex

139 3721 280 3790 sola
343 3724 826 3794 constitutione
885 3723 1204 3792 Ecclesiae
1253 3735 1346 3792 est
1400 3722 1671 3789 inventa
1699 3773 1720 3808 ,
1772 3730 1889 3791 etc.
1952 3721 2111 3790 Item
2180 3715 2417 3805 Grego-

141 3835 276 3904 rius
339 3838 516 3927 xm,
579 3840 784 3919 bulla,
837 3837 1236 3910 Ascendente
1273 3837 1587 3925 Domine,
1649 3839 1805 3905 anni
1866 3837 2065 3922 1584,
2125 3851 2413 3922 expresse

141 3947 514 4040 declaravit,
555 3955 699 4022 voti
735 3953 1222 4024 solemnitatem
1263 3953 1414 4022 sola
1444 3952 1765 4022 Ecclesioe
1804 3947 2270 4021 constitutione
2310 3946 2411 4014 in·

145 4085 416 4144 ventam
435 4097 588 4145 esse.
615 4073 824 4166 Supra
845 4081 1060 4144 autem
1079 4075 1314 4166 (capite
1333 4073 1402 4164 2)
1423 4073 1827 4142 ostendimus
1844 4069 1931 4139 ibi
1956 4069 2060 4157 agi
2079 4066 2159 4136 de
2182 4065 2415 4136 solem-

143 4187 340 4259 nitate
365 4190 799 4260 substantiali
824 4211 938 4260 seu
967 4191 1220 4282 proprie
1251 4188 1445 4259 dicta.
1477 4187 1624 4258 Jam
1646 4207 1800 4256 vero
1826 4185 1882 4254 si
1904 4183 2033 4251 voti
2056 4183 2423 4252 solemnitas

141 4301 200 4367 in
227 4307 590 4376 traditione
613 4307 1010 4389 consisteret,
1036 4305 1168 4375 dici
1188 4327 1318 4374 non
1347 4309 1555 4397 posset
1586 4323 1661 4370 ex
1688 4300 1821 4369 sola
1848 4297 2147 4367 Ecclesiae
2170 4296 2417 4366 institu-

137 4416 312 4490 tione
343 4421 657 4510 inventa,
693 4422 802 4491 sed
835 4422 964 4492 dici
995 4421 1252 4492 deberet
1275 4421 1354 4489 de
1377 4422 1529 4510 iure
1558 4416 1801 4486 divino.
1833 4413 2221 4507 Sequeretur
2245 4411 2419 4482 enim
