2834 4959
372 357 494 415 372
919 361 1260 410 TRACTATUS
1305 361 1385 408 DE
1431 359 1581 408 smil:
1630 357 2051 406 REGULARIUM.

367 485 656 575 eJusdem
705 483 834 552 loci
884 483 1254 551 transferre.
1317 481 1483 550 Eam
1526 481 1701 572 juris
1754 479 2131 548 communis
2176 479 2683 570 dispositionem

367 599 612 691 pluries
660 598 800 688 jam
853 575 1048 690 supra
1102 598 1640 682 memoravimus,
1698 601 1763 664 et
1806 600 1989 686 parte
2038 594 2107 682 2,
2148 599 2306 664 sect.
2354 595 2423 681 2,
2484 617 2545 665 c.
2610 597 2677 679 1,

372 716 414 808 g
453 716 520 802 7,
567 712 1004 807 probavimus.
1061 703 1264 783 Porro
1291 713 1625 803 dispositio
1662 712 1803 780 liaec
1849 709 2080 802 probat
2109 711 2219 801 jus
2256 711 2675 800 regularium

370 830 444 900 in
479 829 695 920 aliqua
742 830 998 898 civitate
1043 831 1442 896 conventum
1484 824 1799 906 habendi,
1848 844 1979 892 non
2026 845 2165 892 esse
2213 823 2411 893 alicui
2458 825 2675 895 deter-

369 946 618 1014 minato
645 944 921 1014 aedificio
949 948 1060 1011 aut
1081 941 1278 1012 alicui
1303 941 1670 1032 superficiei
1705 945 1891 1008 terrae
1920 939 2259 1027 alligatum
2290 963 2309 1007 ε
2342 939 2661 1030 alioquin,

367 1060 589 1129 relicto
633 1059 750 1154 illo
795 1055 1071 1126 aedificio
1114 1062 1178 1124 et
1223 1061 1409 1124 terrae
1459 1056 1691 1145 spatio,
1745 1053 1968 1122 statim
2014 1054 2165 1141 jure
2206 1056 2662 1124 conventuali-

371 1177 514 1243 tatis
560 1163 1096 1255 destituerentur3
1157 1192 1276 1240 nec
1331 1175 1595 1262 possent
1634 1168 1909 1260 proinde
1934 1168 2049 1258 jus
2087 1166 2251 1236 illud
2294 1169 2367 1237 in
2410 1169 2539 1238 alio
2564 1171 2659 1239 ci·

369 1290 583 1360 vitatis
609 1291 737 1358 situ
781 1287 1018 1354 habere
1065 1286 1192 1354 nisi
1249 1307 1402 1354 cum
1450 1305 1617 1353 nova
1668 1283 1931 1354 licentia
1972 1287 2037 1351 et
2062 1285 2391 1372 requisitis
2419 1288 2666 1354 caeteris

371 1403 885 1476 formalitatibus.
921 1400 1108 1471 Unde
1136 1422 1354 1469 revera
1377 1403 1488 1489 jus
1524 1399 1926 1488 regularium
1956 1403 2345 1466 conventum
2376 1399 2663 1467 habendi

371 1519 440 1586 in
470 1519 686 1607 aliqua
710 1517 965 1585 civitate
1007 1523 1102 1584 est
1140 1513 1497 1606 separabile
1524 1514 1609 1584 ab
1655 1513 1912 1583 aedibus
1954 1533 2113 1603 quas
2155 1521 2501 1604 occupant,
2534 1535 2667 1583 ne-

373 1637 498 1719 que
547 1629 708 1696 huic
761 1628 1151 1696 monasterio
1203 1625 1587 1715 alligatum3
1642 1646 1756 1695 seu
1820 1621 1969 1693 aliis
2014 1625 2316 1708 terminis,
2374 1646 2509 1693 non
2558 1635 2675 1696 est

377 1747 682 1816 duntaxat
701 1747 810 1834 jus
839 1743 1350 1814 conventualiter
1377 1743 1688 1814 existendi
1734 1744 1807 1814 in
1846 1743 1961 1812 illo
1986 1742 2391 1828 monasterio,
2424 1742 2538 1811 sed
2560 1752 2677 1812 est

367 1865 478 1954 Jus
523 1860 1029 1930 conventualiter
1085 1859 1395 1928 existendi
1458 1860 1531 1944 in
1588 1859 1732 1928 aliis
1802 1860 1997 1927 etiam
2050 1857 2339 1948 ejusdem
2392 1859 2671 1927 civitatis

374 1977 556 2049 locis.
647 1981 658 1988 “

464 2094 598 2163 Nec
643 2091 981 2178 objiciatur
1021 2088 1354 2157 licentiam
1395 2094 1795 2158 conventum
1834 2088 2191 2158 inchoandi
2214 2087 2301 2157 ab
2324 2086 2665 2160 Ordinatio

378 2229 768 2291 concessam,
818 2220 975 2275 non·
1003 2227 1136 2275 esse
1181 2206 1515 2275 relativam
1559 2206 1685 2274 nisi
1722 2205 1804 2274 ad
1838 2206 2351 2275 determinatum
2379 2205 2664 2296 aliquem

379 2327 651 2398 civitatis
677 2325 920 2394 locum.
960 2323 1128 2394 Nam
1166 2325 1425 2394 licentia
1454 2325 1596 2394 haec
1623 2325 2048 2416 intelligenda
2088 2331 2185 2394 ost
2222 2327 2295 2394 in
2322 2347 2519 2396 sensu
2546 2330 2663 2418 qui

374 2436 512 2526 Juri
540 2435 877 2503 communi
925 2454 1058 2503 non
1099 2439 1441 2525 repugnet.
1490 2434 1691 2505 Porro
1712 2439 1821 2526 jus
1860 2457 2215 2506 commune
2254 2437 2664 2525 regularibus

376 2549 662 2618 liberum
701 2547 1014 2638 relinquit
1041 2553 1114 2616 ut
1141 2557 1535 2618 conventum
1564 2571 1761 2620 suum
1792 2551 2182 2621 transferant
2214 2553 2297 2620 ad
2335 2552 2541 2622 alium
2568 2555 2663 2623 si-

379 2670 522 2733 tum
573 2662 868 2752 ejusdem
915 2661 1066 2732 loci.
1117 2661 1304 2734 Unde
1357 2671 1561 2756 potoet
1606 2666 1881 2757 quidem
1928 2667 2283 2761 Episcopus
2330 2670 2661 2739 licentiam

379 2780 734 2870 denegare3
767 2785 828 2847 at
856 2779 910 2847 si
935 2799 1078 2848 earn
1109 2781 1440 2864 concedat,
1472 2781 1787 2874 impedire
1815 2785 2065 2874 nequit,
2106 2785 2267 2874 quin
2291 2788 2401 2877 jus
2442 2787 2665 2878 acqui-

376 2895 524 2958 rant
563 2889 891 2980 regulares
938 2889 1006 2956 in
1057 2889 1198 2958 aliis
1235 2891 1428 2959 etiam
1477 2891 1751 2962 civitatis
1786 2893 1947 2963 locis
2003 2895 2520 2966 conventualiter
2559 2896 2663 2966 de-

377 3001 614 3091 gendi;
648 3021 802 3069 cum
831 2999 897 3066 id
927 3019 964 3066 a
983 3000 1132 3088 jure
1160 3001 1506 3070 communi
1540 3002 1733 3071 fuerit
1764 3010 2101 3075 statutum.

469 3123 843 3193 Paorosrrio
874 3122 1009 3191 111⁸.
1048 3159 1138 3176 ——
1163 3123 1497 3194 Alienatio
1542 3129 1961 3213 monasterii,
1988 3130 2283 3199 Romani
2312 3131 2667 3211 Pontificis

381 3239 780 3307 auctoritate
794 3240 1010 3329 facta,
1047 3261 1184 3308 non
1204 3239 1487 3329 perimit
1496 3243 1617 3332 jtcs
1674 3243 2093 3334 reqularium
2132 3247 2665 3316 conventualiter

384 3353 456 3420 in
477 3351 704 3420 eadem
728 3353 998 3422 civitate
1026 3352 1370 3424 existendi.

471 3465 807 3536 Probatur
849 3469 910 3536 1⁰
960 3490 1040 3536 ex
1075 3467 1332 3538 duabus
1369 3469 1903 3561 praecedentibus
1928 3475 2531 3566 propositionibus.
2564 3456 2659 3528 ’-

383 3582 577 3667 Nam,
633 3605 706 3652 ex
752 3583 844 3652 ibi
885 3583 1201 3664 deductis,
1242 3585 1355 3675 jus
1398 3587 1909 3656 conventualiter
1940 3590 2249 3659 existendi
2274 3591 2345 3658 in
2382 3591 2653 3678 civitate,

385 3721 505 3769 nec
533 3699 971 3782 essentialiter,
1013 3721 1134 3766 nec
1161 3701 1360 3769 etiam
1407 3701 1487 3770 de
1515 3703 1704 3791 facto,
1735 3706 2133 3776 censendum
2182 3713 2278 3775 est
2326 3705 2654 3796 alligatum

385 3803 634 3881 indibus
699 3811 1032 3900 alienatis;
1085 3835 1240 3904 ergo
1289 3822 1453 3885 stare
1502 3825 1705 3909 potest
1752 3822 1855 3910 jus
1896 3821 2057 3890 illud
2102 3827 2243 3914 post
2290 3817 2659 3892 monasterii

385 3928 834 3998 alienationem
877 3953 892 3996 ε
926 3949 1082 4016 ergo
1113 3930 1414 4000 alienatio
1438 3933 1581 4003 haec
1608 3935 1859 4005 dictum
1881 3938 1991 4027 ⁴ius
2032 3958 2161 4006 non
2196 3937 2482 4028 perimit.

470 4037 812 4109 Probatur
833 4037 900 4108 2⁰
929 4061 1010 4108 ex
1031 4061 1235 4133 supra
1259 4042 1466 4112 citato
1500 4043 1592 4136 (¹)
1640 4045 1826 4116 brevi
1852 4045 2187 4117 Militantis
2208 4047 2509 4144 Ecclesiae
2536 4049 2655 4116 Be-

385 4153 629 4226 nedicti
650 4157 832 4225 XIV.
867 4193 957 4208 —
980 4143 1139 4247 Agit
1169 4158 1266 4228 ibi
1308 4156 1595 4230 Pontifex
1630 4162 1711 4231 de
1745 4163 2029 4253 quodam
2056 4171 2382 4234 conventu
2410 4161 2653 4232 monia-

453 4425 519 4488 (1)
541 4424 645 4475 Sub
671 4421 983 4486 precedente
1003 4421 1333 4490 paragrapho,
1363 4427 1698 4492 propositione
1725 4430 1769 4490 l,
1790 4427 2083 4493 probatione
2108 4431 2161 4478 a.
