2834 4959
387 303 511 359 252
948 310 1285 362 ΤΜΟΤΑΤΠδ
1330 311 1409 356 m:
1453 309 1602 355 mnu
1643 307 2052 358 anonumum.

396 459 429 498 α
464 433 857 522 proponebat
903 433 975 504 P.
1037 432 1366 502 Antonius
1419 429 1742 498 Bremond
1799 450 1970 498 anno
2048 391 2222 498 {740
2275 429 2396 497 sub
2451 429 2644 520 ipsius

394 577 429 616 α
456 547 791 622 Benedicti
822 551 977 622 xlv
1003 552 1211 623 oculis
1238 551 1347 640 (1).
1380 575 1415 616 n

1404 781 1447 872 g
1499 779 1627 849 ln.
1698 847 1706 853 .

387 953 641 1002 Sententia
673 951 924 1002 Benedicti
948 949 1051 1000 xlv
1076 952 1162 1012 (2),
1189 962 1303 1014 quae
1324 951 1376 999 et
1394 950 1730 1009 communior,
1749 947 2092 997 necessarium
2115 958 2343 998 asserens
2371 947 2646 1010 beneplaci-

416 1039 527 1084 tum
537 1031 891 1097 Apostolicum‚
904 1043 1007 1083 non
1016 1031 1182 1082 solum
1196 1029 1403 1080 initalia
1419 1032 1472 1078 et
1481 1027 1823 1090 adjacentibus
1833 1027 2028 1087 insutis,
2039 1025 2126 1078 sed
2143 1027 2332 1090 ubique
2345 1031 2616 1078 terrarum.

468 1209 569 1280 En
600 1209 937 1280 Benedicti
972 1208 1127 1278 XIV
1176 1207 1371 1275 verba
1404 1233 1421 1274 ε
1481 1232 1514 1272 «
1547 1206 1780 1275 Statuit
1815 1227 1997 1276 sacra
2029 1205 2410 1276 Tridentina
2463 1228 2648 1298 syno-

393 1353 429 1392 α
452 1327 577 1394 dus
613 1327 789 1416 (sess.
850 1325 959 1406 25,
1016 1324 1096 1393 dc
1145 1322 1610 1415 ReqularibuS,
1652 1343 1794 1412 cap.
1833 1321 1928 1412 3),
1971 1342 2056 1390 ne
2107 1323 2496 1392 monasteria
2547 1346 2654 1392 seu

396 1467 431 1505 α
468 1443 727 1523 domne,
764 1447 903 1508 tam
952 1441 1273 1532 virorum,
1314 1461 1516 1528 quam
1573 1438 1959 1522 mulierum,
2005 1437 2087 1506 de
2133 1445 2360 1506 caetero
2401 1440 2654 1528 erigan-

268 1540 287 1554 ’
392 1579 427 1618 (ι
452 1562 583 1638 tur,
628 1553 767 1620 sine
806 1553 1154 1645 Episcopi,
1208 1554 1279 1622 in
1306 1555 1497 1644 cujus
1533 1554 1791 1622 dioecesi
1815 1552 2132 1643 eriqenda
2171 1566 2344 1636 sunt,
2377 1553 2658 1622 licentia

386 1696 423 1736 (t
448 1669 647 1760 prius
674 1669 970 1738 obtenta.
1004 1669 1179 1740 Hinc
1199 1691 1351 1740 vero
1376 1671 1578 1760 aliqui
1607 1670 1924 1757 inferunt,
1969 1669 2052 1738 ad
2077 1671 2456 1737 erectionem
2487 1669 2648 1738 novi

386 1809 419 1852 «
458 1787 829 1854 monasterii
854 1787 923 1854 in
942 1786 1159 1876 aliqua
1178 1785 1466 1874 dioecesi‚
1495 1785 1786 1856 sufficere
1809 1785 2144 1856 licentiam
2165 1783 2462 1876 Episcopi
2485 1785 2650 1854 dioe-

388 1929 421 1964 «
450 1901 691 1980 cesarii,
742 1901 989 1992 absque
1028 1922 1107 1970 eo
1154 1901 1329 1991 quod
1384 1901 1662 1970 Romani
1691 1898 2025 1970 pontificis
2078 1902 2424 1970 auctoritas
2473 1899 2556 1970 ad
2589 1899 2658 1967 id

394 2039 429 2079 α
454 2015 853 2106 requiratur3
894 2023 958 2086 et
1006 2018 1287 2086 maxime
1318 2017 1433 2084 ubi
1460 2005 1688 2106 agatur
1715 2018 1794 2084 de
1839 2016 2174 2108 Episcopis
2201 2017 2372 2084 ultra
2415 2021 2660 2086 montes

398 2161 429 2192 «
474 2111 877 2216 constitutis}
950 2139 1283 2222 propterea
1330 2131 1506 2221 quod
1550 2131 1912 2200 innocentii
1957 2131 2020 2202 Χ
2071 2133 2444 2202 constitutio
2493 2131 2658 2222 (quae

394 2269 427 2308 α
454 2244 727 2312 habetur
754 2265 1031 2313 numero
1068 2245 1179 2327 27,
1213 2247 1285 2314 in
1335 2245 1638 2315 Bullario
1689 2249 2022 2328 Romane,
2057 2252 2216 2316 tom.
2261 2247 2357 2336 4),
2395 2267 2660 2336 quaeque

304 2368 313 2378 ·
396 2357 739 2426 «Romani
795 2356 1123 2428 Pontificio
1182 2363 1630 2430 auctoritatem
1682 2363 1756 2431 in
1797 2361 2178 2453 hujusmodi
2227 2363 2660 2432 erectionibus

398 2497 431 2538 α
464 2473 903 2540 necessariam.
930 2473 1235 2555 declarat,
1264 2475 1347 2544 de
1390 2474 1574 2544 ltalia
1629 2481 1692 2544 et
1743 2478 2189 2567 adjacentibus
2245 2479 2485 2562 insulis
2523 2486 2656 2546 tan·

398 2587 797 2655 «·tummodo
834 2587 1145 2678 loquitur.
1192 2590 1303 2672 At,
1356 2613 1512 2660 cum
1560 2593 1955 2684 jampridem
1999 2601 2142 2663 ante
2202 2593 2658 2663 Tridentinum

401 2725 435 2764 α
460 2700 815 2770 concilium
874 2703 1281 2791 regularibus
1336 2708 1674 2776 interdicta
1728 2709 1928 2777 fuerit
1977 2730 2298 2778 novorum
2347 2715 2658 2780 monaste-

399 2839 433 2880 «
462 2815 717 2884 riorum
770 2818 1105 2906 acquisitio
1146 2820 1285 2891 sine
1318 2843 1612 2914 expressa
1661 2825 1922 2894 licentia
1951 2823 2119 2894 sedis
2151 2824 2547 2916 Apostolicae
2577 2825 2660 2914 (ut

402 2955 438 2994 ι(
466 2931 680 2999 videre
706 2938 799 3000 est
828 2933 899 3001 in
922 2935 1129 3024 capite
1155 2936 1609 3026 Reliqionum,
1637 2940 1678 3030 ἓ
1713 2940 2184 3032 Confirmatos,
2213 2939 2292 3008 de
2315 2940 2660 3032 Reliqiosis

398 3071 437 3110 u
473 3047 822 3132 Domibus‚
840 3049 913 3117 in
942 3049 1009 3134 6,
1036 3057 1098 3118 et
1126 3052 1195 3118 in
1224 3055 1430 3144 capite
1455 3057 1624 3124 Cum
1650 3079 1732 3123 ex
1759 3079 1857 3143 eo,
1880 3055 1962 3126 de
1985 3057 2382 3126 Eaecessibus
2400 3057 2660 3126 Proela-

402 3185 435 3225 ι(
486 3171 731 3246 torum,
762 3164 987 3232 eodem
1037 3163 1209 3234 libro
1260 3166 1352 3258 6),
1408 3171 1556 3238 satis
1609 3177 1800 3260 patet,
1849 3173 2017 3241 nihil
2045 3195 2086 3241 a
2135 3172 2514 3242 Tridentino
2541 3173 2660 3242 de·-

402 3298 436 3336 «
470 3281 744 3344 tractum
812 3279 1015 3349 fuisse
1067 3282 1358 3371 ejusdem
1431 3285 1806 3376 Apostolicae
1881 3287 2045 3357 sedis
2112 3291 2474 3358 auctoritati
2525 3291 2662 3378 jam

400 3417 434 3454 α
464 3394 894 3481 ρι’ωοοάθῃῑει·
946 3399 1271 3487 stabilitae3
1348 3405 1456 3470 sed
1506 3403 1667 3473 illud
1721 3405 2025 3476 duntaxat
2077 3414 2390 3478 statutum
2443 3409 2660 3492 fuisse,

401 3534 437 3573 <t
473 3514 569 3594 ut,
622 3517 855 3600 praeter
900 3535 1068 3596 eam,
1140 3515 1538 3609 Episcopalis
1593 3542 1850 3612 quoque
1897 3525 2244 3594 auctoritas
2295 3532 2360 3594 et
2404 3524 2666 3594 licentia

399 3647 435 3690 ι(
462 3624 533 3690 in
558 3623 785 3695 iisdem
832 3631 1265 3701 erectionibus
1310 3634 1747 3708 interveniret.
1801 3639 2016 3721 Quare
2043 3642 2416 3712 communis
2443 3639 2656 3722 hodie,

404 3762 437 3800 α
462 3747 525 3806 et
543 3741 612 3807 in
634 3742 1069 3813 tribunalibus
1113 3758 1365 3845 recepta
1406 3761 1499 3821 est
1545 3743 1792 3844 opinio,
1838 3777 1973 3825 non
2001 3754 2190 3825 licere
2217 3753 2656 3844 regmaribuS‚
2772 3758 2778 3790 ⁷

405 3865 597 3927 «tam
643 3865 809 3932 intra
859 3885 1058 3953 quam
1103 3874 1279 3938 extra
1334 3870 1609 3962 ltaliam,
1670 3898 1836 3945 nova
1897 3879 2305 3965 monasteria,
2355 3882 2470 3946 aut
2507 3896 2660 3944 con·-

464 4089 528 4150 (1)
552 4091 745 4146 Bullar.
766 4098 889 4148 Ord.
908 4099 1240 4163 Proed.‚tom.
1260 4109 1311 4166 8,
1326 4109 1473 4155 tract.
1490 4105 1551 4154 de
1567 4103 1827 4154 Consense.
1849 4103 1999 4166 nun..
2021 4107 2098 4158 tit.
2117 4111 2160 4168 1,
2175 4111 2352 4170 quaest.
2369 4113 2420 4170 2,
2441 4118 2588 4158 num.
2609 4107 2658 4164 8,

396 4187 512 4240 pag.
548 4181 627 4240 38,
643 4194 703 4231 ex
735 4183 1009 4246 Passeriuo,
1030 4192 1083 4240 in
1106 4191 1248 4245 Sext.
1282 4193 1525 4243 Decretal.
1560 4199 1682 4243 tom.
1709 4195 1757 4253 5,
1789 4206 1903 4256 pag.
1941 4197 2032 4245 364
2065 4201 2118 4246 et
2142 4209 2280 4258 seqq.

460 4265 523 4324 (2)
552 4265 692 4317 Sicut
713 4273 927 4330 priorem
954 4279 1241 4338 opinionem
1268 4282 1568 4330 sententiam
1601 4281 1841 4346 Faqnani
1856 4285 2161 4347 vocavimus,
2190 4288 2260 4336 ita
2281 4285 2414 4336 hanc
2440 4299 2470 4336 a
2489 4283 2654 4334 Bene-

396 4347 529 4402 ffl0²⁰
554 4353 679 4417 XIV,
702 4359 877 4418 utpote
892 4361 1025 4414 inter
1040 4367 1195 4429 ipsius
1224 4367 1509 4421 defensores
1540 4375 1838 4424 auctoritate
1855 4375 2121 4438 principue,
2149 4385 2521 4441 nuncupamus-
