2834 4959
865 269 889 306 ὁ
1103 347 1253 395 raas
1300 347 1517 398 raim.
1716 279 1731 294 l
2316 347 2344 401 1
2360 347 2436 400 77

221 489 332 536 rem
363 468 832 537 transmutatio.
884 467 1064 537 Certe
1103 488 1378 560 pravum
1426 491 1619 538 neno
1658 469 1891 540 dixerit
1928 473 2131 542 sancti
2177 472 2443 544 Eusebii

219 582 602 652 vercellensis
617 583 996 671 consilium,
1017 579 1272 652 cosdem
1293 585 1561 654 clericos
1586 587 2015 656 constituendi
2034 611 2197 680 quos
2214 610 2443 660 mona-

209 699 348 768 chos.
391 699 572 781 Quod
610 701 666 767 si
705 699 878 768 bona
920 700 989 768 in
1029 721 1162 768 una
1199 699 1457 770 dioecesi
1505 701 1822 772 institutio
1849 702 2012 786 haec,
2064 726 2177 795 per
2215 727 2283 774 se
2320 707 2443 776 sal-

84 829 86 846 ‘
206 822 318 883 tem
349 823 410 882 et
439 815 778 884 intrinsece
819 815 1006 886 noxia
1053 837 1186 884 non
1241 826 1360 884 est.
1405 815 1579 908 Ergo
1620 817 1941 909 supprimi
1980 821 2250 889 omnino
2288 822 2445 892 cleri

208 928 714 1015 εωοαὶανίεατεηι,
759 952 876 1020 per
917 949 984 998 se
1023 935 1090 999 et
1125 929 1414 998 absolute
1462 951 1593 1000 non
1638 939 1997 1025 repugnat3
2050 956 2441 1026 prorsusque

212 1043 658 1114 hallucinantur
693 1045 808 1135 qui
841 1043 1331 1114 saecularitatem
1361 1044 1543 1114 illam
1570 1047 1649 1116 ad
1684 1048 1985 1118 Ecclesiae
2018 1049 2447 1142 integritatem

211 1158 486 1240 referunt,
532 1166 594 1228 et
619 1181 700 1228 eo
739 1181 930 1228 sensu
977 1163 1412 1230 necessarium
1446 1163 1820 1232 saecularem
1858 1163 2104 1234 clerum
2150 1188 2441 1256 pronun-

214 1273 380 1342 liant.

1208 1535 1250 1626 g
1285 1533 1395 1603 lv.

666 1733 842 1788 Statu
855 1737 1118 1802 religiosus
1139 1743 1220 1792 est
1247 1742 1301 1790 in
1330 1737 1549 1790 Ecclesia
1574 1737 1947 1792 innotecttbnn.

289 1953 445 2024 Nam
473 1955 748 2029 Ecclesia
787 1960 1029 2050 absque
1065 1965 1218 2030 nota
1251 1960 1605 2030 sanctitatis
1630 1964 1797 2028 stare
1824 1961 2049 2049 nequit
2083 1985 2101 2028 ε
2144 1965 2443 2032 sanctita-

206 2071 278 2139 tis
323 2077 464 2140 nota
507 2075 789 2147 vicissim
839 2081 1008 2144 stare
1050 2076 1276 2166 nequit
1325 2075 1566 2166 absque
1608 2073 1871 2166 publica
1920 2075 2442 2166 evangelicorum

202 2187 588 2258 consiliorum
613 2190 1010 2282 professione
1045 2213 1066 2259 ε
1101 2191 1243 2260 haec
1273 2196 1489 2260 autem
1524 2190 1947 2260 consiliorum
1985 2191 2247 2282 publica
2284 2215 2443 2284 pro-

200 2300 362 2371 fessio
397 2304 660 2374 nonnisi
693 2325 810 2394 per
845 2310 1087 2374 statum
1125 2306 1503 2395 religiosum
1537 2304 1679 2374 dari
1719 2311 1919 2398 potest
1964 2329 1981 2376 z
2030 2328 2182 2398 ergo
2218 2307 2445 2378 Eccle-

200 2416 280 2484 sia
317 2418 608 2509 religioso
651 2427 818 2488 statu
861 2441 1076 2490 carere
1110 2423 1359 2512 nequit,
1401 2441 1517 2491 seu
1558 2421 2011 2493 indefectibilis
2052 2424 2125 2491 in
2162 2423 2445 2494 Ecclesia

201 2537 288 2596 est
299 2531 630 2624 religiosus
651 2539 876 2604 status.

291 2645 344 2712 1·
364 2647 455 2718 Ad
487 2649 895 2720 essentialem
925 2650 1223 2722 Ecclesiae
1261 2651 1737 2733 institutionem
1778 2651 2095 2739 pertinere
2134 2653 2440 2722 sanctita-

213 2759 286 2826 tis
309 2767 525 2851 notam,
574 2765 643 2832 in
683 2765 1062 2856 theologicis
1099 2767 1180 2834 de
1207 2763 1489 2835 Ecclesia
1527 2763 1896 2832 tractatibus
1936 2765 2197 2854 probari
2230 2767 2389 2836 solet
2419 2793 2438 2836 z

212 2871 310 2941 hic
331 2884 526 2948 autem
565 2884 818 2949 certum
843 2880 1302 2972 supponimus,
1330 2885 1394 2949 et
1432 2884 1606 2948 extra
1640 2900 1905 2949 omnem
1934 2879 2434 2950 controversiam

205 2989 470 3076 positum.

275 3103 332 3172 2⁶
385 3109 570 3180 Dicta
621 3112 967 3182 sanctitatis
1019 3121 1176 3182 nota
1223 3112 1639 3202 intelligenda
1687 3118 1809 3200 est,
1858 3133 1995 3181 non
2056 3116 2311 3180 tantum
2362 3135 2437 3182 eo

207 3238 366 3291 seusu
397 3225 574 3317 quod
619 3245 876 3318 semper
911 3228 982 3296 in
1032 3229 1170 3320 ipsa
1213 3227 1414 3298 futuri
1455 3229 1594 3296 sint
1644 3226 1968 3315 homines,
2021 3225 2161 3316 qui,
2216 3233 2442 3317 praeter

205 3347 636 3432 preceptorum
695 3343 1200 3431 observantiam,
1257 3341 1679 3414 consiliorum
1729 3339 1924 3410 etiam
1984 3341 2440 3433 perfectionem

196 3458 512 3547 sectentur,
565 3457 678 3528 sed
733 3459 1004 3550 insuper
1067 3479 1144 3528 eo
1215 3479 1408 3528 sensu
1458 3456 1633 3548 quod
1692 3455 2011 3546 ejusmodi
2064 3459 2445 3546 evangelicae

195 3569 581 3654 perfectionis
595 3575 974 3644 exercitium
992 3585 1246 3664 semper
1269 3575 1340 3642 in
1362 3569 1647 3642 Ecclesia
1670 3593 2169 3664 permansurum
2186 3573 2267 3641 sit
2288 3593 2442 3640 cum

192 3678 376 3756 forma
403 3699 625 3764 status
655 3711 770 3758 seu
793 3687 1236 3781 professionis
1271 3685 1586 3778 publicoe.
1637 3686 1909 3758 Publica
1950 3689 2131 3758 enim
2168 3705 2447 3774 evange·

192 3791 320 3866 lieae
369 3803 775 3891 perfectionis
838 3805 1144 3896 professio
1217 3811 1547 3873 auctorem
1602 3810 1667 3873 st
1716 3803 2151 3874 institutorem
2216 3799 2445 3870 hahuit

191 3907 494 3986 Christum
537 3916 927 4006 Dominum,
972 3924 1047 3987 nt
1084 3939 1282 4010 supra
1326 3917 1672 4010 probatum
1707 3925 1825 3988 est.
1874 3917 2061 3998 Quod
2112 3921 2331 3984 autem
2371 3919 2443 3985 in

193 4021 453 4102 Ecclesia
486 4056 608 4104 sua
645 4033 941 4106 Christus
983 4034 1282 4120 instituit,
1324 4033 1621 4126 deperire
1664 4054 1799 4103 non
1840 4032 2031 4128 sinit3
2075 4029 2188 4098 sed
2228 4031 2449 4123 provi-

196 4139 386 4217 dentis
455 4171 574 4222 sua
643 4151 915 4223 sustinet
975 4155 1170 4242 atque
1239 4155 1687 4240 permanenter
1761 4152 2113 4217 conservat.
2175 4145 2449 4237 Semper

193 4273 324 4348 ergo
361 4263 430 4332 in
455 4263 742 4338 Ecclesia
775 4265 1174 4359 splendescet
1206 4264 1469 4357 publica
1512 4263 1626 4334 illa
1656 4260 2076 4331 consiliorum
2120 4261 2447 4353 evangeli·

195 4390 396 4448 corum
449 4381 774 4473 professio.
825 4381 1136 4468 Aliunde,
1195 4401 1346 4451 cum
1402 4401 1477 4448 ex
1532 4378 1703 4448 dicta
1750 4377 2168 4468 professione,
2229 4384 2447 4470 utpote

419 4504 465 4558 ι.
2106 4501 2169 4550 12
