2834 4959
419 285 499 341 56
995 292 1331 341 ΤΒΑΕΤΑΤῘῙὸ
1367 292 1445 341 ΒΕ
1492 292 1647 341 svm-3
1688 290 2103 342 REGULAMUM.

423 440 460 479 α
486 412 703 496 habet,
757 412 931 483 unde
983 414 1164 483 illam
1213 415 1569 483 necessario
1612 416 1908 507 requirat
1954 438 1971 482 ε
2022 434 2177 505 ergo
2212 412 2397 485 nulla
2438 415 2689 485 ratione

422 556 458 595 «
489 530 844 599 necessaria
895 536 1072 600 est...
1125 530 1334 600 Potest
1379 533 1552 623 quiS,
1592 534 1911 625 privatam
1966 530 2165 599 vitam
2201 553 2423 622 agenS,
2477 532 2691 623 perfe-

423 671 458 714 α
485 646 686 717 ctioni
739 648 1146 737 acquirendae
1204 648 1497 717 insistere
1520 700 1541 733 ,
1589 655 1650 716 et
1714 654 1951 741 certam
2009 648 2155 715 vitae
2195 649 2509 716 rationem
2566 646 2685 714 fir·-

421 790 454 829 α
483 784 661 831 mam
702 769 764 832 et
811 762 1103 831 stabilem
1135 786 1487 855 assumere,
1538 767 1607 834 in
1644 788 1775 859 qua
1822 788 1937 859 per
1989 765 2457 835 observantiam
2484 766 2687 833 trium

420 906 452 949 «ι
483 880 901 950 consiliorum
933 880 1009 947 ad
1061 881 1521 971 perfectionem
1577 882 1818 969 tendat,
1864 886 1929 949 et
1972 878 2051 947 ad
2094 880 2274 951 hunc
2326 882 2524 949 finem
2563 882 2693 949 sub

418 1023 452 1064 t<
479 998 752 1089 alicujus
782 1002 1082 1089 potestate
1125 998 1206 1065 sit
1255 999 1529 1066 firmiter
1579 1000 1991 1067 constitutus.
2030 996 2199 1087 Ergo
2248 998 2420 1065 nihil
2468 998 2528 1066 ei
2576 998 2693 1067 de·

419 1139 452 1179 α
480 1116 599 1183 erit
653 1115 1009 1205 quominus
1056 1136 1206 1183 vere
1233 1122 1295 1183 et
1335 1114 1593 1207 proprie
1635 1116 1717 1183 sit
1758 1116 1827 1182 in
1857 1120 2025 1183 statu
2065 1112 2475 1204 religionis...
2514 1112 2689 1205 Ergo

416 1255 450 1293 «
477 1230 619 1297 sine
663 1230 791 1297 vita
825 1231 1162 1299 communi
1189 1236 1390 1321 potest
1417 1235 1615 1298 status
1668 1252 1857 1299 verus
1915 1230 2249 1324 religionis
2278 1230 2604 1301 constitui.
2640 1255 2677 1295 »

409 1346 533 1437 (De
559 1344 928 1437 Reliqione,
960 1351 1146 1415 tract.
1183 1347 1250 1432 7,
1291 1345 1406 1413 lib.
1447 1346 1517 1426 2,
1566 1368 1623 1415 c.
1660 1346 1751 1433 4.)

495 1460 680 1531 Hanc
729 1461 1091 1531 doctrinam
1115 1464 1392 1555 reperies
1422 1464 1595 1555 apud
1646 1463 1943 1555 probatos
1985 1464 2275 1534 doctores
2306 1464 2692 1532 communi-

411 1584 506 1653 ter
537 1582 898 1669 receptam;
959 1582 1146 1669 cujus
1174 1582 1336 1648 ratio
1365 1580 1869 1649 fundamentalis
1897 1588 2011 1663 est,
2044 1582 2261 1671 ,gratis
2287 1582 2551 1649 omnino
2584 1602 2689 1649 as-

412 1692 566 1777 seri,
609 1700 847 1765 statum
878 1696 1258 1787 religiosum
1305 1697 1547 1789 absque
1573 1700 1705 1767 vita
1734 1699 2072 1769 communi
2098 1719 2232 1766 non
2286 1718 2419 1767 esse
2449 1719 2691 1767 verum

409 1828 650 1893 statum
707 1820 1108 1913 religiosum.
1161 1822 1382 1915 Neque
1432 1826 1499 1893 id
1554 1825 1775 1893 minus
1824 1824 2023 1915 gratis
2070 1825 2419 1914 asseritur,
2470 1846 2685 1914 quam

410 1940 608 2031 gratis
649 1948 1032 2011 assereretur
1077 1940 1277 2010 vitam
1313 1940 1673 2043 solitariam
1698 1940 1779 2010 ad
1806 1947 2006 2009 status
2028 1942 2314 2031 religiosi
2343 1942 2691 2009 essentiam

410 2060 750 2148 pertinere.
813 2058 1000 2139 Quod
1055 2080 1208 2145 ergo
1261 2065 1462 2126 status
1506 2060 1847 2147 religiosus
1908 2060 2053 2127 vitae
2092 2059 2381 2149 privatas,
2411 2058 2515 2129 vel
2538 2060 2693 2126 vitae

413 2174 784 2243 communis
837 2176 1112 2243 sormam
1158 2173 1412 2259 induat,
1472 2173 1539 2242 id
1618 2175 1677 2243 ei
1750 2174 2139 2245 accidentale
2202 2181 2335 2263 est;
2416 2182 2480 2245 et
2548 2178 2693 2243 sive

413 2316 566 2365 cum
615 2316 772 2377 una,
825 2294 956 2363 sive
1005 2316 1154 2362 cum
1207 2268 1641 2365 alteralorma
1678 2302 1880 2387 potest
1902 2302 2033 2365 tota
2056 2300 2200 2386 ejus
2226 2295 2497 2365 essentia
2522 2296 2687 2365 sub-

412 2411 676 2499 sistere3
724 2409 916 2479 modo
964 2416 1204 2497 tamen,
1256 2417 1332 2479 ut
1377 2412 1703 2499 duximus,
1750 2435 1882 2483 non
1936 2416 2350 2483 intervenerit
2378 2402 2695 2486 Ecclesiae

413 2526 782 2618 prohibitio.
833 2526 998 2597 Nam
1051 2531 1254 2619 posita
1290 2530 1437 2599 vitae
1490 2531 1787 2599 solitariae
1818 2532 2273 2621 prohibitione,
2308 2536 2507 2599 status
2538 2532 2695 2601 reli-

414 2644 632 2732 giosus
682 2666 836 2713 cum
883 2644 993 2712 illa
1041 2644 1248 2713 forma
1289 2650 1425 2736 jam
1474 2670 1605 2715 non
1648 2646 1809 2717 soret
1858 2654 2059 2717 status
2112 2648 2541 2739 perfeetionis,
2574 2650 2697 2718 sed

417 2760 829 2847 rebellionis3
881 2768 942 2830 et
975 2762 1150 2849 idern
1195 2763 1547 2833 dicendum
1591 2763 1751 2833 soret
1779 2763 1859 2833 de
1890 2764 2014 2839 vita
2044 2766 2403 2853 communi,
2432 2766 2486 2834 si
2539 2788 2693 2840 eam

413 2888 698 2959 Ecclesia
719 2889 1176 2981 prohibuisset.

501 3007 724 3099 Neque
749 3007 1032 3097 objiciaS‚
1059 3028 1193 3077 non
1221 3007 1435 3075 deesse
1474 3008 1673 3097 primi
1696 3007 1982 3077 subsellii
2020 3011 2385 3101 scriptores,
2414 3011 2529 3101 qui
2558 3018 2697 3083 sta-

412 3135 558 3195 tum
597 3124 975 3215 religiosum
1014 3126 1272 3216 proprie
1311 3126 1561 3193 dictum
1594 3146 1728 3194 non
1768 3125 2170 3215 agnoverint,
2212 3128 2337 3196 nisi
2366 3148 2521 3195 cum
2548 3131 2693 3199 vita

411 3241 750 3311 communi
795 3244 1248 3331 conjunctum.
1309 3238 1473 3309 Nam
1518 3264 1640 3311 nec
1691 3248 1783 3311 tot
1832 3264 1954 3313 nec
1987 3246 2143 3312 tanti
2196 3250 2349 3313 sunt
2385 3252 2693 3316 auctores

411 3356 536 3443 illi,
592 3364 665 3423 ut
717 3378 849 3425 non
893 3357 1080 3425 liceat
1125 3378 1350 3425 eorum
1380 3359 1782 3449 opinionem,
1830 3359 2015 3427 nulla
2060 3359 2259 3429 solida
2300 3362 2545 3431 ratione
2575 3364 2695 3431 fir-

411 3478 679 3559 matam,
741 3474 1024 3562 rejicere.
1081 3474 1180 3543 Ac
1227 3481 1531 3565 praeterea
1574 3498 1649 3544 ex
1704 3476 1860 3567 ipsis
1912 3496 2039 3543 non
2072 3476 2262 3566 pauci
2290 3478 2403 3545 toti
2429 3484 2585 3546 sunt
2612 3480 2690 3548 in

408 3589 812 3659 obtrudenda
863 3611 1035 3657 mere
1085 3591 1500 3660 ecclesiastica
1540 3598 1739 3661 status
1780 3592 2064 3680 religiosi
2096 3591 2538 3677 institutione;
2575 3594 2693 3663 id·-

408 3728 536 3796 que
561 3706 879 3776 deducere
933 3715 1246 3793 conantur
1291 3731 1364 3777 ex
1393 3730 1469 3777 eo
1510 3708 1683 3798 quod
1734 3708 1919 3776 tertio
1963 3714 2075 3777 aut
2114 3715 2340 3799 quarto
2376 3710 2695 3780 duntaxat

382 3824 642 3892 saeculo
688 3824 948 3893 existere
991 3826 1302 3917 coeperint
1355 3824 1503 3892 vitae
1565 3824 1965 3893 coenobiticae
1994 3823 2304 3894 instituta.
2362 3826 2521 3907 Quae
2574 3850 2688 3897 eo-

407 3960 558 4007 rum
601 3941 799 4009 illatio
848 3963 1109 4032 prorsus
1157 3922 1396 4026 rueret,
1423 3942 1474 4009 si
1524 3962 1647 4031 pro
1680 3942 1848 4009 veris
1894 3941 2207 4029 religiosis
2252 3952 2686 4030 agnoscerent

407 4056 600 4145 primi
650 4063 711 4123 et
737 4058 1002 4126 secundi
1032 4058 1249 4127 saeculi
1287 4064 1548 4140 ascetaS‚
1608 4057 1754 4125 licet
1783 4058 2100 4148 privatam
2147 4056 2343 4125 vitam
2388 4054 2717 4147 agentes(

406 4169 590 4238 Unde
630 4170 709 4237 ad
737 4171 969 4239 falsum
999 4172 1404 4241 fulciendum
1434 4180 1733 4261 systema,
1774 4174 1999 4241 falsam
2046 4174 2124 4241 de
2155 4178 2355 4241 status
2388 4174 2677 4263 religiosi

401 4286 674 4385 esse-ntia
702 4286 1028 4356 notionem
1053 4290 1296 4377 fingere
1323 4296 1384 4355 et
1415 4290 1761 4359 obtrudere
1789 4296 2132 4381 coguntur.

493 4402 860 4470 Psorosrrro
887 4401 994 4471 X‘.
1023 4442 1116 4457 -—-
1139 4404 1567 4474 Probabilius
1600 4404 1859 4475 videtur
1894 4407 2211 4475 Ecclesiae
2228 4406 2673 4497 approbatio-
