2834 4959
1153 374 1307 425 PARS
1347 376 1590 423 TERTIA.
2387 376 2514 435 397

210 496 505 581 domini,
554 510 779 563 revera
824 512 1236 582 nequaquam
1274 494 1530 563 domini
1580 501 1772 582 sunt;
1824 518 1944 567 nec
1989 498 2218 569 minus
2257 499 2413 571 furti
2455 513 2518 573 et

208 609 549 701 sacrilegii
600 630 739 678 reos
790 628 859 677 se
922 606 1228 695 facerent,
1284 612 1341 677 si
1396 610 1760 701 quidquam
1815 634 1890 682 ex
1951 614 2090 684 istis
2145 615 2338 686 bonis
2391 620 2514 695 sibi

208 730 467 821 absque
497 725 761 796 licentia
786 729 1179 816 usurparent
1212 730 1326 794 aut
1362 725 1440 793 de
1471 726 1553 793 iis
1590 725 2033 817 disponerent,
2067 752 2268 822 quam
2305 737 2516 805 caeteri

206 843 523 939 quilibet,
564 840 805 932 quibus
832 860 969 909 non
1006 840 1315 931 competit
1348 840 1622 911 fictitius
1655 841 1768 911 ille
1797 865 2018 914 coram
2057 844 2198 936 lege
2227 848 2518 919 saeculari

216 958 481 1029 titulus.

304 1076 745 1143 Amnum
798 1068 883 1155 11,
938 1092 1019 1139 ea:
1068 1068 1629 1161 dispositionibus
1685 1074 1914 1142 Sacroe
1967 1076 2516 1169 Gonqreqationis

216 1186 715 1283 Propaqandoe‚
747 1209 791 1255 a
829 1186 1147 1278 Greqorz‘o
1183 1188 1351 1254 XVI
1374 1186 1820 1275 confirmatis.
1851 1228 1944 1243 —-
1974 1189 2242 1261 Decreto
2272 1192 2402 1263 diei
2433 1196 2514 1265 15

212 1305 581 1377 decembris
622 1302 819 1386 1840,
863 1300 1060 1371 Sacra
1100 1301 1530 1392 Congregatio
1581 1303 1661 1372 de
1698 1306 2112 1396 propaganda
2159 1306 2309 1391 fide,
2367 1331 2513 1379 mo-

214 1422 383 1513 dum
408 1418 883 1505 determinavit,
918 1438 1049 1507 quo
1086 1416 1396 1487 deberent
1423 1418 1494 1487 in
1541 1418 1826 1489 Statibus
1874 1420 2072 1491 unitis
2112 1424 2424 1513 possideri
2451 1431 2514 1494 et

216 1536 569 1607 transmitti
613 1535 787 1603 bona
828 1531 1283 1621 ecclesiastica,
1329 1540 1473 1603 tum
1521 1533 2019 1627 Episcoporum,
2061 1542 2206 1608 tum
2256 1540 2514 1631 religio-

212 1674 443 1723 sorum
488 1658 553 1729 et
580 1650 973 1723 monialium
996 1650 1262 1722 nomine
1304 1650 1639 1741 inscripta,
1670 1660 1732 1721 et
1769 1652 1852 1721 ab
1879 1655 2038 1744 ipsis
2079 1654 2392 1742 civiliter,
2439 1664 2516 1727 ut

210 1768 485 1849 dicitur,
516 1788 823 1858 possessa.
852 1766 1143 1835 liabetur
1172 1765 1508 1834 decretum
1552 1764 1716 1833 illud
1745 1768 1814 1835 in
1845 1768 2215 1854 Fasciculo,
2247 1792 2380 1860 quo
2407 1792 2512 1841 re-

212 1888 567 1952 censentur
612 1889 746 1952 acta
790 1880 1185 1972 synodorum
1232 1879 1734 1970 provincialium
1779 1879 2138 1967 Baltimori,
2193 1884 2275 1951 ab
2337 1884 2508 1955 1829

219 2016 441 2085 usque
467 1995 545 2065 ad
576 2018 811 2067 annum
844 1996 1044 2079 1840,
1072 1996 1311 2087 pagina
1348 1996 1428 2063 81
1461 2018 1479 2079 ;
1511 1996 1626 2084 qui
1651 1994 2000 2065 fasciculus
2039 1996 2314 2085 adjungi
2355 1998 2512 2068 solet

216 2120 401 2182 tomo
440 2112 483 2180 5
512 2112 771 2182 bullarii
801 2112 1259 2205 propagandae.
1310 2110 1689 2200 Sequentes‚
1735 2130 1882 2201 quae
1909 2111 1990 2181 ad
2032 2132 2174 2181 rem
2219 2119 2507 2182 nostram

212 2226 465 2298 faciunt
496 2228 961 2318 dispositiones,
990 2227 1208 2297 exilio
1236 2226 1730 2317 depromimus:

314 2369 351 2410 ι(
377 2342 727 2413 Decretum
751 2342 823 2413 S.
857 2340 1383 2433 congregationis
1412 2341 1491 2409 de
1523 2340 1939 2432 propaganda
1967 2340 2116 2412 fide.
2157 2378 2249 2395 -
2283 2341 2506 2423 Quum

222 2491 256 2529 «
296 2461 367 2530 in
412 2459 739 2529 foederatis
790 2458 1107 2529 Americae
1172 2457 1688 2549 septentrionalis
1743 2455 2026 2529 Statibus
2081 2457 2264 2529 nulla
2321 2480 2357 2527 a
2409 2458 2506 2528 le·

227 2605 261 2643 α
300 2577 495 2669 gibus
553 2574 857 2646 civilibus
906 2571 1335 2646 ecclesiastica
1390 2570 1720 2643 'successio
1775 2580 2186 2665 agnoscatur,
2245 2578 2308 2644 et
2362 2572 2506 2644 ideo

226 2719 262 2757 «
310 2693 567 2763 nullum
616 2692 728 2785 jus
778 2712 899 2761 nec
948 2689 1281 2783 Episcopis
1330 2709 1452 2757 nec
1493 2687 1952 2773 sacerdotibus,
2005 2690 2090 2757 ab
2141 2690 2370 2759 iisdem
2416 2690 2507 2759 le-

228 2834 265 2873 «
313 2806 505 2897 gibus
552 2808 899 2894 tribuatur,
936 2798 1415 2875 transmittendi
1453 2802 1586 2871 suis
1613 2802 2092 2873 successoribus
2127 2801 2296 2870 bona
2329 2824 2505 2890 quoe-

223 2950 259 2989 «
308 2944 587 3015 cunque,
638 2944 787 3013 quae
842 2944 880 2991 a
924 2923 1035 3013 pia
1078 2919 1375 2993 fidelium
1430 2918 1720 3009 largitate
1763 2915 1845 2986 ad
1893 2914 2350 2985 ecclesiasticos
2406 2919 2504 2985 vel

222 3068 255 3105 a
304 3042 443 3131 pios
484 3062 669 3127 usus,
714 3040 847 3109 sive
880 3037 1243 3129 Episcopis,
1291 3035 1424 3105 sive
1457 3030 1896 3103 sacerdotiBus
1931 3031 2168 3099 donata
2206 3030 2499 3115 fuerunt3

224 3180 257 3220 α
306 3154 765 3245 praedictorum
805 3154 1211 3224 bonorum...
1266 3151 1594 3221 securitati
1641 3148 2013 3240 prospicere
2053 3143 2276 3215 volens
2311 3144 2504 3215 Sacra

223 3294 255 3334 ιι
298 3267 728 3359 congregatio
766 3267 847 3338 de
890 3266 1307 3361 propaganda
1351 3266 1502 3350 fide,
1543 3261 1824 3334 decrevit
1869 3262 1944 3331 in
1989 3264 2316 3353 posterum
2365 3280 2501 3330 ser-

224 3412 257 3447 «
306 3386 517 3455 vanda
542 3406 681 3455 esse
713 3407 861 3476 quae
882 3389 1288 3476 sequuntur:

312 3526 346 3565 α
386 3501 928 3593 Archiepiscopus
968 3498 1479 3584 Baltimorensis‚
1511 3501 1573 3565 et
1599 3493 1899 3586 Episcopi
1927 3513 2154 3564 omnes
2195 3496 2265 3563 in
2299 3495 2500 3563 foede-

216 3643 253 3681 «
290 3618 451 3686 ratis
502 3618 821 3687 Americae
882 3612 1399 3707 septentrionalis
1463 3610 1770 3696 statibus,
1833 3608 2047 3680 statim
2108 3613 2250 3699 post
2305 3608 2502 3697 hujus

220 3758 259 3797 α
296 3731 534 3801 decreti
578 3734 1044 3823 receptionem,
1090 3735 1550 3800 testamentum
1589 3730 1774 3819 juxta
1807 3724 1986 3815 leges
2021 3727 2217 3793 status
2265 3722 2334 3789 in
2371 3742 2502 3811 quo

228 3870 267 3906 κ
307 3846 548 3934 degunt
586 3849 894 3938 (quarum
936 3854 1304 3919 accuratam
1344 3845 1644 3915 notitiam
1688 3864 1766 3912 ex
1813 3840 2002 3911 certis
2045 3836 2332 3907 fontibus
2375 3836 2502 3905 sibi

220 3984 258 4021 «
302 3962 789 4054 comparabunt)
844 3961 1321 4033 conficiendum
1378 3964 1632 4029 curent.
1683 3954 1854 4026 Illud
1903 3960 2124 4025 autem
2177 3950 2501 4041 duplicato

218 4098 253 4137 α
290 4080 357 4141 et
412 4094 597 4165 aeque
652 4076 1075 4147 authenthico
1135 4073 1572 4163 chirographo
1637 4092 1752 4140 seu
1820 4066 2171 4158 exemplari
2233 4065 2501 4133 omnino

217 4213 255 4251 «
294 4180 603 4281 efficient,
644 4196 839 4283 atque
871 4190 1191 4261 haeredem
1220 4190 1544 4258 bonorum
1585 4186 1888 4254 omnium
1917 4181 2497 4251 ecclesiasticorum

220 4328 257 4367 «
295 4327 443 4395 quae
492 4307 617 4399 ipsi
652 4313 797 4377 actu
835 4306 1220 4399 possideant,
1264 4304 1363 4373 vel
1401 4302 1512 4395 jus
1555 4300 1638 4369 ad
1685 4296 2148 4391 possidendum
2191 4295 2492 4377 habeant,

218 4450 253 4491 «
296 4424 487 4495 illum
517 4446 591 4495 ex
620 4425 1028 4519 Coepiscopis
1051 4425 1185 4495 suis
1213 4421 1628 4509 americanis,
1657 4438 1854 4509 quem
1881 4416 2091 4507 magis
2115 4415 2184 4484 in
2213 4410 2497 4483 Domino
