2834 4959
377 319 456 376 ⁴22
961 329 1297 380 TRACTATUS
1341 333 1422 380 DE
1458 333 1609 381 mm:
1646 329 2061 378 REGULARHJM.

459 449 538 518 Et
563 451 654 518 sic
691 455 865 542 patet
898 450 1178 520 inanitas
1215 453 1561 544 cujusdam
1614 450 2017 542 objectionis,
2070 471 2270 542 quam
2328 460 2656 523 memorat

368 563 708 634 Suaresius
759 566 886 636 hoc
941 565 1134 636 modo
1183 590 1201 635 z
1263 592 1301 633 (ι
1349 566 1479 637 Sed
1528 565 1752 656 oincit
1798 565 2073 650 Gerson,
2124 566 2303 654 quia,
2334 567 2390 634 si
2416 567 2653 658 religio

374 706 412 748 ε(
435 687 530 750 est
575 687 774 750 status
811 681 1222 773 perfectionis
1277 682 1712 771 acquirendae,
1772 682 2101 752 immerito
2148 685 2349 749 status
2404 682 2654 772 perfec-

377 821 412 862 α
437 797 634 864 tionis
670 801 934 864 vocatur
988 819 1006 864 ε
1065 797 1280 888 aptius
1333 796 1515 865 enim
1564 795 1813 866 dicetur
1858 797 1963 864 via
2011 794 2093 864 ad
2144 796 2643 888 perfectionem,

378 929 632 1000 «quam
687 916 886 978 status
927 911 1117 998 ejus;
1165 932 1318 978 nam
1362 917 1682 1002 repugnat
1726 929 1862 977 esse
1900 912 2041 998 jam
2088 911 2161 978 in
2190 915 2357 978 statu
2402 919 2464 980 et
2508 935 2651 982 esse

373 1051 410 1092 ε(
437 1027 505 1094 in
529 1025 654 1092 via.
712 1023 872 1108 Quis
895 1025 1099 1114 enirn,
1125 1024 1241 1106 ait,
1273 1023 1445 1094 dicet
1466 1025 1849 1116 reliqiosum
1877 1047 2007 1094 esse
2052 1025 2126 1094 in
2168 1037 2357 1094 statu
2384 1026 2647 1118 qloriae,

373 1167 408 1206 α
434 1141 597 1232 quia
615 1141 800 1210 estin
818 1151 1005 1210 statu
1027 1139 1230 1208 illius
1255 1137 1703 1232 adipiscendae
1720 1143 1755 1208 9
1782 1139 1927 1209 Non
1953 1161 2108 1230 ergo
2134 1139 2257 1211 erit
2278 1146 2477 1210 status
2504 1165 2655 1234 per-

372 1281 408 1322 «
434 1256 754 1340 fectioniS,
789 1258 898 1327 sed
929 1257 1200 1326 tendens
1229 1257 1309 1325 ad
1337 1256 1821 1348 perfectionem.
1868 1279 1905 1320 n
1946 1255 2067 1347 (De
2101 1254 2469 1346 Reliqione,
2506 1264 2651 1328 tra-

363 1377 534 1440 ctatu
583 1374 648 1452 7,
678 1373 722 1441 1.
759 1372 824 1456 1,
857 1391 915 1439 c.
955 1371 1065 1455 14,
1105 1393 1174 1439 n.
1203 1371 1298 1460 6.)
1335 1369 1779 1461 Respondetur
1806 1391 2070 1460 nempe,
2098 1375 2335 1438 statum
2386 1370 2652 1461 religio-

363 1506 588 1554 sorum
622 1484 1220 1556 denominationem
1249 1507 1435 1556 suam
1486 1499 1707 1555 status
1745 1484 2175 1577 perfectionis
2216 1486 2653 1576 desumpsisse

363 1617 439 1666 ex
495 1599 627 1667 fine
673 1599 754 1668 ad
809 1621 1010 1690 quem
1061 1601 1286 1685 tendit,
1353 1601 1471 1690 qui
1528 1608 1620 1670 est
1676 1599 2001 1692 perfectio·
2064 1599 2196 1669 Nec
2258 1593 2506 1669 mirum
2562 1601 2652 1670 ita

363 1714 713 1784 invaluisse
759 1714 1066 1805 loquendi
1104 1736 1298 1784 usum
1326 1739 1345 1800 ;
1377 1716 1535 1806 quia
1565 1737 1678 1805 per
1712 1714 1892 1782 illam
1942 1734 2159 1784 vocem
2191 1713 2642 1806 perfectioni&

363 1829 604 1921 optime
657 1835 720 1898 et
767 1831 1110 1900 commode
1191 1830 1727 1901 discriminantur
1774 1834 1975 1898 status
2042 1828 2190 1898 vitae
2246 1831 2640 1911 communia,

363 1947 478 2034 qui
540 1945 996 2036 perfectionem
1037 1967 1170 2037 pro·
1205 1945 1336 2014 fine
1388 1966 1522 2013 non
1556 1942 1822 2025 habent,
1854 1944 1936 2013 ab
1964 1944 2109 2012 aliis
2135 1933 2252 2034 qui
2280 1943 2361 2012 ad
2403 1944 2651 2034 perfec·

363 2062 632 2144 tionem,
661 2061 794 2128 sive
817 2059 1306 2152 acquirendam,
1357 2059 1494 2127 sive
1541 2059 1960 2127 exercendam
2022 2059 2285 2127 fuerunt
2341 2059 2642 2127 instituti.

365 2173 554 2255 Quod
593 2180 810 2241 autem
861 2175 992 2242 dici
1036 2179 1310 2264 nequeat
1335 2195 1472 2242 esse
1514 2175 1586 2242 in
1630 2183 1818 2241 statu
1838 2172 2094 2263 qlorioe‚
2125 2175 2239 2265 qui
2291 2174 2371 2242 ad
2422 2172 2647 2264 acqui-

367 2289 636 2357 rendam
690 2288 968 2376 gloriam
1025 2288 1254 2375 tendit,
1303 2287 1475 2357 nihil
1502 2287 1773 2379 probat;
1843 2309 1997 2356 nam
2048 2309 2207 2358 usus
2234 2288 2648 2378 intelligendi

365 2414 623 2473 statum
646 2403 881 2493 qlorz'oe
930 2403 1011 2472 de
1059 2407 1224 2471 statu
1273 2403 1679 2472 tendentium
1730 2403 1811 2472 ad
1863 2403 2163 2492 gloriam,
2221 2425 2341 2472 nec
2375 2405 2651 2473 invaluit

369 2541 690 2609 unquam,
737 2541 857 2587 nec
904 2523 998 2587 est
1040 2519 1200 2588 ratio
1258 2540 1376 2587 cur
1429 2519 1866 2588 induceretur.
1920 2519 2163 2588 Omnes
2216 2521 2391 2588 enim
2449 2523 2650 2588 status

369 2637 514 2704 vitae
553 2635 919 2704 christianae
947 2635 1025 2702 ad
1052 2636 1328 2726 gloriam
1359 2656 1472 2704 seu
1502 2642 1808 2704 aeternam
1859 2634 2132 2703 salutem
2176 2635 2645 2723 assequendam

371 2750 666 2819 tendunt.
720 2751 774 2818 E
823 2760 1066 2836 contra,
1115 2771 1247 2818 non
1296 2771 1523 2820 omnes
1566 2751 1841 2818 tendunt
1890 2750 1968 2817 ad
2024 2748 2483 2840 perfectionem
2542 2769 2647 2816 ac-

371 2867 757 2959 quirendam
805 2873 916 2936 aut
957 2866 1515 2955 exercendam3et
1556 2887 1718 2956 opus
1773 2870 1911 2932 erat
1964 2862 2182 2952 aliqua
2234 2863 2513 2932 formula
2566 2861 2644 2930 ad

371 2983 905 3071 distinguendum
937 3005 1045 3052 eos
1095 2983 1207 3073 qui
1257 2983 1334 3050 ad
1383 2982 1565 3050 hunc
1608 2981 1808 3048 finem
1858 2979 2158 3060 tendunt,
2207 2978 2289 3046 ab
2338 2977 2480 3046 aliis
2531 2978 2647 3067 qui

369 3119 639 3190 scopum
693 3097 882 3166 illum
943 3097 1066 3166 sibi
1117 3117 1248 3164 non
1304 3101 1699 3187 proponunt.
1760 3093 2117 3162 Commoda
2167 3097 2387 3162 autem
2441 3094 2521 3161 ad
2580 3093 2649 3160 id

369 3213 505 3280 visa
525 3221 616 3278 est
640 3210 877 3279 locutio
898 3210 1039 3277 haec
1055 3221 1273 3276 status
1299 3207 1727 3299 perfectionis
1749 3215 1809 3274 et
1832 3217 2046 3274 status
2064 3206 2220 3274 vitoe
2242 3203 2646 3274 communis,

376 3327 466 3398 Ex
487 3327 600 3394 illa
627 3332 845 3395 autem
884 3325 1284 3417 oppositione
1333 3323 1412 3392 ad
1460 3325 1661 3391 vitam
1686 3343 2133 3407 communem,
2193 3329 2254 3389 et
2288 3324 2650 3412 praesertim

371 3465 447 3513 ex
469 3441 905 3531 receptissimo
937 3447 1000 3508 et
1027 3438 1359 3508 notissimo
1385 3439 1692 3528 loquendi
1731 3461 1886 3524 usu,
1938 3437 2085 3505 satis
2137 3437 2378 3526 patefit,
2416 3459 2647 3506 vocem

297 3581 310 3593 ·
363 3555 804 3652 perfectionis
839 3555 909 3623 in
963 3556 1085 3624 hac
1115 3554 1391 3624 formula
1425 3555 1626 3642 sumi,
1678 3575 1809 3622 non
1838 3575 1956 3645 pro
1984 3553 2377 3643 perfectione
2400 3555 2476 3620 in
2508 3575 2649 3645 qua

365 3687 600 3756 stetur,
635 3673 746 3742 sed
773 3694 891 3764 pro
921 3672 1300 3764 perfectione
1323 3670 1420 3740 ad
1450 3695 1654 3762 quam
1678 3667 2103 3740 exercendam
2151 3669 2255 3738 vel
2298 3671 2645 3760 acquiren-

370 3792 523 3861 dam
549 3797 751 3859 status
772 3789 1133 3857 ordinatur.

455 3905 825 3974 Pnoposmo
871 3901 1004 3972 111⁸.
1039 3941 1129 3956 —
1155 3904 1392 3971 Status
1415 3900 1835 3993 perfectionis
1876 3901 1951 3970 in
1985 3911 2243 3968 statum
2273 3897 2644 3990 perfectio-

367 4020 472 4089 nis
495 4017 916 4108 acquirenda»
939 4030 1004 4086 et
1029 4029 1286 4086 statum
1307 4017 1729 4108 perfectionis
1758 4014 2130 4086 exercenda>
2168 4013 2517 4105 adaequate
2543 4013 2646 4082 di-

369 4135 644 4206 viditur.
673 4173 762 4188 -
787 4135 981 4220 Nam,
1009 4156 1084 4204 ex
1112 4134 1326 4213 dictis,
1381 4140 1579 4202 status
1626 4133 2029 4224 perfectionis
2083 4131 2195 4201 ille
2240 4138 2334 4200 est
2387 4133 2504 4219 qui
2561 4132 2644 4199 ad

369 4252 825 4344 perfectionem
860 4259 1166 4341 tanquam
1196 4271 1467 4341 scopum
1499 4271 1611 4319 seu
1634 4251 1837 4317 finem
1866 4248 1992 4317 sibi
2014 4245 2351 4338 proprium
2383 4247 2644 4317 ordina-

369 4379 496 4438 tur.
527 4365 668 4436 Jam
697 4390 846 4435 vero
869 4369 1093 4458 nequit
1121 4367 1423 4458 perfectio
1440 4374 1747 4456 tanquam
1780 4365 1929 4434 finis
1950 4387 2061 4456 per
2085 4364 2367 4454 aliquem
2392 4370 2629 4431 statum
