2834 4959
1139 354 1290 402 PARS
1327 353 1545 403 Pnuu.
2398 348 2469 401 21

209 474 594 545 dividzmtur
619 474 692 541 in
712 484 934 543 status
955 472 1298 543 ordinatos
1329 472 1425 543 ad
1444 473 1911 565 perfectionem
1932 472 2354 543 exercendam
2380 477 2491 544 vel

201 590 708 683 acquirendam,
739 603 806 658 et
828 590 902 658 in
923 601 1142 658 status
1167 590 1347 659 lzzmc
1373 610 1651 681 scopum
1674 612 1815 657 non
1846 589 2183 657 habentes.
2216 626 2305 641 -
2330 590 2484 659 Haec

197 708 551 797 propositio
578 727 704 797 per
723 727 790 773 se
811 711 984 794 patet
1005 720 1032 787 3·
1055 706 1112 773 si
1139 706 1402 794 quidem
1432 724 1563 772 non
1592 705 1783 774 datur
1812 704 2105 771 medium
2132 704 2303 773 inter
2346 704 2487 774 haec

201 824 384 892 duo:
419 820 593 910 quod
621 840 860 911 nempe
887 824 1088 888 status
1111 818 1350 909 aliquis
1371 819 1455 887 ad
1478 818 1729 887 dictum
1776 816 1975 885 finem
1996 818 2355 901 ordinetur,
2386 818 2487 887 vel

203 958 674 1091 ”og-norme
696 1020 804 1091 11⁸.
834 1058 924 1073 -
945 1024 1063 1090 Ex
1092 1034 1347 1113 recepto
1377 1019 1692 1113 loquendi
1711 1042 1863 1107 usu,
1894 1020 2148 1088 locutio
2176 1020 2339 1105 lzaec,
2367 1028 2491 1089 sta-

213 1146 336 1208 tus
363 1140 782 1229 perfectionis,
809 1160 943 1205 non
967 1138 1311 1228 dynificat
1337 1136 1607 1207 modum
1636 1135 1906 1205 vivendi
1936 1158 2162 1205 eorum
2188 1135 2310 1227 qui
2336 1147 2491 1205 sunt

221 1268 294 1323 et
303 1265 700 1343 permanent
723 1254 798 1321 in
817 1254 1270 1343 perfectione,·
1293 1253 1412 1323 sed
1436 1252 1711 1323 modum
1730 1250 2017 1341 vivendi,
2044 1254 2229 1343 cujus
2258 1274 2490 1342 scopus

217 1370 502 1459 aeufim's
519 1368 843 1461 proprius
867 1369 957 1437 sit
975 1369 1324 1459 perfectio,
1343 1369 1479 1439 sive
1494 1366 1920 1459 acquirenda,
1942 1369 2085 1436 sive
2101 1366 2485 1437 exercenda.

114 1534 128 1544 -
203 1524 294 1539 —-
321 1484 646 1575 Equidem
677 1506 752 1553 ex
779 1504 974 1553 sensu
994 1484 1465 1573 grammaticali
1490 1506 1581 1553 eae
1612 1505 1794 1553 voces
1819 1494 2033 1551 status
2066 1483 2492 1575 perfectionis

201 1602 428 1693 potius
447 1600 858 1687 designarent
877 1610 1132 1667 statum
1147 1600 1620 1691 perfectorum,
1652 1620 1767 1667 seu
1794 1599 2235 1667 conditionem
2262 1621 2492 1667 eorum

203 1718 327 1805 qui
353 1720 812 1804 permanenter
837 1720 1009 1781 stant
1056 1714 1126 1781 in
1162 1715 1591 1805 perfectione3
1624 1714 1793 1781 sicut
1819 1735 2007 1781 voces
2033 1725 2251 1781 status
2284 1713 2489 1783 beati-

211 1827 476 1896 tudinis
499 1850 616 1897 seu
645 1828 904 1919 qlon'oe,
935 1828 1304 1917 significant
1325 1850 1549 1896 eorum
1578 1827 2041 1911 conditionem,
2068 1827 2183 1913 qui
2215 1829 2283 1893 in
2314 1829 2492 1896 coelis

219 1944 512 2015 beatifica
537 1944 664 2015 Dei
685 1944 927 2012 visione
979 1944 1310 2011 fruuntur.
1363 1940 1809 2009 Nihilominus
1852 1960 1983 2005 non
2037 1940 2107 2005 in
2138 1938 2264 2005 hoc
2299 1962 2491 2009 sensu

221 2060 386 2129 dicta
410 2060 655 2129 locutio
683 2058 976 2127 adhiberi
999 2058 1196 2141 solet;
1227 2056 1366 2144 sed,
1395 2059 1461 2125 in
1480 2076 1580 2140 ea,
1613 2076 1731 2123 vox
1762 2052 2182 2147 perfectionis
2214 2073 2492 2142 usurpa-

209 2184 322 2243 tur
347 2182 674 2266 quatenus
697 2175 1070 2263 exprimens
1111 2174 1310 2243 finem
1345 2173 1427 2239 ad
1452 2194 1647 2261 quem
1675 2178 1872 2241 status
1898 2170 2257 2239 ordinatur.
2312 2166 2497 2239 Unde
2588 2210 2593 2215 ·

205 2312 406 2359 verus
437 2289 872 2358 sensus‘illius
901 2288 1222 2373 formulae,
1251 2299 1468 2356 status
1485 2285 1945 2379 perfectionis,
1971 2285 2145 2353 idem
2186 2289 2281 2351 est
2320 2304 2394 2353 ac
2442 2285 2497 2351 si

209 2404 572 2487 diceretur,
627 2415 850 2471 status
900 2402 1252 2473 ordinatus
1299 2401 1394 2471 ad
1434 2402 1927 2494 perfectiorum,
1987 2422 2097 2468 seu
2146 2398 2498 2489 respiciens

213 2521 675 2611 perfectionem
705 2526 1020 2609 tanquam
1057 2520 1258 2587 finem
1287 2518 1408 2587 sibi
1441 2518 1807 2609 proprium.
1848 2514 2213 2584 Adhibetur
2262 2533 2497 2605 nempe

217 2636 454 2705 lomtio
505 2635 650 2704 haec
699 2656 812 2725 per
861 2635 1332 2725 oppositionem
1390 2634 1471 2702 ad
1532 2635 1741 2703 varios
1808 2640 2005 2700 status
2072 2632 2219 2699 vitae
2287 2628 2497 2698 chris-

229 2752 442 2835 tianae,
465 2752 581 2841 qui
610 2771 726 2839 pro
777 2751 908 2819 fine
937 2772 1068 2819 non
1109 2749 1350 2818 habent
1399 2750 1889 2839 perfectionem,
1945 2768 2154 2835 neque
2203 2764 2497 2813 exercen-

227 2866 410 2949 dam,
455 2887 661 2957 neque
711 2864 1215 2955 acquirendam3
1247 2866 1362 2954 qui
1424 2872 1623 2933 status
1650 2865 1963 2933 dicuntur
1992 2862 2154 2929 vitae
2205 2880 2498 2927 commu·-

225 2977 332 3051 πίε
345 3000 382 3065 ;
405 2987 466 3051 et
487 2983 564 3051 de
600 3002 884 3072 quorum
909 2999 1210 3064 numero,
1243 2980 1425 3049 verbi
1452 2982 1685 3071 gratia,
1708 2987 1803 3049 est
1822 2986 2021 3049 status
2067 2974 2489 3044 matrimonii.

224 3096 408 3179 Quod
467 3105 692 3167 autem
751 3096 962 3165 dictus
1030 3095 1338 3187 posterior
1401 3116 1627 3163 sensus
1694 3096 1961 3163 omnino
2028 3089 2437 3181 praevaluerit
2470 3140 2490 3173 ,

227 3220 292 3279 et
339 3234 458 3303 pro
513 3232 666 3280 vero
737 3211 820 3281 sit
896 3210 1256 3293 habenduS,
1324 3210 1551 3300 probat
1612 3208 1947 3277 unanimis
1998 3206 2333 3275 doctorum
2402 3207 2498 3273 lo-

233 3327 468 3416 quendi
521 3324 776 3393 modus.
831 3324 1158 3415 Quotquot
1207 3324 1386 3393 enim
1444 3324 1523 3391 de
1556 3324 1729 3392 hisce
1758 3322 2045 3391 materiis
2072 3322 2491 3413 scripserunt,

233 3446 536 3529 tanquam
564 3440 1004 3516 indubitatum
1033 3440 1321 3526 tradunt,
1347 3438 1679 3527 religiosos
1720 3458 1854 3505 esse
1902 3438 1971 3505 in
2022 3448 2208 3505 statu
2242 3455 2498 3527 perlec-

232 3554 424 3623 tionis
432 3576 467 3640 ;
491 3557 692 3646 idque
713 3556 864 3627 inde
886 3558 1196 3644 inferunt,
1223 3556 1394 3645 quod
1413 3553 1681 3623 illorum
1698 3558 1897 3621 status
1920 3554 1998 3621 ad
2024 3547 2495 3645 acquirendam
2553 3600 2565 3612 .

217 3671 692 3761 perfectionem
715 3674 799 3741 sit
841 3674 1196 3741 institutus.
1250 3670 1332 3740 Et
1385 3672 1619 3761 pariter
1673 3670 1899 3738 dieunt
1962 3669 2303 3760 Episcopos
2360 3684 2497 3733 esse

231 3787 300 3855 in
323 3798 513 3857 statu
529 3788 993 3879 perfectioni-³,
1030 3809 1105 3856 eo
1127 3788 1302 3878 quod
1323 3794 1523 3855 status
1553 3784 1662 3854 ille
1689 3786 1768 3853 ad
1817 3784 2293 3876 perfectionem
2318 3798 2499 3846 exer-

235 3901 506 3973 cendam
553 3903 911 3972 ordinetur.
967 3902 1112 3985 Qua
1139 3901 1420 3995 profecto
1446 3902 1754 3992 loquendi
1804 3902 2051 3970 ratione
2076 3896 2492 3986 patefaciunt,

235 4044 301 4093 se
341 4045 458 4116 per
505 4030 743 4093 statum
799 4024 1208 4115 perfectionis
1259 4022 1643 4112 intelligere,
1710 4042 1841 4091 non
1893 4038 2123 4087 eorum
2180 4016 2497 4086 conditio·

233 4160 388 4209 nem
413 4140 528 4229 qui
575 4140 646 4208 in
679 4139 1062 4229 perfectione
1095 4144 1398 4231 perstant,
1434 4139 1543 4207 sed
1592 4136 1851 4207 vivendi
1894 4131 2163 4205 modum
2217 4135 2295 4201 ad
2342 4154 2496 4223 per-

241 4252 598 4339 tectionem,
643 4256 779 4331 sive
819 4255 1312 4346 acquirendam,
1369 4257 1504 4324 sive
1556 4248 2001 4333 exercendam,
2042 4251 2409 4320 ordinatum
2444 4255 2505 4317 et

243 4368 626 4439 institutum.
