2834 4959
1099 362 1275 413 rm·
1292 364 1534 414 ΤΙΜΙΔ.
2315 364 2436 421 463

170 486 429 572 cientes,
466 482 788 554 habeam.
826 516 911 535 --·
944 480 1325 575 Respondeo
1352 484 1766 557 affirmative.
1817 488 2064 583 Nempe
2099 490 2162 559 1⁶
2191 490 2332 561 talis
2359 504 2454 564 est

170 600 589 691 congregatio
614 604 875 688 patrum
910 596 1248 667 societatis
1266 600 1534 685 Maria,
1560 602 1680 692 qui
1705 602 2152 673 Marium-um
2187 610 2457 678 nomine

168 716 235 783 in
258 713 479 786 Gallia
504 712 829 802 designari
854 712 1103 797 solent3
1136 731 1424 803 quorum
1453 716 1830 813 institutum
1859 718 2170 810 Lugduni
2199 722 2458 791 exordia

168 827 473 921 mmpoit.
522 824 783 897 Etenim
830 826 1263 917 approbatam
1310 848 1349 897 a
1394 830 1545 901 sede
1587 830 1960 923 Apostolica
1997 832 2122 904 tuit
2166 835 2456 927 ipsorum

167 944 586 1027 institutum,-
626 940 807 1015 bulla
854 942 1178 1011 Omnium
1205 943 1533 1034 petatium,
1572 946 1702 1017 diei
1743 946 1830 1017 29
1853 950 2090 1041 aprilis
2137 949 2352 1021 1836:
2397 958 2460 1021 et

160 1062 345 1149 juxta
388 1056 1128 1149 ejusmodi-institutum
1166 1059 1559 1129 emittuntur
1584 1061 1656 1131 in
1687 1084 1764 1132 ea
1799 1067 2293 1156 congregatione
2337 1067 2460 1135 tria

172 1178 315 1243 vota
346 1170 673 1265 simplicia
718 1177 1025 1263 perpetua
1070 1196 1087 1239 z
1140 1179 1205 1240 et
1252 1181 1397 1242 vota
1449 1176 1613 1262 haec,
1659 1179 2180 1269 congregationis
2222 1186 2286 1249 et
2337 1180 2458 1249 Ec-

168 1288 381 1360 clesiae
422 1286 713 1377 nomine,
762 1288 885 1357 rite
918 1307 959 1357 a
1000 1288 1444 1379 superioribus
1495 1298 1930 1385 acceptantur.
1972 1294 2058 1364 Ut
2083 1296 2242 1365 adeo
2277 1316 2460 1366 novae

168 1403 329 1476 huic
348 1402 703 1496 (fructibus
733 1408 949 1473 tamen
974 1404 1363 1495 apostolici-s,
1387 1406 1528 1498 jam
1553 1408 1766 1499 uberi)
1801 1412 2284 1501 congregationi
2311 1412 2460 1480 nul·

169 1520 317 1591 lum
340 1518 499 1591 desit
522 1541 601 1588 ex
626 1518 955 1609 requisitis
978 1521 1063 1587 ad
1090 1525 1291 1590 status
1325 1523 1614 1613 religiosi
1645 1526 1967 1597 rationem
1997 1533 2190 1617 atque
2225 1548 2452 1599 essen·-

171 1636 331 1707 tiam
358 1634 833 1705 omnimodam.
1971 1684 1978 1696 ·

256 1751 327 1820 2⁰
366 1748 543 1821 Talis
566 1752 805 1843 pariter
842 1749 1163 1819 censenda
1197 1756 1293 1819 est
1328 1755 1742 1842 congregatio
1793 1756 2068 1825 fratrum
2107 1780 2146 1827 a
2188 1758 2460 1828 Scholis

172 1864 579 1935 Christianis
606 1870 1156 1957 nuncupatorum,
1188 1887 1263 1934 ex
1280 1865 1513 1935 iisdem
1539 1869 1928 1939 rationibus.
1970 1871 2460 1943 Advertendum

172 1988 407 2066 tamen
454 1984 571 2069 est,
620 2000 753 2050 non
790 2001 1013 2050 omnes
1056 1980 1232 2051 illius
1266 1982 1787 2073 congregationis
1833 1984 2058 2054 fratres
2101 2008 2280 2057 veros
2327 2010 2462 2057 esse

172 2092 515 2184 religiosos
529 2117 550 2178 ;
602 2094 711 2163 sed
750 2116 855 2165 eos
880 2102 1139 2165 tantum
1181 2096 1297 2186 qui
1322 2108 1654 2189 perpetua
1679 2108 1827 2167 vota
1865 2100 2244 2169 emiserunt.
2290 2101 2462 2171 Cum

174 2230 441 2300 nempe,
496 2228 575 2278 ox
644 2210 935 2301 ipsorum
991 2211 1311 2295 instituto,·
1374 2212 1456 2280 ad
1509 2214 1866 2285 emittenda
1938 2222 2082 2285 vota
2155 2225 2460 2309 perpetua

174 2323 443 2394 nonnisi
518 2328 657 2415 post
711 2324 1039 2416 quoddam
1102 2326 1608 2397 determinatum
1681 2332 1937 2423 tempus
2011 2330 2460 2421 admittantur,

174 2439 424 2507 interea
486 2458 641 2507 vero
700 2438 1165 2531 temporalibus
1238 2440 1547 2512 duntaxat
1597 2442 1758 2513 votis
1817 2464 1951 2513 sese
2029 2445 2460 2534 adstringant,

174 2552 349 2626 inter
392 2557 743 2644 utramque
780 2553 1051 2624 fratrum
1099 2554 1374 2636 classem
1414 2558 1649 2646 ingens
1675 2558 2040 2629 ·intercedit
2086 2559 2454 2629 discrimen.

174 2666 309 2749 Qui
356 2667 537 2737 enim
577 2667 673 2737 ad
712 2680 971 2760 tempus
1014 2674 1359 2757 voverunt,
1404 2690 1818 2759 nequaquam
1849 2674 1918 2739 in
1955 2678 2124 2742 statu
2169 2674 2464 2764 religioso

174 2787 515 2857 constituti
556 2788 861 2859 censendi
888 2794 1071 2874 sunt3
1120 2788 1447 2878 siquidem
1491 2786 1645 2876 ipsis
1679 2785 1858 2856 deest
1897 2810 2031 2857 una
2073 2808 2148 2857 ex
2179 2810 2450 2858 necessa·

174 2902 297 2971 riis
352 2902 433 2971 ad
471 2908 670 2973 status
715 2904 1001 2994 religiosi
1046 2904 1385 2973 essentiam
1433 2900 1942 2986 conditionibuS,
1987 2904 2306 2971 nimirum
2353 2902 2467 2971 tri-

172 3016 373 3110 plicis
426 3017 559 3088 voti
616 3020 1029 3111 perpetuitas.
1092 3016 1278 3088 Unde
1346 3016 1692 3089 habendus
1735 3025 1855 3087 est
1921 3017 2214 3109 ipsorum
2269 3024 2466 3087 status

170 3140 497 3223 tanquam
518 3132 913 3203 continuatio
932 3133 1233 3224 quaedam
1260 3131 1585 3222 tyrocinii,
1615 3136 1680 3200 et
1703 3130 1784 3202 ad
1809 3136 2116 3225 perpetua
2135 3139 2278 3201 vota
2304 3153 2467 3223 prae·

170 3248 455 3339 paratio.
592 3274 601 3284 ·

264 3362 345 3433 3⁶
368 3362 549 3433 Idem
586 3362 933 3433 dicendum
960 3361 1223 3431 videtur
1244 3360 1325 3431 de
1355 3363 1858 3453 congregatione
1891 3361 2136 3432 Sancti
2159 3363 2466 3456 Spiritus

172 3488 243 3545 et
264 3478 712 3559 Immaaalati
734 3475 947 3546 cordis
967 3475 1207 3547 Mariae
1214 3494 1246 3561 ,⁶
1266 3474 1355 3545 sic
1368 3482 1770 3567 nuncupata,
1789 3496 1866 3545 eo
1890 3478 2064 3567 quod
2085 3500 2162 3548 ex
2186 3481 2466 3548 duarum

172 3594 461 3679 unione,
544 3590 647 3663 Pii
704 3590 797 3661 lX
868 3590 1137 3661 feliciter
1204 3592 1536 3680 regnantis
1597 3592 1992 3683 auctoritate,
2073 3592 2349 3661 conflata
2407 3594 2472 3659 et

174 3706 545 3800 approbem
586 3706 803 3776 luerit.
846 3704 968 3775 Cui
1006 3707 1079 3776 in
1116 3704 1409 3796 primum
1454 3707 1826 3797 generalem
1868 3708 2269 3799 superiorem
2309 3724 2470 3797 prae-

174 3822 320 3893 fuit
338 3820 934 3893 Reverendissimus
954 3818 1417 3905 Liebermann,
1439 3842 1477 3891 e
1503 3821 1668 3890 vivis
1699 3843 1909 3915 nuper
1935 3826 2216 3914 ereptus,
2249 3818 2468 3890 heroi-

176 3935 281 4007 cis
320 3934 667 4010 virtutibus
700 3940 765 4003 et
787 3934 1137 4005 sanctitatis
1166 3932 1417 4025 fulgore
1461 3936 1562 4004 vir
1593 3937 1916 4027 insigniat
1953 3938 2144 4027 cujus
2176 3942 2238 4003 et
2279 3954 2471 4004 sanc-

174 4050 536 4124 timoniam
566 4050 871 4121 Ecclesiae
883 4048 1135 4141 judicio
1163 4049 1514 4139 aliquando
1537 4050 2092 4142 pronuntiandam
2111 4070 2462 4142 speramus,

176 4164 259 4237 In
298 4166 426 4237 hac
464 4167 715 4240 scilicet
740 4164 1237 4257 congregatione
1263 4162 1588 4255 peculiare
1618 4172 1738 4253 est,
1785 4166 1959 4255 quod
1996 4166 2316 4257 primum,
2356 4184 2472 4255 per

180 4286 451 4354 eertum
501 4282 759 4375 aliquod
819 4280 1125 4372 temporis
1178 4279 1462 4370 spatium
1483 4330 1504 4364 ,
1579 4279 1843 4349 nonnisi
1899 4283 2276 4373 temporalia
2329 4288 2472 4351 vota

176 4394 619 4478 emittanturz
672 4404 889 4487 postea
936 4414 1085 4465 vero
1128 4394 1444 4464 membris
1497 4394 1782 4463 liberum
1830 4397 1937 4478 sit,
1992 4403 2102 4467 aut
2147 4398 2472 4492 perpetuis
