2834 4959
302 317 423 372 598
873 321 1211 370 moruus
1253 321 1333 368 nl:
1378 319 1528 370 mu
1570 319 1985 372 nnc-unm.

301 442 510 512 valide
529 446 798 533 possunt
831 439 930 509 illi
957 441 1184 510 novitii
1213 440 1397 509 bonis
1422 445 1483 508 et
1508 439 1849 508 beneficiis
1882 437 2017 508 suis
2052 442 2421 512 renuntiare
2440 463 2589 512 non

298 561 546 626 servato
573 555 698 625 boc
745 555 1030 644 decreto,
1063 556 1120 624 si
1159 554 1533 623 institutum
1580 553 1895 624 societatis
1942 552 2097 624 Jcsu
2143 554 2324 624 aliter
2344 557 2465 626 bac
2488 557 2585 626 de

301 691 371 739 re
397 669 718 761 disponat,
751 691 952 761 quam
994 667 1120 738 fuit
1173 689 1213 738 a
1238 667 1623 739 Tridentina
1669 669 1915 758 synodo
1958 670 2338 738 sancitum:
2392 674 2575 762 atqui

301 803 520 854 revera
565 784 753 853 aliter
808 781 1116 875 disponit.
1171 784 1404 854 Statuit
1445 805 1684 885 nempe
1738 789 1815 854 ut
1856 784 2397 870 renuntiationes,
2429 791 2575 856 tum

302 899 514 982 bonis,
549 905 691 968 tum
720 899 1077 985 beneficiis,
1107 899 1337 970 validae
1361 901 1497 969 sint
1521 907 1584 969 et
1607 899 1911 970 effectum
1932 898 2581 986 summm-,etiamsi

299 1014 612 1106 professio
641 1035 774 1084 non
819 1020 1151 1106 sequatur,
1181 1020 1246 1084 et
1297 1015 1601 1106 quamvis
1652 1014 1895 1106 absque
1930 1013 2265 1086 ordinarii
2316 1015 2585 1088 licentia

299 1132 482 1202 isclae
505 1131 662 1201 sint.

1197 1398 1478 1470 CAPUT
1500 1337 1681 1470 vill.

623 1591 1012 1672 oupnuumu
1051 1591 1499 1640 mmsmc'rlom
1542 1591 1935 1642 sunucmn‘r
1970 1591 2215 1638 novlm.

392 1823 678 1904 Qusssrio
715 1823 792 1892 1·.
816 1861 908 1880 --·
927 1827 1252 1908 Quoenam
1271 1826 1360 1894 sit
1359 1822 1748 1916 jurisdictio
1768 1825 2207 1917 praelatorum
2228 1821 2579 1915 reliqt‘onis
2650 1823 2681 1843 ⁸

306 1939 379 2007 in
409 1939 745 2008 novitios?
771 1976 860 1994 —
889 1942 952 2010 1⁰
986 1939 1175 2010 Multi
1223 1947 1519 2011 auctores
1564 1947 1720 2012 c'um
1752 1937 2329 2030 Schmslzgrueber
2352 1940 2451 2031 (in
2492 1941 2583 2008 ti-

312 2049 522 2120 tulum
547 2049 628 2120 de
654 2049 1116 2142 Reqularibus,
1140 2072 1212 2120 n.
1237 2050 1348 2142 88)
1371 2050 1971 2142 distinguuntinter
1984 2049 2246 2120 ordines
2258 2057 2585 2140 exemptos

312 2169 374 2232 et
408 2185 542 2231 non
569 2172 916 2256 exemptos.
941 2164 1012 2236 Si
1033 2165 1192 2236 ordo
1218 2186 1353 2236 non
1377 2166 1464 2235 sit
1492 2173 1851 2257 exemptus,
1881 2165 2295 2256 praelatorurn
2318 2163 2583 2254 religio-

311 2277 412 2344 nis
433 2277 503 2344 in
535 2279 810 2348 novitios
834 2279 1698 2369 jurisdictioaestimandaest
1714 2303 1790 2352 ex
1818 2285 2233 2352 concessione
2254 2280 2579 2373 Episcopi,

309 2395 559 2462 statutis
621 2394 870 2464 ordinis
891 2401 954 2463 et
981 2396 1473 2464 consuetudine.
1512 2395 1581 2466 Si
1614 2403 1831 2468 autem
1865 2402 2092 2488 agatur
2119 2395 2205 2466 de
2238 2394 2579 2466 ordinibus

311 2509 648 2596 exemptis,
673 2507 932 2598 praelaio
971 2509 1298 2600 religionis
1328 2511 1632 2582 tribuunt
1658 2489 2189 2604 jurisdictionem·
2224 2511 2409 2604 quasi
2440 2511 2583 2602 epi-

313 2621 630 2712 scopalem
668 2625 860 2696 etiam
907 2629 976 2696 in
1014 2629 1307 2701 novitios.
1343 2631 1534 2702 Unde
1570 2633 1865 2703 inferunt
1894 2653 2077 2726 posse
2104 2633 2287 2702 hunc
2311 2632 2591 2702 novitios

315 2737 649 2826 praeceptis
675 2738 876 2830 ligare
899 2743 1025 2816 sub
1043 2754 1326 2836 peccato,
1359 2753 1424 2816 et
1436 2745 1563 2816 sub
1580 2747 1897 2832 censuris3
1934 2747 2080 2817 illos
2108 2749 2373 2838 punire,
2408 2767 2599 2816 casus

317 2853 472 2920 item
498 2863 794 2946 respectu
833 2859 1126 2948 ipsorum
1161 2861 1286 2930 sibi
1307 2883 1653 2932 reservare.

403 2967 472 3036 2⁰
500 2969 586 3038 At
639 2974 1046 3044 contrarium
1073 2976 1268 3046 tradit
1312 2977 1603 3048 Ferraris
1646 2979 1831 3070 (voce
1850 2979 2264 3067 Novitiatus,
2312 3001 2385 3046 n.
2422 2977 2529 3068 13)
2566 3001 2589 3048 :

327 3107 364 3150 α
389 3081 652 3175 Novitii,
690 3088 933 3179 inquit,
971 3111 1105 3161 non
1147 3092 1588 3183 subjiciuntur
1628 3095 1885 3164 casibus
1930 3096 2267 3166 reservatis
2314 3115 2354 3163 a
2390 3115 2597 3185 supe·-

327 3205 675 3276 «rioribus
707 3229 840 3279 suae
885 3208 1236 3302 religionis,
1283 3233 1405 3284 nec
1452 3214 1712 3285 casibus
1772 3216 2104 3286 reservatis
2140 3213 2229 3286 ab
2268 3213 2593 3306 Episcopo

331 3317 542 3387 «loci.
566 3319 754 3390 Unde
776 3345 907 3394 non
944 3333 1215 3416 possunt
1259 3329 1559 3400 innodari
1586 3332 1903 3420 censuris,
1952 3351 2076 3401 nec
2120 3330 2205 3400 ab
2248 3329 2595 3421 Epiacum,

329 3450 366 3496 α
391 3447 512 3498 nec
531 3451 572 3499 a
619 3434 954 3524 superiore
993 3436 1366 3529 religionis3
1436 3441 1591 3530 quia
1654 3447 1809 3512 sunt
1854 3443 1925 3512 in
1990 3445 2159 3511 statu
2222 3435 2483 3526 neutro,
2522 3439 2597 3508 id

331 3565 368 3612 α
395 3551 490 3616 cst
533 3565 654 3617 nec
711 3567 860 3620 vere
921 3550 1164 3621 subditi
1209 3551 1542 3648 Episcopi,
1616 3578 1736 3626 nec
1800 3555 2151 3648 superioris
2222 3555 2597 3645 religionis;

333 3661 498 3730 «sed
535 3673 692 3733 sunt
730 3664 804 3732 in
859 3670 1023 3735 siaiu
1075 3668 1318 3756 medio,
1357 3691 1474 3762 per
1514 3670 2011 3761 abnegationem
2060 3675 2501 3741 extremorum
2532 3668 2603 3737 in

331 3801 367 3840 ι(
397 3775 660 3846 odiosis.
703 3801 740 3844 n

411 3889 698 3972 Qufflsrio
731 3891 838 3963 11¹.
863 3933 950 3948 —
980 3899 1036 3966 A
1069 3898 1474 3990 quibusnam
1502 3899 1762 3972 absolvi
1774 3902 2039 3995 possint
2066 3901 2361 3971 novitii?
2384 3937 2477 3952 --
2500 3897 2597 3966 Ex

325 4010 574 4080 traditis
605 4011 780 4102 apud
808 4011 1094 4083 Ferraris
1137 4015 1301 4107 (ioco
1327 4016 1543 4102 citato,
1594 4039 1664 4087 n.
1726 4018 1836 4108 14,
1895 4019 2003 4104 15,
2060 4017 2201 4109 16),
2244 4019 2307 4087 1⁰
2348 4011 2595 4084 absolvi

327 4133 598 4217 possunt
623 4149 662 4196 a
707 4129 1116 4200 confessariis
1157 4153 1278 4224 per
1321 4133 1664 4224 praelatum
1704 4135 2036 4226 religionis
2090 4132 2486 4226 approbeti53
2532 4133 2603 4197 et

326 4261 460 4311 non
489 4248 744 4313 tantum
771 4244 842 4314 hi
871 4247 1248 4318 confessarii
1306 4255 1575 4340 possunt
1600 4251 1875 4320 novitios
1896 4249 2231 4320 absolvere
2261 4271 2302 4319 a
2322 4245 2601 4341 peccatis

327 4357 520 4426 etiam
547 4357 618 4428 in
639 4359 956 4450 religione
984 4365 1350 4454 reservatis,
1377 4365 1489 4436 sed
1518 4367 1786 4457 insuper
1812 4364 1897 4436 ab
1924 4361 2605 4438 excommunicatione
