2834 4959
423 328 544 384 130
991 336 1328 384 TRACTATUS
1369 336 1450 382 m:
1494 335 1643 382 11:11ss
1690 335 2104 382 REGUIARIEM.

417 454 652 525 dientis
685 455 971 546 religiosi
1010 461 1234 542 status,
1268 459 1611 554 postquam
1659 454 2005 543 probatum
2046 459 2139 522 est
2166 457 2403 522 statum
2428 452 2617 523 hunc
2652 479 2689 524 a

417 570 671 640 Christo
698 571 836 662 ipso
861 570 1054 640 fuisse
1079 570 1473 638 institutum.
1515 569 1643 640 vix
1671 568 2055 659 intelligitur
2079 567 2280 637 simul
2306 573 2473 636 stare
2512 591 2689 660 posse

412 687 542 756 duo
593 683 732 756 haec
781 711 798 754 ε
847 684 1021 777 quod
1066 705 1300 775 nempe
1341 707 1385 758 a
1425 683 1683 754 Christo
1730 690 1929 754 status
1970 684 2309 776 religiosus
2357 683 2555 752 fuerit
2597 685 2689 754 in-

413 802 693 888 stitutus,
743 823 860 870 nec
893 807 1114 871 tamen
1159 801 1376 870 statim
1430 799 1716 889 religiosi
1752 800 2020 869 existere
2062 799 2398 890 coeperint.
2432 797 2687 868 Nihilo-

411 919 635 988 minus
690 916 932 987 factum
988 915 1410 986 institutionis
1473 915 1759 1005 religiosi
1822 920 2023 986 status
2088 913 2447 1006 percipitur
2494 923 2559 984 et
2604 923 2689 985 est

411 1056 634 1105 revera
659 1033 1040 1103 distinctum
1071 1055 1108 1101 a
1135 1032 1304 1102 facto
1335 1033 1691 1102 existentiae
1718 1031 2199 1122 religiosorum.
2250 1029 2420 1099 Cum
2452 1031 2691 1101 scilicet

411 1156 648 1220 statum
687 1150 876 1218 illum
919 1148 1270 1217 instituerit
1311 1147 1633 1234 Christus„
1681 1167 1814 1216 non
1840 1153 2157 1238 tanquam
2198 1145 2685 1236 obligatorium,

411 1267 522 1335 sed
563 1273 872 1355 tanquam
921 1263 1124 1332 libere
1156 1262 1549 1342 ineundum,
1591 1284 1668 1330 ex
1712 1261 1849 1330 solo
1906 1261 2329 1331 institutionis
2358 1261 2530 1331 lacto
2567 1285 2686 1332 non

411 1379 704 1471 sequitur
749 1378 1068 1468 extemplo
1113 1383 1398 1469 repertos
1440 1376 1639 1446 fuisse
1688 1377 2010 1462 homines,
2057 1378 2171 1467 qui
2220 1383 2465 1448 statum
2507 1377 2689 1448 illum

411 1494 970 1586 amplecterentur.
1018 1491 1204 1563 Unde
1234 1492 1633 1584 hypothesis,
1665 1491 1838 1584 quod
1866 1500 2011 1584 post
2036 1481 2283 1583 aliquot
2322 1514 2555 1580 annos,
2586 1503 2690 1566 aut

409 1609 607 1678 etiam
651 1613 793 1700 post
849 1629 1064 1677 unum
1118 1614 1232 1677 aut
1291 1610 1567 1676 alterum
1616 1607 1928 1676 duntaxat
1974 1607 2331 1694 saeculum,
2382 1612 2688 1701 coeperint

407 1722 693 1813 religiosi
723 1721 1016 1809 existere,
1069 1744 1201 1791 non
1233 1721 1609 1792 immediate
1656 1722 2009 1812 percipitur
2050 1722 2205 1792 falsa
2244 1745 2321 1793 ex
2366 1723 2491 1794 hoc
2526 1725 2680 1812 solo,

407 1837 583 1928 quod
619 1837 756 1929 ipse
799 1836 1093 1908 Christus
1138 1837 1463 1908 Dominus
1501 1837 1791 1928 religiosi
1838 1844 2037 1906 status
2088 1839 2415 1908 institutor
2464 1839 2678 1924 tuerit3

407 1955 516 2024 sed
569 1953 808 2024 falsitas
862 1955 1002 2024 baec
1065 1952 1326 2024 aliunde
1375 1954 1721 2046 repetenda
1772 1960 1889 2023 est.
1947 1951 2253 2023 Vicissim
2312 1975 2388 2024 ex
2436 1977 2517 2026 eo
2560 1956 2685 2025 solo

407 2069 580 2160 quod
633 2069 936 2139 historice
983 2068 1392 2159 probaretur,
1444 2068 1663 2137 nullos
1714 2073 1861 2138 ante
1908 2069 2220 2138 saeculum
2269 2070 2539 2140 tertium
2582 2093 2679 2140 ex-

407 2188 638 2254 stitisse
673 2185 1034 2273 religiosoS,
1073 2203 1205 2251 non
1235 2183 1607 2254 immediate
1637 2191 2009 2274 sequeretur
2042 2191 2279 2256 statum
2306 2187 2683 2278 religiosum

407 2317 538 2365 non
569 2296 765 2364 fuisse
808 2316 847 2364 a
889 2293 1143 2362 Christo
1186 2294 1581 2364 institutum.
1632 2295 1805 2366 Hinc
1851 2299 2081 2367 merito
2122 2300 2390 2391 ponitur
2422 2307 2687 2392 utraque

407 2409 548 2478 haec
579 2409 874 2500 quaestio,
906 2431 997 2477 an
1029 2419 1248 2478 status
1278 2406 1625 2500 reliqiosus
1647 2411 1861 2500 suerit
1886 2435 1931 2479 a
1962 2412 2223 2484 Christo
2250 2415 2393 2508 ipso
2426 2417 2691 2486 institu-

410 2537 543 2609 tus,
586 2531 649 2592 et
697 2545 826 2615 quo
857 2535 1148 2614 tempore
1187 2521 1491 2614 reliqiosi
1516 2524 1793 2594 existere
1831 2527 2169 2617 coeperint.
2202 2527 2296 2598 De
2324 2528 2540 2620 priori
2560 2535 2683 2622 jam

406 2638 729 2723 diximus3
760 2639 1381 2730 occurritque-nunc
1422 2641 1837 2731 expendenda
1860 2645 2195 2732 posterior.
2232 2645 2334 2712 Ad
2363 2645 2549 2717 hanc
2576 2669 2687 2716 au-

407 2762 539 2824 tem
574 2754 1041 2826 enucleandam
1065 2753 1391 2846 triplicem
1417 2755 1825 2826 instituimus
1858 2758 2343 2850 paragraphum
2378 2783 2395 2827 τ
2434 2760 2511 2827 1⁰
2540 2783 2691 2832 non-

407 2869 621 2939 nullas
669 2871 1125 2962 praemittimus
1173 2869 1429 2960 regulas
1477 2871 1559 2939 ad
1604 2871 2116 2962 dignoscendum
2157 2880 2384 2944 utrum
2430 2876 2685 2947 duobus

407 2992 520 3054 aut
561 2985 770 3056 tribus
808 2985 1139 3078 prioribus
1185 2983 1495 3056 Ecclesiae
1526 2986 1774 3056 saeculis
1819 2987 1957 3058 veri
1982 2991 2337 3060 exstiterint
2364 2991 2684 3085 religiosi3

407 3100 473 3167 2⁰
512 3103 702 3170 variis
749 3101 1147 3193 argumentis
1186 3100 1537 3191 probamus
1574 3101 1791 3172 statim
1829 3127 1867 3172 a
1904 3111 2195 3196 tempore
2224 3107 2683 3199 Apostolorum

408 3219 587 3286 veros
619 3223 680 3286 et
721 3217 980 3310 proprie
1021 3217 1224 3288 dictos
1265 3217 1601 3307 religiosos
1641 3220 1981 3305 exstitisse3
2024 3221 2092 3291 3⁰
2128 3223 2511 3312 nonnullae,
2544 3249 2685 3316 quae

406 3330 602 3420 objici
632 3342 909 3422 possent,
944 3336 1298 3426 praecipuas
1323 3333 1735 3406 difficultates
1770 3335 2109 3408 diluimus,

1476 3635 1616 3725 gl.

409 3837 783 3887 Proemittnnmr
815 3833 1000 3898 regulae
1043 3834 1108 3886 ad
1153 3835 1546 3901 dignoscendum
1586 3843 1763 3892 utrum
1806 3843 2077 3906 prioribus.
2108 3844 2340 3898 Eccleuae
2366 3848 2681 3914 temporibus

646 3954 650 3960 -
1128 3926 1412 3978 exstiterint
1432 3938 1589 3980 necne
1610 3931 1717 3980 vert
1736 3927 1970 3994 religiosi·

501 4138 749 4209 Rneuu
780 4143 858 4210 1¹.
901 4179 992 4194 —
1036 4145 1149 4212 Ex
1194 4163 1266 4212 eo
1309 4141 1489 4234 quod
1522 4145 1858 4236 prioribus
1894 4149 2199 4219 Ecclesiae
2242 4148 2501 4218 soeeulis
2548 4171 2685 4218 non

412 4257 778 4347 reperiatur
822 4280 978 4328 usus
1028 4279 1347 4352 expressae
1379 4260 1822 4350 professionis
1872 4262 2230 4356 reliqiosae,
2268 4287 2397 4358 per
2440 4263 2685 4355 triplex

415 4383 646 4440 votum
643 4375 1102 4464 paupertatis,
1121 4373 1454 4444 castitatis
1475 4386 1541 4444 et
1561 4375 1971 4466 obedientia»,
1990 4380 2272 4452 minime
2288 4381 2585 4474 sequitur
2613 4401 2684 4449 eo
