2834 4959
1089 333 1240 380 mns
1285 333 1547 392 omnm.
2322 333 2399 388 58
2412 334 2445 388 ’7

177 483 214 522 α
243 455 394 524 alias
439 452 850 544 intelligatur
893 451 1196 522 effectum
1239 475 1433 522 suum
1473 456 1711 544 sortiri,
1767 457 1897 527 nisi
1944 465 2160 528 secuta
2202 462 2449 548 profes-

175 597 216 637 «
244 570 444 640 sione.
491 594 526 635 >2
577 567 724 638 Non
765 570 947 638 enim
989 569 1280 658 sequitur
1321 570 1653 661 professio,
1696 570 1957 662 quando
1996 574 2142 663 quis
2180 573 2449 642 nulliter

169 687 507 778 profitetur
553 683 724 778 (vide
764 682 1366 774 Schmalzgrueber,
1427 686 1495 754 in
1548 687 1819 756 titulum
1864 685 1943 756 de
1970 687 2441 778 Reqularibus,

171 823 244 867 n.
283 799 459 888 113).

264 915 634 984 Pnovosmo
659 914 769 982 X2.
807 951 894 964 —-
925 917 1264 984 Com-uum
1285 916 1811 986 renuntiationes
1828 930 1893 986 et
1916 917 2307 986 donationes
2336 941 2449 988 no-

169 1031 346 1116 vitii,
387 1031 456 1117 si
473 1032 804 1100 moriatur
849 1043 1010 1100 ante
1030 1031 1528 1122 professionem.
1579 1073 1668 1086 -
1708 1034 1777 1104 ld
1822 1042 2061 1126 negant
2088 1057 2217 1104 non
2255 1037 2447 1126 pauci

167 1169 330 1216 cum
359 1145 657 1216 Suaroeio
701 1146 802 1238 (de
849 1145 1226 1234 Reliqione,
1266 1154 1315 1215 t.
1349 1146 1419 1227 3,
1453 1148 1501 1216 l.
1534 1147 1603 1233 5,
1645 1171 1701 1216 o.
1736 1150 1841 1234 16,
1878 1171 1947 1218 n.
1988 1149 2134 1241 11);
2168 1171 2241 1219 ea
2268 1150 2449 1220 ducti

167 1261 446 1346 ratione,
479 1261 654 1351 quod
696 1268 854 1331 tunc
879 1267 1076 1330 cesset
1095 1261 1244 1330 finis
1285 1262 1370 1330 ob
1416 1284 1616 1352 quem
1652 1261 2014 1334 Tridentini
2050 1264 2266 1336 Patres
2308 1265 2447 1334 illas

169 1380 552 1449 donationes
611 1378 826 1447 irritas
885 1377 1272 1457 voluerunt,
1339 1379 1731 1469 professione
1812 1401 1945 1450 non
2011 1390 2263 1467 secuta3
2336 1381 2451 1472 qui

167 1495 328 1562 finis
375 1493 499 1562 fuit
543 1499 618 1562 ut
664 1493 947 1562 novitius
997 1493 1256 1582 plenam
1291 1495 1592 1564 retineret
1638 1517 1673 1564 e
1720 1497 2035 1564 novitiatu
2074 1493 2449 1586 egrediendi

167 1609 561 1680 libertatem.
597 1609 723 1682 Sed
750 1615 1090 1702 opponunt
1128 1609 1240 1676 alii
1273 1610 1818 1680 universalitatem
1844 1610 2243 1680 Tridentinae
2272 1632 2459 1680 sanc-

169 1727 392 1814 tionis,
435 1749 574 1794 non
602 1725 779 1794 alias
813 1724 1246 1816 intelliqatur
1283 1725 1591 1815 effectum
1624 1749 1825 1796 suum
1867 1727 2125 1810 sortiri,
2168 1728 2301 1794 nisi
2354 1748 2457 1795 se-

169 1853 328 1910 cuta
370 1840 802 1932 professione.
857 1841 990 1910 Nec
1043 1840 1396 1908 censendus
1445 1846 1537 1908 est
1582 1841 1867 1908 novitius
1906 1842 2321 1909 donationem
2368 1843 2458 1910 fe·-

171 1956 366 2041 cisse,
415 1955 542 2022 nisi
569 1956 692 2023 sub
716 1955 1104 2039 conditione,
1148 1955 1211 2024 si
1241 1968 1557 2046 sequatur
1602 1954 1951 2046 professio.
1990 1955 2151 2036 Quae
2181 1959 2456 2023 rationes

171 2071 463 2162 potiores
503 2070 804 2140 videntur
827 2071 1014 2140 citato
1039 2071 1619 2160 Schmalzgrueber
1645 2071 1742 2160 (in
1772 2070 2035 2138 titulum
2066 2068 2145 2138 de
2166 2069 2459 2160 Περαία-

169 2185 388 2276 ribus,
421 2208 489 2254 n.
529 2186 706 2276 116).
751 2185 1045 2256 Decisam
1083 2187 1280 2256 fuisse
1309 2187 1739 2277 quaestionem
1762 2187 1845 2255 ad
1872 2206 2136 2255 sensum
2172 2185 2461 2275 proposi-

171 2301 375 2371 tionis
429 2313 684 2389 nostrae,
713 2324 782 2371 -a
819 2301 890 2374 S.
950 2301 1459 2394 Congregatione
1502 2301 1807 2382 Concilii‚
1864 2301 2057 2371 refert
2108 2300 2457 2390 Fagnanus

173 2418 278 2508 (in
307 2425 498 2509 caput
524 2418 935 2506 StatuimuS,
967 2416 1047 2487 de
1068 2417 1546 2510 &qumi-ibus,
1576 2439 1644 2486 n.
1681 2417 1819 2506 36).

267 2531 646 2602 Pnorosrno
683 2533 822 2602 Xr.
867 2573 956 2586 -
1000 2537 1228 2602 Potest
1266 2537 1581 2612 novitius,
1626 2557 1763 2602 non
1787 2533 2092 2603 obstante
2114 2533 2461 2604 renuntia-

175 2648 361 2717 tione
413 2671 488 2716 ac
522 2648 886 2718 donatione
931 2647 1058 2716 rite
1093 2649 1309 2736 facta,
1358 2647 1621 2728 testari,
1654 2657 1720 2712 et
1756 2647 1834 2712 de
1867 2647 2053 2714 bonis
2083 2650 2217 2715 suis
2247 2660 2461 2738 prout

171 2763 464 2832 voluerit
487 2787 688 2833 causa
712 2763 954 2832 mortis
973 2760 1317 2853 disponere
1325 2781 1355 2844 ;
1383 2771 1474 2839 et,
1506 2758 1565 2825 si
1590 2770 1743 2825 ante
1760 2759 2233 2848 professionem
2262 2759 2463 2826 intes-

177 2889 370 2948 tatus
403 2881 756 2964 moriatur,
781 2879 1126 2970 pertinent
1163 2875 1336 2944 bona
1363 2875 1505 2942 hoec
1556 2871 1650 2940 ad
1674 2872 1885 2963 ipsius
1918 2869 2203 2938 Izoeredes
2236 2870 2323 2937 ab
2356 2871 2465 2940 in-

177 3006 452 3064 testato,
499 3033 592 3046 -
625 2995 928 3086 Sequitur
971 3015 1046 3062 ex
1085 2992 1599 3085 praecedentibus
1638 2987 1803 3080 (vide
1848 2985 2457 3074 Schmalzgrueber,

173 3113 332 3182 loco
362 3111 576 3195 citato,
599 3133 668 3178 n.
705 3111 884 3200 117).

279 3223 653 3294 Pnorosmo
701 3224 875 3294 XlP.
921 3265 1012 3276 —
1057 3227 1214 3296 Non
1269 3235 1493 3292 tamen
1524 3231 1746 3312 potest
1775 3217 2340 3286 renuntiationem
2362 3216 2467 3286 vel

179 3340 616 3409 donationem
646 3339 777 3408 rite
797 3343 1058 3430 factam
1078 3361 1380 3408 revocare
1407 3349 1564 3406 ante
1582 3333 2085 3426 professionem,
2114 3332 2175 3400 si
2198 3331 2365 3400 velit
2390 3331 2463 3400 in

179 3456 511 3546 reliqione
527 3477 972 3549 perseverare.
1006 3495 1097 3506 —
1117 3453 1284 3524 Nam
1321 3455 1374 3522 si
1401 3476 1517 3543 pro
1542 3453 1732 3519 libitu
1761 3448 2083 3540 ejusmodi
2120 3449 2464 3517 revocatio-

183 3593 346 3642 nem
397 3574 602 3642 l'acere
647 3581 878 3664 posset,
941 3571 1260 3640 absonum
1303 3568 1427 3636 fuit
1475 3565 1721 3658 requiri
1778 3587 1817 3633 a
1871 3561 2253 3632 Tridentino
2312 3560 2467 3628 adeo

177 3708 418 3778 graves
455 3689 890 3758 solemnitates
935 3687 1293 3780 (licentiam
1346 3705 1577 3775 nempe
1617 3679 1942 3773 Episcopi)
1990 3678 2073 3747 ad
2120 3674 2463 3746 renuntia-

177 3807 436 3874 tionem
488 3805 868 3876 faciendam.
927 3806 1200 3895 Insuper
1252 3803 1487 3871 inutile
1537 3805 1671 3869 erat
1730 3795 2073 3890 prohibere
2134 3815 2215 3861 ne
2287 3792 2467 3860 fieret

177 3919 586 3990 renuntiatio
623 3927 732 3989 aut
763 3923 1021 3996 donatio
1059 3925 1206 3990 ante
1235 3919 1551 3987 ultimum
1578 3915 1927 3998 bimestre;
1958 3909 2281 4001 siquidem
2308 3907 2467 3974 facta

181 4040 388 4110 etiam
431 4033 646 4126 primo
693 4035 1038 4104 novitiatus
1079 4035 1208 4119 die,
1258 4055 1390 4102 non
1435 4033 1761 4100 minueret
1800 4023 2023 4096 novitii
2072 4023 2459 4105 libertatem,

178 4175 352 4226 cum
381 4151 451 4221 in
498 4149 727 4246 novitii
771 4151 1039 4220 arbitrio
1065 4157 1226 4220 esset
1252 4149 1432 4218 illam
1474 4144 1766 4236 quolibet
1804 4145 2131 4212 momento
2172 4155 2470 4208 revocare

184 4269 371 4366 (vide
395 4255 1000 4355 Schmalzgrueber,
1043 4266 1184 4336 loco
1203 4266 1345 4348 cit„
1377 4286 1447 4330 n.
1491 4259 1671 4350 120).

294 4380 902 4487 Pnorosi‘rio‘JXlIl‘.
943 4419 1024 4434 --
1065 4379 1174 4450 Ad
1202 4379 1497 4447 valorem
1524 4372 2043 4446 renuntiationis
2086 4382 2211 4442 aut
2260 4366 2468 4437 dona-
