2834 4959
304 355 430 414 556
864 359 1205 410 τΒΔοτΑτυε
1249 361 1329 408 ns
1371 361 1525 409 suas
1571 357 1991 408 assumtum.

305 514 340 554 α
377 493 506 554 tem
555 479 936 554 admittendi
963 481 1042 552 ad
1089 481 1497 572 religionem.
1542 479 1727 550 Unde
1780 499 1859 546 eo
1910 477 2049 568 ipso
2080 480 2252 570 quod
2288 479 2591 554 Pontifex

309 627 342 664 α
369 597 494 668 sibi
525 596 868 666 reservavit
901 595 1435 688 approbationem
1462 592 1827 684 religionis,
1888 597 2352 680 consequenter
2376 595 2583 664 etiam

311 737 345 776 α
373 709 544 778 hanc
611 711 986 800 potestatem
1081 705 1425 776 reservavit
1532 703 1639 772 vel
1716 701 1872 789 sibi,
1953 701 2057 768 vel
2122 702 2361 792 quibus
2432 725 2585 774 eam

305 849 344 890 α
367 827 504 914 ipse
529 819 916 893 concesserit
941 841 1116 890 :non
1143 819 1439 890 concedit
1458 823 1679 888 autem
1704 816 1785 886 de
1810 815 1977 886 facto
1994 817 2121 886 nisi
2156 817 2587 909 religionibus

307 959 400 1006 «a
426 959 493 1008 se
527 923 918 1029 approbatis,

402 1079 438 1118 ι(
461 1050 648 1132 Quod
695 1051 748 1118 si
779 1049 1038 1118 fortasse
1085 1047 1160 1116 in
1191 1045 1623 1140 particulari
1656 1043 2061 1114 institutione
2116 1046 2471 1136 aliquando
2496 1057 2601 1117 est

315 1193 349 1233 α
379 1167 450 1234 in
487 1163 832 1257 Episcopo,
859 1163 962 1232 vel
998 1165 1070 1232 in
1117 1163 1246 1231 alio
1285 1161 1492 1232 simili
1522 1159 1805 1250 praelato,
1834 1181 2091 1250 semper
2116 1168 2213 1228 est
2262 1161 2331 1228 in
2362 1161 2601 1250 ordine

318 1307 353 1345 ιι
382 1281 460 1352 ad
511 1281 895 1372 religionem
958 1278 1376 1370 approbatam
1432 1298 1471 1346 a
1530 1274 1867 1359 Pontifice‚
1926 1276 2178 1365 eritque
2224 1275 2603 1367 pectdioeis

321 1425 356 1462 ιι
380 1397 490 1465 ille
517 1395 868 1489 recipiendi
923 1395 1184 1482 moduS,
1235 1394 1442 1483 quiin
1488 1390 1773 1482 generali
1801 1391 2093 1459 doctrina
2122 1411 2253 1460 non
2290 1393 2605 1462 conside-

323 1539 358 1578 α
375 1517 577 1580 ratur.
609 1536 645 1576 ι»

399 1625 634 1692 Iisdem
677 1621 1037 1692 rationibus
1086 1621 1316 1713 probat
1353 1620 1800 1692 Tamburinus
1858 1620 2127 1690 liberam
2162 1619 2435 1688 novitios
2470 1641 2592 1688 re-

317 1738 598 1828 cipiendi
653 1743 1022 1830 potestatem
1069 1757 1266 1828 penes
1333 1735 1633 1806 ordinem
1682 1735 2041 1826 quemlibet
2086 1735 2163 1804 ab
2214 1733 2591 1824 Apostolica.

309 1853 456 1922 sede
483 1853 912 1946 approbatum
967 1853 1288 1923 residere:
1329 1879 1363 1916 α
1405 1853 1461 1920 Α
1469 1852 1789 1944 pprobare
1818 1851 1999 1920 enim
2048 1851 2453 1940 religionem,
2492 1857 2599 1920 ost

319 1991 354 2030 α
389 1967 738 2036 concedere
773 1966 996 2063 pmnia
1037 1985 1136 2052 ea,
1181 1985 1330 2056 quae
1381 1965 1460 2033 ad
1514 1963 1883 2047 utilitatem,
1936 1963 2489 2033 conservationem
2532 1971 2603 2032 et

319 2106 354 2146 α
384 2081 920 2169 gubernationem
985 2079 1316 2168 religionis
1385 2079 1769 2170 pertinent:
1848 2077 1977 2147 sed.
2036 2078 2430 2147 conservatio
2488 2098 2601 2147 re-

321 2219 356 2259 «
380 2193 644 2282 ligionis
671 2212 806 2258 non
837 2199 1038 2281 potest
1067 2193 1208 2260 fieri
1234 2189 1477 2282 absque
1524 2192 1887 2282 receptione
1934 2193 2328 2262 novitiorum
2354 2218 2375 2279 3
2404 2211 2595 2282 ergo.

323 2305 550 2374 «Alias
603 2305 1009 2374 frustratoria
1068 2313 1230 2376 esset
1287 2307 1709 2398 approbatio:
1764 2308 1899 2376 imo
1954 2309 2023 2376 in
2084 2307 2225 2400 ipsa
2274 2307 2605 2399 approba·

322 2423 560 2489 «tione
623 2421 958 2512 religionis
1025 2423 1375 2491 intrinsece
1442 2421 1582 2492 haec
1638 2427 1915 2514 potestas
1978 2423 2315 2492 confertur
2368 2429 2435 2492 et
2490 2427 2603 2492 in—

317 2563 354 2602 «
381 2535 688 2604 cluditur.
730 2561 766 2601 ι
813 2535 1302 2628 (Tamburinus,
1331 2535 1412 2605 de
1444 2538 1605 2606 lure
1647 2537 1995 2622 abbatum,
2034 2544 2193 2608 tom.
2226 2538 2297 2625 3,
2324 2537 2490 2630 disp.
2526 2539 2601 2627 6,

310 2653 584 2742 quaesito
613 2653 676 2737 1,
709 2675 780 2722 n.
809 2651 904 2742 4.)
1756 2633 1767 2642 ⁶

399 2765 526 2836 Pro
547 2769 639 2838 rei
691 2767 1021 2858 gravitate,
1067 2766 1351 2838 Suaresii
1375 2767 1789 2838 ratiocinium
1835 2766 2151 2859 tantisper
2196 2768 2602 2848 evolvamus,

313 2889 386 2950 ut
405 2884 568 2952 bene
591 2883 910 2973 intelligat
945 2883 1168 2968 lector,
1197 2883 1557 2972 rigorosam
1592 2903 1728 2953 esse
1772 2881 1979 2973 ipsius
2010 2883 2538 2966 conclusionem,
2568 2905 2605 2952 a

313 2998 682 3066 doctoribus
705 2997 1099 3088 caeteroquin
1149 2997 1588 3069 communiter
1625 3005 1981 3088 receptam.
2028 3000 2134 3066 Eo
2162 2997 2339 3090 ipso,
2384 2999 2605 3086 inquit

315 3109 685 3199 Suaresius,
705 3109 890 3204 quod
895 3112 1292 3204 Pontiseoesi
1297 3112 1366 3182 bi
1373 3113 2303 3204 reservavitppprobationem
2326 3112 2607 3204 reliqio·

313 3225 444 3311 πίε,
505 3239 962 3319 consequenter
1024 3228 1234 3296 etiam
1305 3227 1483 3298 hanc
1532 3239 1944 3320 potestatem
2006 3229 2268 3321 (nempe
2318 3228 2599 3296 novitios

316 3339 716 3430 admittendi)
739 3342 1093 3412 reservavit
1114 3341 1264 3428 sibi,
1301 3342 1411 3410 vel
1448 3341 1694 3434 quibus
1724 3343 2033 3433 cumipse
2060 3339 2457 3410 concesserit.
2485 3339 2597 3430 ld,

317 3455 614 3546 inquam,
645 3457 917 3526 omnino
957 3459 1328 3548 rigorosum
1363 3463 1459 3526 est
1488 3483 1507 3544 ;
1556 3477 1710 3524 nam
1750 3456 1875 3526 sibi
1928 3477 2253 3526 reservare
2280 3453 2609 3547 approba-

315 3573 560 3640 tionem
615 3572 887 3664 alicujus
929 3571 1218 3661 religiosi
1244 3571 1523 3656 ordinis,
1574 3577 1671 3640 est
1721 3571 1851 3640 sibi
1906 3591 2229 3642 reservare
2268 3571 2605 3663 approba—

317 3688 562 3758 tionem
592 3689 890 3758 0mnium
941 3688 1104 3756 huic
1162 3687 1377 3756 ordini
1428 3687 1871 3756 essentialium
1912 3712 1931 3754 ε
1964 3686 2076 3756 sed
2118 3685 2403 3754 novitios
2438 3686 2609 3754 mci-

319 3823 470 3892 pere
493 3810 587 3872 est
605 3805 681 3872 de
690 3801 1138 3874 essentialibus
1153 3801 1731 3892 cuilibetreligioso
1746 3800 1965 3874 ordini
1994 3825 2011 3870 τ
2042 3823 2195 3892 ergo
2211 3798 2607 3872 reservando

255 4003 270 4016 ⁸
317 3918 438 3988 sibi
500 3917 1030 4011 approbationem
1128 3917 1398 4003 ordinis,
1470 3918 1597 3986 hoc
1654 3919 1795 4008 ipso
1870 3915 2157 3987 Pontifex
2248 3914 2605 3988 reservavit

319 4033 442 4102 sibi
499 4035 978 4126 approbandam
1029 4040 1427 4128 potestatem,
1450 4032 1731 4105 novitios
1803 4032 2187 4126 recipiendi.
2242 4031 2417 4120 Ergo
2466 4049 2601 4118 po-

174 4227 184 4238 ,
319 4155 608 4219 testatem
707 4153 874 4222 banc
959 4153 1132 4222 cirea
1199 4151 1597 4220 novitiorum
1690 4148 2155 4220 admissionem
2230 4148 2339 4218 ille
2414 4142 2606 4213 solus

319 4262 616 4352 habebit,
675 4266 782 4334 cui
854 4264 1142 4336 Pontifex
1201 4263 1571 4334 contulerit.
1638 4261 1789 4332 Jam
1858 4283 2013 4332 vero
2068 4261 2251 4338 illam
2306 4257 2611 4330 Pontifex

321 4395 456 4444 non
511 4381 807 4450 concedit
853 4367 1241 4468 Ordinariis,
1294 4375 1617 4467 siquidem
1666 4377 1737 4445 in
1776 4378 2227 4468 religiosorum
2269 4375 2611 4446 instituto-
