2834 4959
1071 414 1221 461 PARS
1268 413 1536 461 SECUNDA
1546 447 1559 461 .
2333 414 2367 467 3
2377 415 2408 465 O
2417 415 2452 471 9

162 536 478 605 vantiam.
528 532 711 603 Alias
746 534 926 603 enim
973 534 1207 603 erectio
1252 533 1413 603 foret
1453 535 1530 602 de
1563 556 1628 603 se
1665 556 1937 626 pravum
1981 538 2141 628 quid
2179 546 2240 607 et
2276 543 2458 611 noci-

162 672 347 719 vum.

246 768 359 835 An
413 786 595 854 vero,
655 768 885 855 praeter
926 764 1052 832 tria
1116 762 1254 851 illa,
1304 764 1726 854 requirantur
1783 766 1863 835 de
1909 768 2060 857 J'ure
2111 769 2463 839 universali

161 886 361 952 etiam
398 881 554 965 alia,
588 880 659 948 in
708 878 1031 967 erigendis
1072 879 1368 947 virorum
1406 879 1832 949 conventibus
1877 884 2146 973 sancita,
2196 906 2458 977 nempe,

164 996 607 1066 duodenarius
653 1015 999 1080 numerum
1033 991 1374 1063 Pontificia
1419 994 1707 1079 licentia,
1745 1001 1811 1065 et
1845 998 2456 1088 circumjacentium

166 1120 611 1183 conventuum
676 1111 1105 1192 interventus,
1165 1110 1329 1177 mihi
1382 1110 1571 1200 plene
1631 1132 1763 1180 non
1821 1118 2086 1182 constat.
2151 1112 2340 1183 Unde
2395 1115 2458 1183 id

168 1226 546 1310 canonistis„
602 1225 720 1314 qui
775 1222 1143 1293 uberiorem
1214 1223 1375 1293 sorte
1429 1248 1560 1315 prae
1609 1226 1910 1296 manibus
1963 1228 2202 1297 habent
2259 1230 2459 1299 docu-

174 1347 545 1409 mentorum
572 1337 858 1430 copiam,
884 1337 1461 1408 determinandum
1491 1340 1812 1431 relinquo.

370 1590 407 1642 *
1092 1585 1373 1659 CAPUT
1397 1588 1544 1657 VII.

177 1790 257 1833 An
326 1790 658 1843 nnomsrrA
718 1790 799 1835 An
860 1788 1009 1837 nov1
1062 1789 1417 1837 comen-ros
1477 1792 1864 1840 ssnncuonmr
1933 1795 2194 1841 rami-En
2243 1797 2453 1851 unom-

250 1888 521 1947 umm,
576 1886 829 1941 onanno
882 1888 951 1934 ΙΝ
996 1886 1221 1941 Αυουο
1268 1887 1417 1934 Loco
1471 1890 1820 1937 ancorarius
1871 1892 2129 1937 muscum
2193 1894 2446 1939 naasso-

270 1984 443 2036 nmrr
481 1985 591 2031 eon
606 1986 855 2033 venum
887 1970 1264 2051 (nnmsslvn)
1295 1970 1327 2031 ?

260 2170 482 2252 Quoad
524 2194 749 2243 casum
803 2178 1165 2243 conventus
1204 2183 1570 2263 spontanee
1614 2172 1897 2244 derelicti
1933 2181 1997 2242 et
2035 2180 2250 2265 postea
2285 2198 2456 2245 reas-

181 2287 443 2377 sumpti,
488 2286 583 2355 sie
622 2286 873 2377 reperio
922 2286 1301 2354 adnotatum
1339 2309 1378 2355 a
1419 2285 1774 2357 Monacello
1817 2288 2339 2379 (Formularium
2365 2288 2456 2359 le·
2501 2306 2504 2311 ·

182 2400 343 2488 yolo,
380 2408 559 2491 parte
592 2401 655 2485 1,
691 2401 788 2468 tit.
839 2400 907 2489 6,
942 2400 1217 2470 formula
1253 2401 1360 2489 19,
1390 2402 1613 2473 adnot.
1658 2401 1806 2496 13):
1865 2430 1900 2472 «
1939 2402 2264 2473 Servanda
2300 2412 2457 2474 sunt

190 2539 221 2576 (ι
246 2512 523 2602 (decreta
570 2513 937 2605 Apostolica
984 2534 1179 2606 super
1232 2516 1551 2585 erectione
1606 2538 1925 2589 novorum
1987 2517 2452 2611 conventuum)

191 2652 223 2691 α
252 2628 327 2696 ab
368 2628 497 2698 illis
540 2627 971 2718 regularibus,
1013 2632 1130 2720 qui
1176 2629 1451 2698 redeunt
1495 2631 1575 2698 ad
1619 2634 2027 2718 monasteria,
2071 2656 2216 2725 quae
2265 2638 2453 2703 antea

194 2767 226 2807 α
251 2744 754 2836 dereliquerant3
803 2750 879 2813 ut
918 2743 1248 2835 respondit
1289 2741 1480 2813 Sacra
1520 2744 1944 2833 Congregatio
1987 2746 2450 2839 Episcoporum

193 2880 225 2921 (ι
250 2866 307 2928 et
350 2860 749 2949 regularium
783 2858 1290 2950 Archiepiscopo
1320 2856 1694 2939 Turritano,
1735 2858 1816 2925 17
1847 2860 2218 2927 novembris
2250 2860 2449 2949 1617,

195 3000 221 3036 α
248 2976 347 3045 his
364 2977 575 3045 verbis
598 3000 613 3041 ε
636 2977 800 3044 Cum
812 2974 1357 3066 Archiepiscopus
1384 2971 1791 3041 Turritanus
1807 2974 2084 3041 Sacram
2102 2974 2274 3043 hanc
2285 2977 2452 3044 Con-

196 3114 225 3153 α
246 3092 701 3182 qreqationem
743 3089 1195 3177 consuluisset,
1229 3113 1323 3166 an
1363 3090 1434 3159 in
1473 3087 1995 3181 reassumptione
2014 3102 2452 3159 conventuum

196 3230 225 3267 α
254 3208 562 3275 Fratrum
590 3206 931 3275 Minor-um
980 3204 1061 3274 de
1090 3204 1533 3277 Observamia
1582 3228 1719 3273 suae
1755 3202 2068 3287 dioecesi-³,
2125 3224 2284 3295 quos
2329 3205 2457 3295 ipsi

201 3344 231 3385 α
249 3322 647 3415 jampridem
664 3322 1109 3411 deseruerant,
1134 3320 1534 3393 servandum
1550 3323 1641 3391 sit
1660 3319 1992 3391 decretum
2004 3320 2222 3412 felicis
2239 3343 2454 3390 recor-

204 3460 235 3499 α
260 3434 539 3507 dationis
594 3438 940 3508 Clementis
978 3441 1185 3530 Papoe
1221 3440 1405 3523 VIII,
1433 3460 1632 3529 super
1657 3457 1984 3505 novorum
2012 3450 2454 3509 conventuum

200 3578 230 3617 (t
254 3558 562 3625 erectione
591 3556 870 3644 editum,
919 3556 1369 3625 illustrissimi
1394 3554 1682 3647 ejusdem
1740 3555 2284 3646 Conqreqationis
2315 3558 2448 3624 Pa·-

198 3698 227 3738 (ε
258 3688 407 3763 tres,
439 3677 515 3746 id
536 3677 811 3747 omnino
832 3675 1239 3765 servandum,
1260 3697 1387 3746 esse
1409 3686 1820 3745 censuerunt.
1843 3700 1878 3741 n
1922 3673 2104 3743 Ratio
2125 3695 2255 3741 esse
2280 3672 2454 3741 vide-

190 3793 311 3871 tur,
330 3794 503 3882 quod
523 3800 870 3885 spontanee
889 3799 1279 3862 conventum
1297 3790 1414 3859 reli
1423 3796 1758 3881 nquenteS,
1779 3790 1940 3861 hoc
1923 3810 2062 3882 ipso
2083 3788 2455 3857 renuntiare

192 3909 478 3977 censendi
494 3908 657 3977 smt
632 3931 769 3998 Jur1
791 3908 1101 3998 acquisito
1121 3907 1365 3978 ibidem
1379 3906 1884 3976 conventualiter
1899 3904 2230 3977 existendi.
2258 3902 2458 3973 Fiunt

189 4036 329 4110 ergo
358 4020 650 4114 ejusdem
700 4022 1109 4109 conditionis,
1141 4045 1216 4092 ac
1244 4025 1299 4092 si
1346 4044 1685 4113 nunquam
1711 4020 1820 4111 jus
1855 4021 2018 4089 illud
2046 3984 2476 4087 habuissent.

265 4142 381 4209 Ast
405 4140 592 4209 aliter
620 4162 686 4209 se
716 4162 818 4209 res
845 4139 1037 4208 habet
1062 4138 1345 4229 quando,
1377 4160 1511 4209 nou
1538 4148 1924 4229 spontanee,
1951 4133 2060 4205 sed
2083 4156 2165 4203 ex
2195 4133 2458 4203 violen-

193 4254 277 4321 tia
324 4266 717 4329 conventum
771 4281 968 4329 suum
1012 4261 1301 4331 deserere
1342 4268 1708 4347 coguntur3
1759 4261 1948 4345 prout
1994 4254 2244 4324 dicetur
2289 4252 2456 4321 infra

194 4368 379 4459 (parte
415 4374 485 4463 3,
516 4380 669 4447 sect.
706 4375 799 4466 2).
