2834 4959
389 313 468 370 96
958 315 1298 364 ΤΒΑΕΤΔΤΠΒ
1339 315 1419 361 DE
1464 313 1615 362 :mm
1664 313 2079 362 mammon.

387 451 534 512 tuor
589 441 767 509 modi
811 437 1228 529 paupertatis,
1247 458 1412 529 quos
1440 437 1533 506 sic
1564 434 1867 506 describit
1898 433 2281 504 Suaresius:
2332 458 2367 498 ιι
2390 436 2621 506 Primus

401 585 434 626 α
462 557 694 628 modus
731 578 840 624 seu
883 553 1118 645 gradus
1155 559 1248 622 est
1277 555 1449 643 ejuS,
1488 552 1603 643 qui
1632 571 1753 622 nec
1786 550 1988 644 licite,
2018 571 2141 620 nec
2176 549 2379 620 valide
2413 551 2619 624 habere

399 700 436 740 «
473 679 674 765 potest
709 671 1081 742 dominium
1131 670 1408 759 alicujus
1449 669 1568 754 rei,
1630 689 1838 759 neque
1876 667 1989 736 illa
2041 671 2349 758 tanquam
2396 669 2621 760 propria

399 815 433 856 ι(
461 789 609 868 uti;
669 808 866 878 quem
913 787 1190 876 gradum
1245 783 1637 877 paupertatis
1690 804 1866 852 nunc
1930 788 2188 852 servant
2232 802 2473 865 omnes,
2528 785 2621 873 qui

401 927 436 968 α
463 905 766 972 emittunt
794 909 1016 970 votum
1071 900 1360 970 solemne
1407 899 1827 991 paupertatis.
1884 895 2222 968 Secundus
2262 899 2489 987 gradus
2526 898 2624 965 erit

403 1019 628 1110 «ejus,
673 1021 951 1108 quinon
981 1015 1180 1108 possit
1212 1016 1388 1085 licite
1432 1013 1673 1084 habere
1724 1014 2071 1106 proprium
2121 1011 2481 1082 dominium
2526 1011 2622 1079 ali·
2749 1083 2750 1094 χ

405 1161 438 1198 α
466 1135 657 1224 cujus
679 1134 811 1216 rei3
857 1153 1068 1222 neque
1113 1131 1309 1200 etiam
1352 1130 1488 1198 ulla
1524 1151 1596 1200 re
1635 1135 1947 1218 tanquam
1984 1127 2242 1220 propria
2271 1129 2389 1210 uti,
2419 1147 2621 1217 quam·-
2748 1135 2750 1226 ᾗ

396 1274 438 1316 α
464 1249 561 1318 vis
607 1270 736 1317 non
779 1249 861 1316 sit
905 1250 1176 1340 incapax
1213 1246 1512 1332 dominii,
1565 1245 1779 1336 qualis
1810 1251 1972 1316 esset
2001 1252 2342 1338 paupertas
2386 1267 2492 1336 per
2534 1265 2621 1312 vo·
2748 1241 2750 1256 '

405 1389 438 1428 α
466 1369 606 1431 tum
657 1363 928 1432 omnino
993 1351 1366 1430 absolutum
1428 1368 1490 1428 et
1550 1360 1879 1450 integrum
1956 1360 2365 1452 paupertatis,
2414 1362 2467 1428 si
2520 1382 2623 1428 non

405 1503 440 1544 α
473 1485 636 1548 esset
663 1499 776 1569 per
804 1475 1152 1546 Ecclesiam
1195 1476 1716 1560 solemnizatum,
1743 1485 1816 1545 ut
1844 1483 2091 1546 constat
2120 1499 2199 1545 ex
2238 1475 2423 1546 dictis
2468 1499 2627 1567 supra

409 1619 442 1658 α
468 1594 550 1663 de
577 1601 720 1661 voto
747 1593 1030 1684 simplici
1073 1592 1484 1684 paupertatis.
1536 1591 1793 1660 Tertius
1824 1592 2062 1681 gradus
2098 1599 2217 1673 est,
2246 1592 2302 1662 si
2336 1591 2496 1682 quie,
2528 1611 2626 1658 nec

411 1733 444 1774 α
470 1707 554 1777 sit
610 1709 878 1799 incapax
929 1707 1236 1796 dominii,
1279 1728 1398 1775 nec
1442 1727 1519 1776 ex
1570 1713 1717 1777 voto
1769 1712 2064 1776 teneatur
2109 1707 2325 1776 statim
2376 1707 2479 1775 illo
2526 1707 2628 1796 pri-

407 1849 442 1889 α
477 1823 637 1910 vari,
669 1821 780 1891 sed
826 1823 1038 1890 solum
1096 1821 1276 1890 nulla
1313 1844 1383 1890 re
1423 1828 1497 1890 ut
1525 1823 1785 1912 propria
1814 1823 1932 1892 uti.
1967 1822 2095 1904 Qui
2124 1825 2362 1912 gradus
2388 1841 2627 1914 pauper-

409 1963 444 2004 α
471 1939 617 2007 tatis
661 1937 993 2006 invenitur
1033 1939 1105 2006 in
1157 1937 1471 2027 religiosis
1520 1937 1929 2008 scholaribus
1963 1938 2329 2028 approbatis
2362 1935 2631 2006 societatis
2752 1945 2754 1978 ³

411 2079 444 2118 α
471 2053 645 2124 Jesu.
685 2056 980 2137 Quartus
1025 2053 1262 2141 gradus
1315 2053 1461 2132 erit,
1494 2054 1549 2120 si
1588 2054 1733 2142 quis
1778 2075 1853 2122 ex
1896 2062 2041 2124 voto
2072 2037 2209 2125 non
2246 2053 2548 2142 obligatur
2566 2045 2630 2116 ad

411 2194 444 2232 α
471 2169 822 2236 carentiam
853 2167 1156 2254 dominii,
1189 2168 1289 2234 vel
1315 2167 1533 2235 omnis
1562 2189 1718 2238 usus
1760 2169 1853 2238 rei
1880 2175 1951 2240 ut
1976 2169 2293 2260 propriae3
2326 2168 2429 2238 sed
2456 2166 2629 2236 solum
2754 2245 2756 2276 Ι

409 2309 446 2350 α
475 2283 554 2350 ad
597 2303 730 2351 non
781 2281 1156 2350 habendum
1207 2303 1327 2350 nec
1379 2284 1805 2372 quaerendum
1847 2287 2230 2377 temporalia
2284 2287 2447 2356 bona
2496 2282 2631 2353 ultra
2754 2281 2756 2288 ’

414 2424 449 2464 α
476 2403 718 2468 certam
747 2418 1120 2466 mensuram
1157 2396 1589 2467 sufficientem
1620 2399 1700 2468 ad
1734 2402 2260 2472 sustentationem
2292 2403 2459 2485 vitae‚
2487 2401 2632 2489 juxta

412 2537 448 2580 α
475 2514 758 2603 aliquem
795 2513 1139 2581 honestum
1187 2513 1292 2582 vel
1340 2513 1701 2603 perfectum
1752 2515 1951 2584 finem
1996 2516 2127 2586 sibi
2175 2519 2628 2610 praescriptum:

414 2655 448 2693 α
483 2630 608 2698 hoc
637 2628 818 2696 enim
856 2634 1077 2697 votum
1123 2635 1186 2698 et
1235 2630 1580 2700 honestum
1605 2639 1669 2700 et
1694 2633 1993 2721 possibile
2020 2655 2183 2715 esse,
2216 2656 2331 2722 per
2354 2653 2419 2702 se
2444 2637 2631 2700 notum

415 2769 450 2808 α
474 2744 746 2812 videtur.
785 2769 820 2808 ν
858 2743 978 2834 (De
999 2745 1360 2836 Reliqione,
1393 2753 1663 2815 tractatu
1696 2750 1761 2833 7,
1786 2748 1831 2816 l.
1867 2747 1935 2836 8,
1966 2769 2025 2816 c.
2058 2749 2127 2833 6,
2162 2772 2230 2818 n.
2261 2749 2360 2839 7.)

492 2857 866 2930 ΡΒοΡοεη-ιο
895 2859 998 2929 ΙΙ·.
1031 2899 1120 2912 --
1161 2863 1270 2930 An
1296 2875 1576 2952 quartus
1624 2862 1818 2931 modo
1859 2863 2229 2956 descriptus
2244 2847 2632 2956 paupertatis

405 2975 654 3066 qradus
681 2975 778 3044 ad
802 2987 1018 3045 status
1059 2977 1356 3068 reliqiosi
1381 2979 1715 3048 rationem
1756 2979 2069 3071 sufficiat,
2114 2977 2511 3050 controverti
2530 2995 2635 3068 po-

408 3102 553 3160 test.
587 3129 676 3142 —
701 3091 984 3182 Agimus
1014 3113 1247 3184 nempe
1275 3093 1355 3162 de
1385 3113 1465 3162 eo
1492 3097 1606 3185 qui
1648 3117 1687 3164 a
1720 3117 1785 3164 se
1814 3117 1948 3166 non
1977 3095 2307 3168 abdicaret
2332 3115 2515 3166 omne
2540 3091 2635 3157 bo-

409 3227 649 3273 norum
659 3227 930 3276 suorum
945 3205 1343 3294 dominium,
1363 3229 1483 3278 nec
1496 3230 1693 3280 omne
1710 3212 1823 3300 jus
1848 3211 1939 3280 eis
1964 3210 2187 3280 utendi
2208 3219 2507 3303 tanquam
2523 3223 2637 3295 pro·

413 3319 612 3410 priis;
653 3321 759 3390 sed
788 3328 1044 3391 voveret
1067 3320 1398 3409 duntaxat,
1431 3325 1532 3392 vel
1569 3325 1947 3395 dominium
1986 3325 2151 3395 illud
2190 3334 2253 3395 et
2295 3329 2403 3418 Jus
2452 3317 2635 3392 utendi

411 3435 796 3523 restringere
849 3437 929 3504 ad
972 3436 1294 3506 modicam
1333 3437 1619 3528 aliquam
1669 3442 2117 3530 quantitatem,
2151 3433 2251 3510 vel
2286 3443 2353 3509 in
2390 3437 2637 3530 proprios

407 3569 565 3618 usus
609 3555 974 3619 convertere
1031 3551 1439 3623 solummodo
1476 3575 1683 3646 pauca
1723 3556 2019 3645 quaedam
2066 3555 2509 3638 determinata,
2542 3567 2639 3617 οω-

407 3671 574 3734 teros
640 3673 855 3734 autem
905 3664 1150 3734 reditus
1201 3667 1271 3735 in
1322 3670 1430 3760 pia
1484 3691 1678 3760 opera
1727 3693 2012 3762 erogare.
2070 3671 2152 3741 Et
2201 3671 2526 3763 quaeritur,
2576 3683 2639 3729 ³¹¹

411 3801 558 3848 vere
582 3779 870 3870 religiosi
897 3781 1205 3851 censendi
1240 3783 1475 3873 forent,
1518 3787 1631 3876 qui
1661 3785 1786 3856 hoc
1816 3789 2009 3859 modo
2036 3795 2477 3880 paupertatem
2520 3795 2639 3848 cum

415 3897 694 3964 castitate
745 3905 808 3966 et
859 3897 1224 3967 obedientia
1269 3909 1594 3970 voverent.
1646 3901 1847 3972 Porro
1905 3905 1973 3972 in
2030 3913 2373 3993 utramque
2429 3903 2638 3992 partem

417 4005 629 4076 afferri
654 4011 858 4080 solent
881 4033 918 4079 a
953 4010 1324 4081 doctoribus
1350 4015 1630 4083 rationes
1660 4037 1792 4086 non
1818 4017 2219 4108 spernendae.

505 4127 578 4196 1.-
613 4129 920 4226 Rationes
960 4129 1370 4223 affirmandi.
1401 4171 1493 4185 —-
1517 4134 1661 4203 Non
1712 4137 2066 4226 requiritur
2104 4137 2184 4206 ad
2236 4142 2467 4204 statum
2522 4124 2643 4196 reli-

417 4245 676 4332 giosum
739 4255 1097 4336 pauperta5‚
1163 4248 1292 4316 nisi
1347 4257 1419 4316 ut
1473 4260 1926 4320 removeantur
1982 4251 2310 4321 obstacula
2361 4243 2643 4339 quaedam,

411 4380 558 4448 quae
641 4360 1046 4450 perfectionis
1151 4365 1671 4454 prosecutionem
1788 4368 2205 4458 impedirent.
2308 4353 2647 4436 Sollicitudo
