2834 4959
397 314 422 365 1
441 312 478 369 6
973 318 1312 369 munros
1357 320 1437 367 na
1478 320 1631 367 man
1672 285 2087 367 aacnmmm.

396 438 644 529 aliquis
685 440 1140 529 perfectorum
1189 450 1431 507 status.
1474 476 1565 491 -
1587 436 1810 520 Quoad
1876 446 2257 527 regnantem
2330 438 2673 511 Ecclesiam

395 553 580 623 nulla
599 554 844 621 moveri
867 558 1070 643 potest
1093 552 1440 621 difficultas
1470 577 1487 619 z
1514 574 1666 619 nam
1690 552 1881 636 beati,
1899 550 2015 641 qui
2024 554 2165 639 jam
2188 550 2321 622 Deo
2344 554 2668 643 fruuntur,

395 669 456 737 ei
483 668 628 737 totis
655 668 905 738 viribus
953 667 1312 746 adhaerent,
1343 676 1629 757 suntque
1692 673 1759 735 in
1808 689 1883 736 ea
1936 667 2217 760 perfecta
2262 668 2672 759 dispositione

397 783 494 877 (in
537 804 670 873 qua
722 783 1004 850 diximus
1059 781 1404 851 consistere
1462 782 1947 873 perfectionem)
2013 782 2195 851 facile
2241 790 2305 851 et
2356 785 2673 857 ordinarie

397 899 632 986 agendi
683 900 870 986 juxta
923 897 1040 965 Dei
1093 904 1412 988 praecepta
1484 906 1567 975 et,
1616 898 1929 977 consilia3
1990 896 2313 987 siquidem
2374 901 2513 989 jam
2568 922 2673 969 ne-

397 1022 649 1105 queunt
671 1014 1034 1104 quidquam
1054 1013 1244 1093 velle,
1295 1012 1425 1081 nisi
1473 1013 1647 1101 quod
1704 1012 1835 1081 Deo
1882 1012 2150 1103 placeat.
2204 1012 2278 1080 ln
2352 1033 2483 1103 qua
2536 1038 2673 1106 per-

401 1130 564 1199 fecta
595 1128 906 1197 charitate
945 1128 1100 1197 adeo
1152 1128 1408 1197 stabiles
1462 1134 1640 1212 sunt,
1674 1136 1751 1195 ut
1804 1149 2139 1219 nunquam
2183 1131 2426 1218 possint
2470 1130 2551 1201 ab
2602 1152 2670 1200 ea

403 1245 504 1313 vel
527 1244 881 1313 minimum
928 1243 1291 1327 deflectere,
1342 1244 1587 1313 ntideo
1614 1264 1843 1313 eorum
1896 1246 2181 1312 conditio
2234 1266 2432 1334 quam
2480 1251 2669 1315 maxi·

402 1382 508 1429 me
555 1358 822 1429 dicenda
877 1359 962 1427 sit
1021 1358 1450 1449 perfectorum
1504 1382 1617 1429 seu
1684 1361 2093 1451 perfectionis
2145 1363 2285 1451 jam
2352 1364 2670 1452 acquisitae

399 1482 622 1545 status,

489 1590 614 1660 Sed
641 1600 704 1657 et
737 1590 806 1658 in
841 1588 1134 1657 Ecclesia
1169 1589 1477 1657 militanti
1516 1590 1842 1675 possibilis
1888 1594 2255 1681 concipitur
2308 1600 2530 1679 statuS,
2562 1597 2669 1684 qui

399 1728 550 1775 vero
621 1706 838 1796 aliquo
905 1726 1098 1773 sensu
1164 1706 1597 1795 perfectorum
1666 1705 1874 1774 vocari
1940 1708 2158 1797 possit.
2228 1706 2447 1776 Potuit
2496 1711 2667 1777 enim

397 1821 693 1891 Christus
721 1824 1060 1888 instituere
1077 1819 1363 1911 aliquem
1391 1819 1744 1890 hominum
1776 1820 2101 1905 ordinem,
2132 1823 2417 1891 adhunc
2444 1824 2659 1905 finem,

400 1942 474 2003 ut
491 1936 734 2005 caeleris
755 1956 870 2025 per
894 1935 1224 2025 acquisitae
1241 1937 1378 2025 jam
1405 1934 1815 2023 perfectionis
1838 1934 2213 2005 exercitium
2242 1937 2667 2028 praeluceant3

399 2046 726 2136 simulque
782 2046 1108 2135 possibilis
1157 2044 1525 2136 concipitur
1568 2046 1702 2115 sive
1748 2048 1997 2126 divina,
2054 2048 2193 2117 sive
2248 2049 2669 2118 ecelesiastica

401 2162 524 2248 lex,
591 2182 718 2249 qua
773 2161 1142 2229 institutum
1188 2159 1353 2228 illud
1409 2161 1605 2228 semel
1662 2163 1969 2251 ingressi,
2016 2163 2087 2229 in
2157 2184 2233 2231 eo
2298 2186 2673 2252 permanere

398 2279 761 2342 teneantur.
791 2273 990 2343 Porro
1021 2276 1364 2343 hominum
1393 2276 1657 2345 illorum
1688 2274 1975 2345 conditio
1994 2289 2214 2346 status
2230 2280 2669 2369 perfectorum

397 2410 506 2456 seu
567 2392 980 2479 perfectionis
1021 2396 1157 2479 jam
1213 2394 1548 2481 acquisitae
1600 2400 1665 2459 et·
1730 2392 2099 2462 exercendae
2148 2396 2380 2462 merito
2462 2396 2675 2463 vocari

399 2506 650 2593 poterit.
680 2504 762 2573 Et
800 2506 1066 2594 quidem
1093 2518 1312 2575 status
1343 2509 1575 2575 merito
1598 2508 1971 2593 vocabitur3
2010 2530 2167 2577 nam
2196 2509 2281 2577 ob
2306 2532 2677 2601 praesuppo-

401 2620 587 2699 sitam
629 2620 1090 2711 obligationem
1123 2622 1194 2689 in
1227 2645 1301 2691 ea
1337 2622 1789 2713 permanendi,
1840 2644 1971 2691 non
2018 2624 2263 2698 carebit
2310 2646 2383 2694 ea
2434 2626 2681 2695 stabili-

396 2740 546 2813 tate,
579 2754 724 2825 quae
752 2734 832 2803 ad
859 2736 1179 2805 rationem
1221 2743 1424 2805 status
1480 2736 1861 2826 requiritur.
1910 2736 2073 2805 Item
2123 2746 2187 2805 et
2216 2740 2677 2829 perfectorum

395 2857 594 2921 status
647 2852 865 2919 vocari
913 2850 1185 2945 poterit:
1229 2872 1361 2919 non
1408 2853 1677 2941 quidem
1726 2873 1803 2920 eo
1856 2872 2049 2919 sensu
2100 2852 2273 2941 quod
2326 2858 2679 2926 necessario

393 2966 652 3057 perfecti
677 2971 869 3035 erunt
893 2972 958 3032 et
987 2965 1629 3055 permanebunt,.qui
1664 2966 1851 3033 hunc·
1870 2970 2109 3033 statum
2140 2966 2671 3055 profitebuntur3

393 3080 504 3149 sed
546 3104 619 3148 eo
647 3102 839 3148 sensu
891 3078 1072 3168 quod
1103 3084 1304 3149 status
1348 3100 1577 3147 eorum
1624 3078 2083 3169 perlectionem
2109 3078 2247 3170 jam
2291 3081 2681 3170 acquisitam

396 3202 719 3285 supponat
742 3200 805 3263 et
831 3196 1066 3281 exigat.

487 3307 859 3377 Paorosmo
887 3307 994 3377 11⁸.
1015 3346 1108 3361 --
1127 3312 1348 3384 Datur
1403 3328 1633 3377 revera
1671 3308 1743 3375 in
1780 3306 2075 3377 Ecclesia
2100 3308 2443 3379 militanti
2457 3321 2685 3379 status
2817 3300 2818 3303 ¹

396 3423 742 3514 acquisitae
770 3435 832 3491 et
859 3421 1232 3492 exercendae
1259 3422 1703 3513 perfectioniS‚
1734 3444 1972 3513 nempe
1997 3422 2566 3514 Episcopatus.—-
2596 3422 2683 3493 Ut
2816 3498 2818 3509 ἢ

395 3560 542 3608 vera
559 3538 867 3626 probetur
886 3540 1021 3605 haec
1043 3536 1390 3621 conclusio,
1415 3536 1655 3605 sufficit
1678 3540 1810 3605 duo
1832 3538 2253 3605 demonstrari
2287 3561 2304 3605 t
2332 3539 2573 3628 primm
2607 3540 2687 3607 in
2816 3604 2818 3621 ,

397 3652 786 3751 Episcopatu
811 3652 1082 3742 reperiri
1115 3654 1250 3720 veri
1278 3657 1479 3720 status
1501 3652 1857 3739 rationem5
1892 3651 2200 3739 secundo,
2230 3652 2409 3721 hunc
2434 3662 2683 3722 statum

393 3768 674 3857 exigere,
733 3773 805 3835 ut
857 3766 1214 3857 Episcopus
1280 3764 1741 3856 perfectionem
1802 3768 1945 3856 jam
1980 3767 2412 3856 acquisiverit.
2468 3768 2684 3859 Atqui

399 3890 766 3989 utrumque⁸
783 3888 1034 3954 certum
1064 3888 1180 3949 est.
1213 3878 1293 3948 Et
1318 3879 1585 3971 quidem

492 3997 555 4064 1⁰
584 3995 1001 4087 Episcopatus
1046 4016 1194 4063 vere
1235 4001 1433 4063 status
1482 3994 1799 4064 rationem
1840 3994 2057 4064 habet.
2123 3994 2317 4079 Nam,
2364 4018 2439 4066 ex
2486 3996 2688 4067 dictis
2817 3994 2818 4065 ἐ

397 4134 617 4203 supra,
649 4114 850 4203 capite
875 4114 940 4197 1,
968 4113 1051 4181 ad
1074 4112 1596 4181 constituendum
1622 4114 1883 4203 proprie
1924 4113 2176 4183 dictum
2218 4120 2456 4181 statum
2488 4114 2688 4183 suffi-

399 4228 581 4296 ciunt
649 4232 770 4296 tria
823 4230 1002 4299 haec:
1055 4229 1297 4315 primo,
1347 4237 1425 4296 ut
1476 4230 1561 4296 sit
1602 4228 1839 4316 aliquis
1890 4226 2201 4296 existendi
2249 4249 2363 4296 seu
2418 4227 2687 4296 vivendi

401 4344 672 4427 modus;
703 4347 1009 4429 secundo,
1041 4352 1112 4422 ut
1137 4345 1245 4415 hic
1267 4346 1499 4415 modus
1526 4344 1610 4413 sit
1651 4340 1949 4433 εῌῡίὼς
2001 4344 2213 4427 torti0,
2251 4352 2325 4413 ut
2362 4345 2501 4414 hoec
2545 4352 2691 4413 sta-
