2834 4959
509 392 634 452 532
1067 393 1408 442 ‘maci-arus
1450 393 1541 440 ns·
1574 391 1724 438 man
1768 387 2184 436 assummum

583 531 648 599 2⁹
667 530 868 598 Casus
891 522 1605 594 matrimoniiratinon
1624 516 2094 588 consummati.
2116 517 2413 587 —Certa
2422 524 2514 588 est
2524 521 2749 610 regula,

504 663 685 737 posse
727 659 1262 731 unumquemque
1287 639 1673 727 conjugum,
1725 638 1873 702 ante
1900 632 2310 701 matrimonii
2362 654 2751 704 eonsumma-

505 763 777 842 tionem,
837 755 1222 846 religionem
1267 751 1526 844 ingredi
1570 757 1635 820 et
1668 747 2148 842 ‚professionem
2200 748 2414 818 valide
2450 753 2745 822 emittere.

503 874 636 948 Nec
659 875 879 946 minus
908 879 1158 943 certum
1187 875 1283 940 est
1303 869 1463 940 solvi
1478 874 1638 937 tunc
1665 865 2147 935 matrimoniale
2167 865 2558 956 vinculum3
2578 868 2675 936 ita.
2691 876 2749 936 ut

505 993 702 1086 possit
727 992 886 1061 alter
911 989 1146 1077 conjux
1179 985 1260 1054 ad
1286 1005 1485 1054 novas
1512 981 1771 1073 nuptias
1794 979 2158 1050 convolare.
2192 979 2289 1050 Ne
2341 989 2565 1051 autem
2596 1005 2746 1074 pars,

503 1129 648 1200 quae
676 1106 754 1174 de
779 1100 1198 1194 ingredienda
1233 1099 1547 1188 religione
1587 1097 1922 1182 deliberat,
1955 1097 2273 1187 propositi
2298 1100 2739 1180 executionem,

501 1231 566 1295 et
591 1222 791 1293 debiti
826 1217 1184 1311 conjugalis
1201 1215 1629 1286 redditionem
1657 1213 1739 1282 ad
1764 1212 2047 1281 nimium
2101 1217 2361 1302 tempus
2416 1215 2739 1306 protrahat,

499 1339 640 1430 lege
665 1336 1090 1406 ecclesiastica
1118 1331 1451 1424 praefixum
1479 1333 1538 1396 ei
1566 1329 1691 1397 fuit
1709 1327 2037 1412 bimestre,
2062 1327 2234 1398 intra
2254 1331 2431 1420 quod
2460 1331 2740 1421 spatium,

503 1459 556 1528 si
584 1455 968 1543 religionem
999 1472 1129 1518 non
1175 1451 1257 1517 sit
1283 1449 1593 1537 ingressa,
1626 1450 1905 1528 tenetur,
1968 1446 2257 1535 exigente
2282 1449 2585 1537 conjuge,
2630 1469 2743 1516 ma.

498 1568 889 1642 trimonium
909 1585 1362 1635 consummare
1377 1563 1607 1654 (eapite
1628 1563 1739 1631 Ex
1741 1558 2035 1654 publico,
2058 1559 2135 1629 de
2150 1561 2579 1629 Conna-sebae
2600 1583 2744 1628 con·

491 1685 942 1778 juqatorum).
969 1680 1288 1750 Oriuntur
1314 1683 1556 1762 autem,
1588 1677 1801 1770 quoad
1830 1675 2095 1745 modum
2124 1676 2258 1746 illas
2278 1675 2443 1765 juris
2468 1677 2741 1768 disposi-

501 1803 710 1872 tiones
763 1796 1195 1887 intelligendi,
1258 1793 1578 1864 nonnulla
1646 1792 1869 1881 dubia,
1922 1813 2208 1884 quorum
2268 1792 2657 1862 solutionem
2715 1815 2743 1862 a

501 1915 874 1988 doctoribus
909 1911 1344 1982 communiter
1360 1914 1710 2001 receptam,
1738 1906 2019 1978 breviter
2048 1908 2542 1998 subjungimus.

467 2059 474 2064 ·
595 2033 902 2103 Primum
937 2027 1213 2098 dubium
1241 2051 1266 2095 .·
1293 2027 1354 2096 A
1387 2048 1516 2118 quo
1544 2031 1832 2118 tempore
1858 2025 2109 2095 dictum
2142 2024 2459 2114 ‘bimestre
2512 2045 2745 2095 currere

503 2149 810 2236 incipiat?
861 2181 952 2196 -
990 2142 1212 2232 Aliqui
1235 2141 1563 2225 dixerunt,
1594 2163 1631 2209 a
1670 2140 1775 2208 die
1828 2137 2141 2209 oona-acti
2182 2138 2603 2209 matrimonii.
2638 2137 2741 2207 Sed

501 2257 710 2348 magis
735 2263 990 2348 recepta
1045 2257 1355 2326 sententia
1397 2277 1544 2344 quae
1596 2259 1767 2325 tenet
1816 2255 2333 2346 computandum
2362 2276 2401 2323 a
2448 2253 2559 2322 die
2602 2273 2743 2345 prae·

465 2375 759 2444 ·fixionis
805 2371 1093 2457 termini,
1125 2391 1242 2461 per
1279 2371 1569 2463 judicem
1624 2371 1804 2441 sactae
1850 2371 2019 2464 (vide
2068 2370 2663 2461 Schmalzgrueber,
2692 2371 2739 2436 in

501 2489 762 2558 titulum
789 2485 868 2555 de
891 2486 1318 2554 conversione
1345 2487 1890 2578 conjuqatomm,
1922 2507 1991 2556 n.
2027 2485 2121 2578 3).

589 2603 960 2672 Secundum
983 2600 1261 2670 dubium
1286 2623 1310 2669 .·
1340 2601 1448 2669 An
1486 2623 1601 2693 per
1626 2601 1876 2672 dictum
1914 2603 2217 2672 bimestre
2255 2603 2555 2673 debitum
2582 2603 2743 2672 dene-

505 2741 654 2811 gare
683 2721 882 2811 possit
911 2718 1171 2809 conjux,
1203 2717 1501 2808 quamvis
1550 2739 1685 2786 non
1714 2725 2026 2811 proponat
2054 2718 2447 2809 religionem
2468 2717 2742 2810 ingredi?

499 2875 589 2888 —
613 2835 1020 2906 probabilior
1043 2835 1356 2903 sententia
1375 2855 1525 2924 quae
1553 2841 1743 2924 negat
1760 2834 1934 2924 (vide
1961 2835 2241 2924 ibidem,
2276 2858 2347 2904 n.
2378 2836 2423 2904 4
2448 2843 2521 2904 et
2546 2834 2629 2926 5).

596 2951 886 3020 Tertium
919 2949 1198 3019 dubium
1219 2971 1244 3018 .·
1291 2948 1398 3018 An
1436 2948 1685 3018 dictum
1718 2951 2021 3020 bimestre
2061 2950 2575 3041 intelligendum
2596 2950 2663 3019 sit
2688 2969 2741 3015 en

504 3089 721 3152 sensu,
762 3067 936 3157 quod
959 3067 1179 3136 volens
1220 3065 1607 3156 religionem
1630 3065 1911 3157 ingredi,
1946 3069 2119 3136 intra
2145 3065 2309 3136 illud
2342 3073 2605 3159 tempus
2628 3085 2743 3158 pro-

499 3185 839 3253 fessionem
865 3183 1156 3252 emittere
1181 3179 1449 3267 debeat3
1488 3201 1573 3249 an
1602 3201 1753 3250 vero
1807 3204 1883 3251 eo
1912 3187 2136 3271 sensu,
2182 3183 2351 3272 quod
2406 3183 2615 3272 possit
2644 3185 2743 3250 tolo

508 3297 802 3366 bimestri
853 3295 1232 3380 deliberare,
1277 3302 1342 3364 et
1379 3296 1617 3366 ultimo
1642 3297 1835 3365 etiam
1893 3297 2219 3367 bimestris
2248 3296 2343 3365 die
2366 3301 2740 3365 conventum

507 3411 790 3502 ingredi,
827 3413 1048 3502 ibique
1079 3433 1197 3503 per
1229 3415 1479 3482 annum
1508 3412 1577 3480 in
1622 3411 1935 3482 novitiatu
1962 3433 2251 3498 manere,
2280 3419 2341 3480 et
2372 3421 2595 3504 postea
2616 3431 2745 3502 pro-

512 3526 720 3597 fiteri?
753 3565 844 3580 -
869 3525 1250 3596 Tenendum
1281 3532 1374 3595 est
1398 3528 1662 3596 concedi
1705 3528 2013 3597 bimestre
2065 3528 2132 3597 iu
2164 3529 2509 3618 posteriori
2550 3544 2739 3611 sensu,

445 3691 452 3696 -
509 3642 828 3733 quidquid
859 3641 1020 3710 olim
1069 3641 1140 3710 in
1197 3643 1599 3712 eontrarium
1640 3642 1843 3733 aliqui
1882 3643 2231 3713 canonistas
2276 3642 2743 3735 disputaverint.

505 3757 679 3827 Hine
715 3759 952 3847 conjux
1007 3757 1078 3825 in
1105 3757 1342 3826 saeculo
1368 3779 1740 3846 remanens,
1770 3764 2023 3828 tenetur
2046 3763 2378 3851 expectare
2432 3759 2629 3828 donec
2654 3773 2748 3823 ex·

505 3871 716 3965 pletus
745 3873 941 3941 [uerit
963 3873 1310 3944 novitiatus
1339 3894 1549 3942 annus
1570 3880 1632 3944 et
1648 3875 1881 3943 emissa
1902 3875 2246 3965 protessi03
2274 3895 2401 3944 nee
2430 3877 2621 3966 potest
2640 3889 2749 3938 an-

501 3995 602 4058 tea
621 3987 1118 4057 matrimonium
1141 3985 1321 4056 aliud
1347 3987 1557 4057 valide
1590 3989 1991 4060 contrahere.
2023 3988 2162 4058 lmo
2196 3990 2251 4060 si
2274 3990 2381 4059 vir
2408 3984 2749 4076 ingredere·

498 4109 607 4174 tur
632 4107 996 4174 societatem
1023 4102 1196 4189 sesa,
1229 4107 1554 4174 teneretur
1582 4125 1815 4196 sponsa
1840 4111 2172 4198 expectare
2194 4127 2313 4197 per
2332 4103 2480 4173 duos
2510 4121 2743 4182 annos3

498 4224 653 4316 quia
672 4227 744 4292 in
773 4223 900 4293 hoc
941 4223 1192 4308 ordine,
1221 4223 1472 4294 duobus
1497 4226 1705 4316 {annis
1740 4223 2137 4314 tyrocinium
2164 4230 2429 4293 constat.
2456 4217 2745 4303 Quamvis

496 4346 718 4408 autem
771 4340 840 4407 in
877 4338 1050 4409 dicta
1085 4340 1382 4410 societate
1442 4345 1583 4430 post
1624 4339 1949 4432 expletum
2008 4339 2397 4410 novitiatum
2444 4333 2743 4429 simplicia

498 4454 804 4522 duntaxat
825 4461 970 4524 vota
1011 4457 1413 4542 emittantur,
1466 4454 1737 4526 solvitur
1774 4456 2172 4528 matrimonii
2230 4459 2355 4526 rati
2390 4450 2739 4533 vinculum,
2803 4515 2805 4520 ,
