<?xml version="1.0" encoding="UTF-8"?>
<!DOCTYPE html PUBLIC "-//W3C//DTD XHTML 1.0 Transitional//EN"
    "http://www.w3.org/TR/xhtml1/DTD/xhtml1-transitional.dtd">
<html xmlns="http://www.w3.org/1999/xhtml" xml:lang="en" lang="en">
 <head>
  <title>
</title>
<meta http-equiv="Content-Type" content="text/html;charset=utf-8" />
  <meta name='ocr-system' content='tesseract 3.04.00' />
  <meta name='ocr-capabilities' content='ocr_page ocr_carea ocr_par ocr_line ocrx_word'/>
</head>
<body>
  <div class='ocr_page' id='page_1' title='image "./tractatusdejure01unkngoog_0155.png"; bbox 0 0 2834 4959; ppageno 0'>
   <div class='ocr_carea' id='block_1_1' title="bbox 1112 371 2453 427">
    <p class='ocr_par' dir='ltr' id='par_1_1' title="bbox 1112 371 2453 427">
     <span class='ocr_line' id='line_1_1' title="bbox 1112 371 2453 427; baseline 0.005 -7"><span class='ocrx_word' id='word_1_1' title='bbox 1112 373 1264 422; x_wconf 72' lang='lat' dir='ltr'><strong>PARS</strong></span> <span class='ocrx_word' id='word_1_2' title='bbox 1311 375 1529 422; x_wconf 63' lang='lat' dir='ltr'><strong>Palm.</strong></span> <span class='ocrx_word' id='word_1_3' title='bbox 2330 376 2353 426; x_wconf 69' lang='lat' dir='ltr'><strong>*i</strong></span> <span class='ocrx_word' id='word_1_4' title='bbox 2376 371 2453 427; x_wconf 74' lang='grc'><strong>37</strong></span> 
     </span>
    </p>
   </div>
   <div class='ocr_carea' id='block_1_2' title="bbox 171 489 2531 4041">
    <p class='ocr_par' dir='ltr' id='par_1_2' title="bbox 171 489 2531 3118">
     <span class='ocr_line' id='line_1_2' title="bbox 174 489 2458 576; baseline 0.004 -18"><span class='ocrx_word' id='word_1_5' title='bbox 174 491 332 560; x_wconf 78' lang='lat' dir='ltr'><strong>sticae</strong></span> <span class='ocrx_word' id='word_1_6' title='bbox 363 493 567 576; x_wconf 87' lang='lat' dir='ltr'><strong>ritus,</strong></span> <span class='ocrx_word' id='word_1_7' title='bbox 611 489 930 560; x_wconf 87' lang='lat' dir='ltr'><strong>docemur</strong></span> <span class='ocrx_word' id='word_1_8' title='bbox 968 491 1052 561; x_wconf 88' lang='lat' dir='ltr'><strong>ab</strong></span> <span class='ocrx_word' id='word_1_9' title='bbox 1099 500 1358 564; x_wconf 85' lang='lat' dir='ltr'><strong>auctore</strong></span> <span class='ocrx_word' id='word_1_10' title='bbox 1385 495 1541 565; x_wconf 85' lang='lat' dir='ltr'><strong>libri</strong></span> <span class='ocrx_word' id='word_1_11' title='bbox 1571 494 1651 564; x_wconf 83' lang='lat' dir='ltr'><strong>de</strong></span> <span class='ocrx_word' id='word_1_12' title='bbox 1692 495 2083 565; x_wconf 63' lang='lat' dir='ltr'><strong>Hieran-chia</strong></span> <span class='ocrx_word' id='word_1_13' title='bbox 2128 496 2458 569; x_wconf 82' lang='lat' dir='ltr'><strong>Ecclesia-</strong></span> 
     </span>
     <span class='ocr_line' id='line_1_3' title="bbox 171 606 2453 702; baseline 0.004 -28"><span class='ocrx_word' id='word_1_14' title='bbox 171 607 358 692; x_wconf 71' lang='lat' dir='ltr'><strong>stico,</strong></span> <span class='ocrx_word' id='word_1_15' title='bbox 419 609 514 676; x_wconf 85' lang='lat' dir='ltr'><strong>ita</strong></span> <span class='ocrx_word' id='word_1_16' title='bbox 559 606 868 695; x_wconf 75' lang='lat' dir='ltr'><strong>loquente</strong></span> <span class='ocrx_word' id='word_1_17' title='bbox 908 607 1000 697; x_wconf 85' lang='lat'><strong>(1)</strong></span> <span class='ocrx_word' id='word_1_18' title='bbox 1047 634 1064 677; x_wconf 70' lang='grc' dir='ltr'><strong><em>ε</em></strong></span> <span class='ocrx_word' id='word_1_19' title='bbox 1123 634 1162 674; x_wconf 74' lang='grc' dir='ltr'>α</span> <span class='ocrx_word' id='word_1_20' title='bbox 1207 608 1517 680; x_wconf 77' lang='lat' dir='ltr'><strong>Sacerdos</strong></span> <span class='ocrx_word' id='word_1_21' title='bbox 1567 609 1833 702; x_wconf 87' lang='lat' dir='ltr'><strong>quidem</strong></span> <span class='ocrx_word' id='word_1_22' title='bbox 1887 618 2007 681; x_wconf 87' lang='lat' dir='ltr'><strong>stat</strong></span> <span class='ocrx_word' id='word_1_23' title='bbox 2049 618 2199 682; x_wconf 87' lang='lat' dir='ltr'><strong>ante</strong></span> <span class='ocrx_word' id='word_1_24' title='bbox 2236 614 2453 698; x_wconf 84' lang='lat' dir='ltr'><strong>altare,</strong></span> 
     </span>
     <span class='ocr_line' id='line_1_4' title="bbox 174 723 2457 819; baseline 0.004 -29"><span class='ocrx_word' id='word_1_25' title='bbox 174 749 206 790; x_wconf 71' lang='grc' dir='ltr'><strong>α</strong></span> <span class='ocrx_word' id='word_1_26' title='bbox 245 723 688 794; x_wconf 79' lang='lat' dir='ltr'><strong>monasticam</strong></span> <span class='ocrx_word' id='word_1_27' title='bbox 713 728 930 792; x_wconf 84' lang='lat' dir='ltr'><strong>sancte</strong></span> <span class='ocrx_word' id='word_1_28' title='bbox 949 725 1230 794; x_wconf 85' lang='lat' dir='ltr'><strong>recitans</strong></span> <span class='ocrx_word' id='word_1_29' title='bbox 1253 727 1753 796; x_wconf 74' lang='lat' dir='ltr'><strong>invocationem.</strong></span> <span class='ocrx_word' id='word_1_30' title='bbox 1786 727 1848 796; x_wconf 89' lang='lat' dir='ltr'><strong>Is</strong></span> <span class='ocrx_word' id='word_1_31' title='bbox 1887 733 2103 798; x_wconf 87' lang='lat' dir='ltr'><strong>autem</strong></span> <span class='ocrx_word' id='word_1_32' title='bbox 2146 729 2260 819; x_wconf 86' lang='lat' dir='ltr'><strong>qui</strong></span> <span class='ocrx_word' id='word_1_33' title='bbox 2305 750 2457 798; x_wconf 86' lang='lat' dir='ltr'><strong>con-</strong></span> 
     </span>
     <span class='ocr_line' id='line_1_5' title="bbox 176 839 2459 933; baseline 0.004 -29"><span class='ocrx_word' id='word_1_34' title='bbox 176 868 208 904; x_wconf 76' lang='lat'><strong>«</strong></span> <span class='ocrx_word' id='word_1_35' title='bbox 251 845 566 910; x_wconf 86' lang='lat' dir='ltr'><strong>secratur.</strong></span> <span class='ocrx_word' id='word_1_36' title='bbox 579 889 628 908; x_wconf 90' lang='lat'><strong>..</strong></span> <span class='ocrx_word' id='word_1_37' title='bbox 685 839 888 908; x_wconf 86' lang='lat' dir='ltr'><strong>adstat</strong></span> <span class='ocrx_word' id='word_1_38' title='bbox 927 840 1292 926; x_wconf 57' lang='lat' dir='ltr'><strong>sacerdoti„</strong></span> <span class='ocrx_word' id='word_1_39' title='bbox 1319 863 1516 932; x_wconf 88' lang='lat' dir='ltr'><strong>supra</strong></span> <span class='ocrx_word' id='word_1_40' title='bbox 1571 841 1762 912; x_wconf 86' lang='lat' dir='ltr'><strong>illum</strong></span> <span class='ocrx_word' id='word_1_41' title='bbox 1814 843 2155 933; x_wconf 68' lang='lat' dir='ltr'><strong>mysticam</strong></span> <span class='ocrx_word' id='word_1_42' title='bbox 2196 843 2459 914; x_wconf 81' lang='lat' dir='ltr'><strong>invoca-</strong></span> 
     </span>
     <span class='ocr_line' id='line_1_6' title="bbox 176 953 2459 1044; baseline 0.003 -23"><span class='ocrx_word' id='word_1_43' title='bbox 176 983 214 1021; x_wconf 73' lang='grc' dir='ltr'><strong>α</strong></span> <span class='ocrx_word' id='word_1_44' title='bbox 260 955 504 1024; x_wconf 86' lang='lat' dir='ltr'><strong>tionem</strong></span> <span class='ocrx_word' id='word_1_45' title='bbox 543 955 987 1044; x_wconf 78' lang='lat' dir='ltr'><strong>prosequenti.</strong></span> <span class='ocrx_word' id='word_1_46' title='bbox 1039 953 1182 1036; x_wconf 85' lang='lat' dir='ltr'><strong>Qua</strong></span> <span class='ocrx_word' id='word_1_47' title='bbox 1227 955 1439 1044; x_wconf 82' lang='lat' dir='ltr'><strong>finita,</strong></span> <span class='ocrx_word' id='word_1_48' title='bbox 1494 957 1783 1026; x_wconf 80' lang='lat' dir='ltr'><strong>sacerdos</strong></span> <span class='ocrx_word' id='word_1_49' title='bbox 1834 958 1917 1025; x_wconf 89' lang='lat' dir='ltr'><strong>ad</strong></span> <span class='ocrx_word' id='word_1_50' title='bbox 1960 979 2117 1026; x_wconf 87' lang='lat' dir='ltr'><strong>eum</strong></span> <span class='ocrx_word' id='word_1_51' title='bbox 2153 959 2459 1028; x_wconf 88' lang='lat' dir='ltr'><strong>accedens</strong></span> 
     </span>
     <span class='ocr_line' id='line_1_7' title="bbox 181 1068 2451 1162; baseline 0.003 -27"><span class='ocrx_word' id='word_1_52' title='bbox 181 1097 222 1136; x_wconf 69' lang='lat' dir='ltr'><strong>a</strong></span> <span class='ocrx_word' id='word_1_53' title='bbox 255 1075 444 1159; x_wconf 85' lang='lat' dir='ltr'><strong>rogat</strong></span> <span class='ocrx_word' id='word_1_54' title='bbox 467 1073 682 1158; x_wconf 87' lang='lat' dir='ltr'><strong>ipsum</strong></span> <span class='ocrx_word' id='word_1_55' title='bbox 711 1068 1002 1158; x_wconf 88' lang='lat' dir='ltr'><strong>primum</strong></span> <span class='ocrx_word' id='word_1_56' title='bbox 1038 1092 1120 1138; x_wconf 90' lang='lat' dir='ltr'><strong>an</strong></span> <span class='ocrx_word' id='word_1_57' title='bbox 1169 1071 1479 1140; x_wconf 87' lang='lat' dir='ltr'><strong>omnibus</strong></span> <span class='ocrx_word' id='word_1_58' title='bbox 1521 1072 1719 1140; x_wconf 90' lang='lat' dir='ltr'><strong>rebus</strong></span> <span class='ocrx_word' id='word_1_59' title='bbox 1760 1071 2047 1141; x_wconf 80' lang='lat' dir='ltr'><strong>dividuis</strong></span> <span class='ocrx_word' id='word_1_60' title='bbox 2100 1077 2451 1162; x_wconf 79' lang='lat' dir='ltr'><strong>renuntiet,</strong></span> 
     </span>
     <span class='ocr_line' id='line_1_8' title="bbox 187 1183 2459 1278; baseline 0.002 -25"><span class='ocrx_word' id='word_1_61' title='bbox 187 1213 226 1253; x_wconf 73' lang='grc' dir='ltr'><strong>α</strong></span> <span class='ocrx_word' id='word_1_62' title='bbox 265 1205 402 1256; x_wconf 90' lang='lat' dir='ltr'><strong>non</strong></span> <span class='ocrx_word' id='word_1_63' title='bbox 441 1183 648 1253; x_wconf 86' lang='lat' dir='ltr'><strong>solum</strong></span> <span class='ocrx_word' id='word_1_64' title='bbox 703 1183 1098 1270; x_wconf 86' lang='lat' dir='ltr'><strong>viventibus,</strong></span> <span class='ocrx_word' id='word_1_65' title='bbox 1164 1208 1396 1256; x_wconf 89' lang='lat' dir='ltr'><strong>verum</strong></span> <span class='ocrx_word' id='word_1_66' title='bbox 1456 1188 1651 1256; x_wconf 88' lang='lat' dir='ltr'><strong>etiam</strong></span> <span class='ocrx_word' id='word_1_67' title='bbox 1718 1187 2143 1278; x_wconf 82' lang='lat' dir='ltr'><strong>imaginariis.</strong></span> <span class='ocrx_word' id='word_1_68' title='bbox 2210 1187 2459 1258; x_wconf 86' lang='lat' dir='ltr'><strong>Deinde</strong></span> 
     </span>
     <span class='ocr_line' id='line_1_9' title="bbox 194 1301 2531 1393; baseline 0.003 -25"><span class='ocrx_word' id='word_1_69' title='bbox 194 1328 230 1368; x_wconf 77' lang='grc' dir='ltr'><strong>α</strong></span> <span class='ocrx_word' id='word_1_70' title='bbox 273 1301 520 1393; x_wconf 81' lang='lat' dir='ltr'><strong>exponit</strong></span> <span class='ocrx_word' id='word_1_71' title='bbox 541 1301 646 1369; x_wconf 90' lang='lat' dir='ltr'><strong>illi</strong></span> <span class='ocrx_word' id='word_1_72' title='bbox 689 1301 890 1369; x_wconf 86' lang='lat' dir='ltr'><strong>vitam</strong></span> <span class='ocrx_word' id='word_1_73' title='bbox 941 1301 1503 1392; x_wconf 75' lang='lat' dir='ltr'><strong>perfectissimam,</strong></span> <span class='ocrx_word' id='word_1_74' title='bbox 1560 1308 1925 1373; x_wconf 89' lang='lat' dir='ltr'><strong>contestans</strong></span> <span class='ocrx_word' id='word_1_75' title='bbox 1978 1302 2171 1372; x_wconf 89' lang='lat' dir='ltr'><strong>illum</strong></span> <span class='ocrx_word' id='word_1_76' title='bbox 2224 1305 2459 1374; x_wconf 88' lang='lat' dir='ltr'><strong>debere</strong></span> <span class='ocrx_word' id='word_1_77' title='bbox 2520 1333 2531 1344; x_wconf 91' lang='lat'><strong>·</strong></span> 
     </span>
     <span class='ocr_line' id='line_1_10' title="bbox 190 1403 2455 1512; baseline 0.003 -28"><span class='ocrx_word' id='word_1_78' title='bbox 190 1443 226 1484; x_wconf 76' lang='grc' dir='ltr'><strong>α</strong></span> <span class='ocrx_word' id='word_1_79' title='bbox 263 1417 534 1486; x_wconf 88' lang='lat' dir='ltr'><strong>mediam</strong></span> <span class='ocrx_word' id='word_1_80' title='bbox 561 1414 827 1485; x_wconf 86' lang='lat' dir='ltr'><strong>vivendi</strong></span> <span class='ocrx_word' id='word_1_81' title='bbox 851 1417 1176 1485; x_wconf 86' lang='lat' dir='ltr'><strong>rationem</strong></span> <span class='ocrx_word' id='word_1_82' title='bbox 1205 1403 1538 1509; x_wconf 83' lang='lat' dir='ltr'><strong>superare.</strong></span> <span class='ocrx_word' id='word_1_83' title='bbox 1584 1417 1747 1499; x_wconf 83' lang='lat' dir='ltr'><strong>Qnae</strong></span> <span class='ocrx_word' id='word_1_84' title='bbox 1774 1418 1889 1486; x_wconf 90' lang='lat' dir='ltr'><strong>ubi</strong></span> <span class='ocrx_word' id='word_1_85' title='bbox 1944 1419 2167 1488; x_wconf 86' lang='lat' dir='ltr'><strong>omnia</strong></span> <span class='ocrx_word' id='word_1_86' title='bbox 2221 1422 2277 1489; x_wconf 85' lang='lat' dir='ltr'><strong>is</strong></span> <span class='ocrx_word' id='word_1_87' title='bbox 2338 1422 2455 1512; x_wconf 89' lang='lat' dir='ltr'><strong>qui</strong></span> 
     </span>
     <span class='ocr_line' id='line_1_11' title="bbox 187 1527 2457 1623; baseline 0.003 -27"><span class='ocrx_word' id='word_1_88' title='bbox 187 1555 222 1596; x_wconf 70' lang='grc' dir='ltr'><strong>α</strong></span> <span class='ocrx_word' id='word_1_89' title='bbox 263 1528 560 1598; x_wconf 85' lang='lat' dir='ltr'><strong>initiatur</strong></span> <span class='ocrx_word' id='word_1_90' title='bbox 647 1527 1055 1598; x_wconf 82' lang='lat' dir='ltr'><strong>continenter</strong></span> <span class='ocrx_word' id='word_1_91' title='bbox 1129 1529 1453 1619; x_wconf 85' lang='lat' dir='ltr'><strong>professus</strong></span> <span class='ocrx_word' id='word_1_92' title='bbox 1506 1536 1625 1612; x_wconf 90' lang='lat' dir='ltr'><strong>est,</strong></span> <span class='ocrx_word' id='word_1_93' title='bbox 1710 1531 2001 1600; x_wconf 81' lang='lat' dir='ltr'><strong>sacerdos</strong></span> <span class='ocrx_word' id='word_1_94' title='bbox 2058 1551 2211 1600; x_wconf 90' lang='lat' dir='ltr'><strong>eum</strong></span> <span class='ocrx_word' id='word_1_95' title='bbox 2268 1531 2457 1623; x_wconf 82' lang='lat' dir='ltr'><strong>signo</strong></span> 
     </span>
     <span class='ocr_line' id='line_1_12' title="bbox 180 1641 2456 1732; baseline 0.003 -22"><span class='ocrx_word' id='word_1_96' title='bbox 180 1671 214 1710; x_wconf 70' lang='grc' dir='ltr'>ι</span> <span class='ocrx_word' id='word_1_97' title='bbox 253 1645 466 1714; x_wconf 89' lang='lat' dir='ltr'><strong>crucis</strong></span> <span class='ocrx_word' id='word_1_98' title='bbox 515 1643 854 1732; x_wconf 84' lang='lat' dir='ltr'><strong>signatum</strong></span> <span class='ocrx_word' id='word_1_99' title='bbox 901 1643 1145 1728; x_wconf 85' lang='lat' dir='ltr'><strong>tondet,</strong></span> <span class='ocrx_word' id='word_1_100' title='bbox 1195 1649 1322 1712; x_wconf 86' lang='lat' dir='ltr'><strong>tres</strong></span> <span class='ocrx_word' id='word_1_101' title='bbox 1373 1641 1681 1714; x_wconf 86' lang='lat' dir='ltr'><strong>Personas</strong></span> <span class='ocrx_word' id='word_1_102' title='bbox 1744 1644 1981 1714; x_wconf 82' lang='lat' dir='ltr'><strong>divinae</strong></span> <span class='ocrx_word' id='word_1_103' title='bbox 2038 1646 2456 1716; x_wconf 87' lang='lat' dir='ltr'><strong>beatitudinis</strong></span> 
     </span>
     <span class='ocr_line' id='line_1_13' title="bbox 185 1759 2455 1848; baseline 0.003 -22"><span class='ocrx_word' id='word_1_104' title='bbox 185 1789 216 1826; x_wconf 75' lang='grc' dir='ltr'>ι</span> <span class='ocrx_word' id='word_1_105' title='bbox 253 1763 614 1844; x_wconf 72' lang='lat' dir='ltr'><strong>invooens3</strong></span> <span class='ocrx_word' id='word_1_106' title='bbox 649 1759 962 1848; x_wconf 86' lang='lat' dir='ltr'><strong>omnique</strong></span> <span class='ocrx_word' id='word_1_107' title='bbox 992 1765 1162 1826; x_wconf 84' lang='lat' dir='ltr'><strong>veste</strong></span> <span class='ocrx_word' id='word_1_108' title='bbox 1185 1759 1489 1840; x_wconf 86' lang='lat' dir='ltr'><strong>detracta,</strong></span> <span class='ocrx_word' id='word_1_109' title='bbox 1530 1779 1685 1829; x_wconf 90' lang='lat' dir='ltr'><strong>eum</strong></span> <span class='ocrx_word' id='word_1_110' title='bbox 1730 1760 1855 1828; x_wconf 90' lang='lat' dir='ltr'><strong>alia</strong></span> <span class='ocrx_word' id='word_1_111' title='bbox 1892 1761 2151 1841; x_wconf 77' lang='lat' dir='ltr'><strong>induit3</strong></span> <span class='ocrx_word' id='word_1_112' title='bbox 2198 1769 2261 1830; x_wconf 90' lang='lat' dir='ltr'><strong>et</strong></span> <span class='ocrx_word' id='word_1_113' title='bbox 2302 1785 2455 1832; x_wconf 87' lang='lat' dir='ltr'><strong>cum</strong></span> 
     </span>
     <span class='ocr_line' id='line_1_14' title="bbox 183 1871 2455 1966; baseline 0.001 -24"><span class='ocrx_word' id='word_1_114' title='bbox 183 1902 218 1942; x_wconf 76' lang='lat' dir='ltr'><strong>a</strong></span> <span class='ocrx_word' id='word_1_115' title='bbox 255 1875 500 1946; x_wconf 75' lang='lat' dir='ltr'><strong>caeteris</strong></span> <span class='ocrx_word' id='word_1_116' title='bbox 551 1872 714 1941; x_wconf 83' lang='lat' dir='ltr'><strong>viris</strong></span> <span class='ocrx_word' id='word_1_117' title='bbox 761 1875 1000 1942; x_wconf 87' lang='lat' dir='ltr'><strong>sanctis</strong></span> <span class='ocrx_word' id='word_1_118' title='bbox 1041 1871 1447 1942; x_wconf 76' lang='lat' dir='ltr'><strong>adstantibus</strong></span> <span class='ocrx_word' id='word_1_119' title='bbox 1515 1893 1671 1942; x_wconf 87' lang='lat' dir='ltr'><strong>eum</strong></span> <span class='ocrx_word' id='word_1_120' title='bbox 1720 1873 2031 1964; x_wconf 75' lang='lat' dir='ltr'><strong>salutans,</strong></span> <span class='ocrx_word' id='word_1_121' title='bbox 2074 1875 2455 1966; x_wconf 80' lang='lat' dir='ltr'><strong>participem</strong></span> 
     </span>
     <span class='ocr_line' id='line_1_15' title="bbox 193 1985 2455 2079; baseline 0.001 -26"><span class='ocrx_word' id='word_1_122' title='bbox 193 2015 230 2053; x_wconf 71' lang='grc' dir='ltr'><strong>α</strong></span> <span class='ocrx_word' id='word_1_123' title='bbox 267 1989 420 2058; x_wconf 79' lang='lat' dir='ltr'><strong>iacit</strong></span> <span class='ocrx_word' id='word_1_124' title='bbox 445 1989 818 2058; x_wconf 84' lang='lat' dir='ltr'><strong>divinornm</strong></span> <span class='ocrx_word' id='word_1_125' title='bbox 855 1989 1342 2079; x_wconf 69' lang='lat' dir='ltr'><strong>mysteriorum.</strong></span> <span class='ocrx_word' id='word_1_126' title='bbox 1391 2012 1429 2052; x_wconf 68' lang='lat'><strong>&gt;2</strong></span> <span class='ocrx_word' id='word_1_127' title='bbox 1478 1985 1807 2056; x_wconf 87' lang='lat' dir='ltr'><strong>Hodierno</strong></span> <span class='ocrx_word' id='word_1_128' title='bbox 1863 1986 2123 2055; x_wconf 88' lang='lat' dir='ltr'><strong>tandem</strong></span> <span class='ocrx_word' id='word_1_129' title='bbox 2198 1986 2455 2056; x_wconf 83' lang='lat' dir='ltr'><strong>Graeco-</strong></span> 
     </span>
     <span class='ocr_line' id='line_1_16' title="bbox 177 2101 2459 2196; baseline -0.001 -24"><span class='ocrx_word' id='word_1_130' title='bbox 177 2125 322 2172; x_wconf 86' lang='lat' dir='ltr'><strong>rum</strong></span> <span class='ocrx_word' id='word_1_131' title='bbox 349 2105 480 2173; x_wconf 88' lang='lat' dir='ltr'><strong>ritu</strong></span> <span class='ocrx_word' id='word_1_132' title='bbox 522 2105 676 2173; x_wconf 86' lang='lat' dir='ltr'><strong>satis</strong></span> <span class='ocrx_word' id='word_1_133' title='bbox 719 2113 934 2196; x_wconf 86' lang='lat' dir='ltr'><strong>aperta</strong></span> <span class='ocrx_word' id='word_1_134' title='bbox 974 2103 1370 2190; x_wconf 86' lang='lat' dir='ltr'><strong>continetur,</strong></span> <span class='ocrx_word' id='word_1_135' title='bbox 1421 2104 1491 2172; x_wconf 91' lang='lat' dir='ltr'><strong>in</strong></span> <span class='ocrx_word' id='word_1_136' title='bbox 1528 2101 2147 2194; x_wconf 86' lang='lat' dir='ltr'><strong>interrogationibus</strong></span> <span class='ocrx_word' id='word_1_137' title='bbox 2196 2108 2259 2169; x_wconf 89' lang='lat' dir='ltr'><strong>et</strong></span> <span class='ocrx_word' id='word_1_138' title='bbox 2304 2101 2459 2170; x_wconf 89' lang='lat' dir='ltr'><strong>hor-</strong></span> 
     </span>
     <span class='ocr_line' id='line_1_17' title="bbox 177 2217 2457 2310; baseline 0 -24"><span class='ocrx_word' id='word_1_139' title='bbox 177 2219 526 2288; x_wconf 87' lang='lat' dir='ltr'><strong>tationibus</strong></span> <span class='ocrx_word' id='word_1_140' title='bbox 573 2241 616 2288; x_wconf 89' lang='lat' dir='ltr'><strong>a</strong></span> <span class='ocrx_word' id='word_1_141' title='bbox 656 2219 980 2288; x_wconf 84' lang='lat' dir='ltr'><strong>sacerdote</strong></span> <span class='ocrx_word' id='word_1_142' title='bbox 1028 2217 1498 2310; x_wconf 83' lang='lat' dir='ltr'><strong>proponendis,</strong></span> <span class='ocrx_word' id='word_1_143' title='bbox 1557 2239 1693 2288; x_wconf 88' lang='lat' dir='ltr'><strong>non</strong></span> <span class='ocrx_word' id='word_1_144' title='bbox 1736 2217 1951 2288; x_wconf 91' lang='lat' dir='ltr'><strong>solum</strong></span> <span class='ocrx_word' id='word_1_145' title='bbox 2000 2217 2201 2286; x_wconf 89' lang='lat' dir='ltr'><strong>trium</strong></span> <span class='ocrx_word' id='word_1_146' title='bbox 2248 2219 2457 2286; x_wconf 88' lang='lat' dir='ltr'><strong>consi-</strong></span> 
     </span>
     <span class='ocr_line' id='line_1_18' title="bbox 179 2332 2457 2423; baseline -0 -21"><span class='ocrx_word' id='word_1_147' title='bbox 179 2333 408 2403; x_wconf 86' lang='lat' dir='ltr'><strong>liorum</strong></span> <span class='ocrx_word' id='word_1_148' title='bbox 456 2332 1018 2423; x_wconf 86' lang='lat' dir='ltr'><strong>evangelicorum,</strong></span> <span class='ocrx_word' id='word_1_149' title='bbox 1045 2333 1162 2402; x_wconf 89' lang='lat' dir='ltr'><strong>sed</strong></span> <span class='ocrx_word' id='word_1_150' title='bbox 1213 2337 1522 2403; x_wconf 88' lang='lat' dir='ltr'><strong>omnium</strong></span> <span class='ocrx_word' id='word_1_151' title='bbox 1568 2334 1700 2402; x_wconf 87' lang='lat' dir='ltr'><strong>fere</strong></span> <span class='ocrx_word' id='word_1_152' title='bbox 1750 2333 1835 2401; x_wconf 88' lang='lat' dir='ltr'><strong>ad</strong></span> <span class='ocrx_word' id='word_1_153' title='bbox 1878 2334 2079 2400; x_wconf 89' lang='lat' dir='ltr'><strong>vitam</strong></span> <span class='ocrx_word' id='word_1_154' title='bbox 2110 2333 2457 2423; x_wconf 77' lang='lat' dir='ltr'><strong>perfectam</strong></span> 
     </span>
     <span class='ocr_line' id='line_1_19' title="bbox 177 2451 2455 2544; baseline -0.002 -20"><span class='ocrx_word' id='word_1_155' title='bbox 177 2457 600 2544; x_wconf 76' lang='lat' dir='ltr'><strong>spectantium</strong></span> <span class='ocrx_word' id='word_1_156' title='bbox 629 2453 990 2544; x_wconf 84' lang='lat' dir='ltr'><strong>expressi03</strong></span> <span class='ocrx_word' id='word_1_157' title='bbox 1044 2474 1192 2544; x_wconf 84' lang='lat' dir='ltr'><strong>quae</strong></span> <span class='ocrx_word' id='word_1_158' title='bbox 1231 2454 1455 2522; x_wconf 89' lang='lat' dir='ltr'><strong>omnia</strong></span> <span class='ocrx_word' id='word_1_159' title='bbox 1478 2453 1839 2524; x_wconf 85' lang='lat' dir='ltr'><strong>monachus</strong></span> <span class='ocrx_word' id='word_1_160' title='bbox 1874 2451 2145 2544; x_wconf 87' lang='lat' dir='ltr'><strong>spondet</strong></span> <span class='ocrx_word' id='word_1_161' title='bbox 2193 2473 2263 2520; x_wconf 89' lang='lat' dir='ltr'><strong>se</strong></span> <span class='ocrx_word' id='word_1_162' title='bbox 2300 2473 2455 2520; x_wconf 91' lang='lat' dir='ltr'><strong>cum</strong></span> 
     </span>
     <span class='ocr_line' id='line_1_20' title="bbox 179 2565 2455 2659; baseline -0 -25"><span class='ocrx_word' id='word_1_163' title='bbox 179 2565 292 2635; x_wconf 87' lang='lat' dir='ltr'><strong>Dei</strong></span> <span class='ocrx_word' id='word_1_164' title='bbox 333 2571 540 2659; x_wconf 83' lang='lat' dir='ltr'><strong>gratia</strong></span> <span class='ocrx_word' id='word_1_165' title='bbox 590 2569 673 2638; x_wconf 86' lang='lat' dir='ltr'><strong>ad</strong></span> <span class='ocrx_word' id='word_1_166' title='bbox 721 2575 1084 2638; x_wconf 87' lang='lat' dir='ltr'><strong>extremum</strong></span> <span class='ocrx_word' id='word_1_167' title='bbox 1137 2589 1347 2658; x_wconf 91' lang='lat' dir='ltr'><strong>usque</strong></span> <span class='ocrx_word' id='word_1_168' title='bbox 1399 2567 1704 2659; x_wconf 84' lang='lat' dir='ltr'><strong>spiritum</strong></span> <span class='ocrx_word' id='word_1_169' title='bbox 1750 2568 2025 2636; x_wconf 83' lang='lat' dir='ltr'><strong>fideliter</strong></span> <span class='ocrx_word' id='word_1_170' title='bbox 2085 2568 2455 2637; x_wconf 85' lang='lat' dir='ltr'><strong>observatu-</strong></span> 
     </span>
     <span class='ocr_line' id='line_1_21' title="bbox 184 2681 2459 2778; baseline -0.001 -28"><span class='ocrx_word' id='word_1_171' title='bbox 184 2703 328 2750; x_wconf 87' lang='lat' dir='ltr'><strong>rum</strong></span> <span class='ocrx_word' id='word_1_172' title='bbox 365 2683 476 2778; x_wconf 82' lang='lat'><strong>(2).</strong></span> <span class='ocrx_word' id='word_1_173' title='bbox 505 2684 728 2764; x_wconf 83' lang='lat' dir='ltr'><strong>Quare</strong></span> <span class='ocrx_word' id='word_1_174' title='bbox 773 2683 934 2752; x_wconf 85' lang='lat' dir='ltr'><strong>huic</strong></span> <span class='ocrx_word' id='word_1_175' title='bbox 967 2683 1062 2751; x_wconf 92' lang='lat' dir='ltr'><strong>rei</strong></span> <span class='ocrx_word' id='word_1_176' title='bbox 1086 2703 1220 2752; x_wconf 88' lang='lat' dir='ltr'><strong>non</strong></span> <span class='ocrx_word' id='word_1_177' title='bbox 1263 2686 1513 2772; x_wconf 89' lang='lat' dir='ltr'><strong>oportet</strong></span> <span class='ocrx_word' id='word_1_178' title='bbox 1540 2681 1888 2764; x_wconf 80' lang='lat' dir='ltr'><strong>inhaerere3</strong></span> <span class='ocrx_word' id='word_1_179' title='bbox 1943 2681 2052 2750; x_wconf 89' lang='lat' dir='ltr'><strong>sed</strong></span> <span class='ocrx_word' id='word_1_180' title='bbox 2098 2681 2341 2750; x_wconf 84' lang='lat' dir='ltr'><strong>sufficit</strong></span> <span class='ocrx_word' id='word_1_181' title='bbox 2384 2686 2459 2748; x_wconf 89' lang='lat' dir='ltr'><strong>ut</strong></span> 
     </span>
     <span class='ocr_line' id='line_1_22' title="bbox 189 2793 2457 2887; baseline -0 -24"><span class='ocrx_word' id='word_1_182' title='bbox 189 2795 587 2868; x_wconf 77' lang='lat' dir='ltr'><strong>observemus</strong></span> <span class='ocrx_word' id='word_1_183' title='bbox 639 2797 1084 2886; x_wconf 85' lang='lat' dir='ltr'><strong>gradationem</strong></span> <span class='ocrx_word' id='word_1_184' title='bbox 1139 2817 1270 2887; x_wconf 86' lang='lat' dir='ltr'><strong>qua</strong></span> <span class='ocrx_word' id='word_1_185' title='bbox 1318 2795 1628 2887; x_wconf 77' lang='lat' dir='ltr'><strong>professio</strong></span> <span class='ocrx_word' id='word_1_186' title='bbox 1676 2794 1851 2885; x_wconf 86' lang='lat' dir='ltr'><strong>apud</strong></span> <span class='ocrx_word' id='word_1_187' title='bbox 1904 2793 2163 2864; x_wconf 74' lang='lat' dir='ltr'><strong>Graecos</strong></span> <span class='ocrx_word' id='word_1_188' title='bbox 2234 2816 2457 2864; x_wconf 85' lang='lat' dir='ltr'><strong>mona-</strong></span> 
     </span>
     <span class='ocr_line' id='line_1_23' title="bbox 193 2909 2457 3005; baseline -0 -29"><span class='ocrx_word' id='word_1_189' title='bbox 193 2909 356 2998; x_wconf 86' lang='lat' dir='ltr'><strong>chos,</strong></span> <span class='ocrx_word' id='word_1_190' title='bbox 409 2935 560 3005; x_wconf 83' lang='lat' dir='ltr'><strong>quae</strong></span> <span class='ocrx_word' id='word_1_191' title='bbox 619 2911 688 2982; x_wconf 90' lang='lat' dir='ltr'><strong>S.</strong></span> <span class='ocrx_word' id='word_1_192' title='bbox 766 2911 990 2982; x_wconf 88' lang='lat' dir='ltr'><strong>Basilii</strong></span> <span class='ocrx_word' id='word_1_193' title='bbox 1042 2917 1326 3000; x_wconf 88' lang='lat' dir='ltr'><strong>tempore</strong></span> <span class='ocrx_word' id='word_1_194' title='bbox 1377 2909 1641 2979; x_wconf 87' lang='lat' dir='ltr'><strong>nonnisi</strong></span> <span class='ocrx_word' id='word_1_195' title='bbox 1692 2909 1931 3000; x_wconf 87' lang='lat' dir='ltr'><strong>partim</strong></span> <span class='ocrx_word' id='word_1_196' title='bbox 1983 2927 2275 2996; x_wconf 81' lang='lat' dir='ltr'><strong>expressa</strong></span> <span class='ocrx_word' id='word_1_197' title='bbox 2324 2927 2457 2975; x_wconf 86' lang='lat' dir='ltr'><strong>esse</strong></span> 
     </span>
     <span class='ocr_line' id='line_1_24' title="bbox 194 3023 2450 3118; baseline -0.001 -26"><span class='ocrx_word' id='word_1_198' title='bbox 194 3039 474 3116; x_wconf 87' lang='lat' dir='ltr'><strong>coeperat,</strong></span> <span class='ocrx_word' id='word_1_199' title='bbox 505 3030 782 3097; x_wconf 88' lang='lat' dir='ltr'><strong>demum</strong></span> <span class='ocrx_word' id='word_1_200' title='bbox 825 3027 1328 3118; x_wconf 84' lang='lat' dir='ltr'><strong>expressissima,</strong></span> <span class='ocrx_word' id='word_1_201' title='bbox 1385 3026 1441 3094; x_wconf 89' lang='lat' dir='ltr'><strong>si</strong></span> <span class='ocrx_word' id='word_1_202' title='bbox 1497 3025 1584 3092; x_wconf 91' lang='lat' dir='ltr'><strong>ita</strong></span> <span class='ocrx_word' id='word_1_203' title='bbox 1630 3023 1810 3115; x_wconf 91' lang='lat' dir='ltr'><strong>loqui</strong></span> <span class='ocrx_word' id='word_1_204' title='bbox 1863 3023 1958 3091; x_wconf 86' lang='lat' dir='ltr'><strong>fas</strong></span> <span class='ocrx_word' id='word_1_205' title='bbox 2002 3023 2107 3107; x_wconf 89' lang='lat' dir='ltr'><strong>sit,</strong></span> <span class='ocrx_word' id='word_1_206' title='bbox 2159 3023 2450 3091; x_wconf 86' lang='lat' dir='ltr'><strong>evaserit.</strong></span> 
     </span>
    </p>

    <p class='ocr_par' dir='ltr' id='par_1_3' title="bbox 185 3136 2460 4041">
     <span class='ocr_line' id='line_1_25' title="bbox 271 3136 2460 3234; baseline -0.001 -26"><span class='ocrx_word' id='word_1_207' title='bbox 271 3137 402 3212; x_wconf 90' lang='lat' dir='ltr'><strong>Non</strong></span> <span class='ocrx_word' id='word_1_208' title='bbox 429 3141 753 3212; x_wconf 84' lang='lat' dir='ltr'><strong>absimilis</strong></span> <span class='ocrx_word' id='word_1_209' title='bbox 793 3143 966 3234; x_wconf 87' lang='lat' dir='ltr'><strong>apud</strong></span> <span class='ocrx_word' id='word_1_210' title='bbox 1001 3140 1266 3210; x_wconf 86' lang='lat' dir='ltr'><strong>Latinos</strong></span> <span class='ocrx_word' id='word_1_211' title='bbox 1311 3140 1625 3232; x_wconf 84' lang='lat' dir='ltr'><strong>gradatio.</strong></span> <span class='ocrx_word' id='word_1_212' title='bbox 1681 3136 1748 3210; x_wconf 89' lang='lat' dir='ltr'><strong>S.</strong></span> <span class='ocrx_word' id='word_1_213' title='bbox 1806 3137 2191 3209; x_wconf 81' lang='lat' dir='ltr'><strong>Benedictus</strong></span> <span class='ocrx_word' id='word_1_214' title='bbox 2238 3139 2460 3206; x_wconf 86' lang='lat' dir='ltr'><strong>statuit</strong></span> 
     </span>
     <span class='ocr_line' id='line_1_26' title="bbox 193 3254 2455 3352; baseline 0.002 -32"><span class='ocrx_word' id='word_1_215' title='bbox 193 3261 267 3320; x_wconf 88' lang='lat' dir='ltr'><strong>ut</strong></span> <span class='ocrx_word' id='word_1_216' title='bbox 315 3259 755 3352; x_wconf 87' lang='lat' dir='ltr'><strong>suscipiendus</strong></span> <span class='ocrx_word' id='word_1_217' title='bbox 805 3258 876 3326; x_wconf 90' lang='lat' dir='ltr'><strong>in</strong></span> <span class='ocrx_word' id='word_1_218' title='bbox 926 3257 1202 3326; x_wconf 75' lang='lat' dir='ltr'><strong>oratoiio</strong></span> <span class='ocrx_word' id='word_1_219' title='bbox 1255 3278 1483 3328; x_wconf 88' lang='lat' dir='ltr'><strong>coram</strong></span> <span class='ocrx_word' id='word_1_220' title='bbox 1532 3255 1843 3325; x_wconf 88' lang='lat' dir='ltr'><strong>omnibus</strong></span> <span class='ocrx_word' id='word_1_221' title='bbox 1914 3255 2339 3344; x_wconf 74' lang='lat' dir='ltr'><strong>promitteret-</strong></span> <span class='ocrx_word' id='word_1_222' title='bbox 2374 3254 2455 3324; x_wconf 90' lang='lat' dir='ltr'><strong>de</strong></span> 
     </span>
     <span class='ocr_line' id='line_1_27' title="bbox 190 3369 2457 3472; baseline 0.002 -37"><span class='ocrx_word' id='word_1_223' title='bbox 190 3369 542 3444; x_wconf 79' lang='lat' dir='ltr'><strong>stabilitate</strong></span> <span class='ocrx_word' id='word_1_224' title='bbox 565 3396 692 3443; x_wconf 81' lang='lat' dir='ltr'><strong>sua</strong></span> <span class='ocrx_word' id='word_1_225' title='bbox 711 3379 773 3444; x_wconf 88' lang='lat' dir='ltr'><strong>et</strong></span> <span class='ocrx_word' id='word_1_226' title='bbox 801 3373 1218 3472; x_wconf 78' lang='lat' dir='ltr'><strong>conversione</strong></span> <span class='ocrx_word' id='word_1_227' title='bbox 1246 3395 1509 3442; x_wconf 81' lang='lat' dir='ltr'><strong>morum</strong></span> <span class='ocrx_word' id='word_1_228' title='bbox 1530 3393 1829 3456; x_wconf 81' lang='lat' dir='ltr'><strong>suorum,</strong></span> <span class='ocrx_word' id='word_1_229' title='bbox 1872 3378 1938 3438; x_wconf 91' lang='lat' dir='ltr'><strong>et</strong></span> <span class='ocrx_word' id='word_1_230' title='bbox 1960 3369 2327 3441; x_wconf 77' lang='lat' dir='ltr'><strong>obedientia</strong></span> <span class='ocrx_word' id='word_1_231' title='bbox 2352 3393 2457 3440; x_wconf 89' lang='lat' dir='ltr'><strong>co-</strong></span> 
     </span>
     <span class='ocr_line' id='line_1_28' title="bbox 187 3485 2454 3579; baseline -0 -27"><span class='ocrx_word' id='word_1_232' title='bbox 187 3505 328 3554; x_wconf 82' lang='lat' dir='ltr'><strong>ram</strong></span> <span class='ocrx_word' id='word_1_233' title='bbox 369 3487 500 3558; x_wconf 88' lang='lat' dir='ltr'><strong>Deo</strong></span> <span class='ocrx_word' id='word_1_234' title='bbox 527 3497 596 3560; x_wconf 87' lang='lat' dir='ltr'><strong>et</strong></span> <span class='ocrx_word' id='word_1_235' title='bbox 627 3491 862 3560; x_wconf 87' lang='lat' dir='ltr'><strong>sanctis</strong></span> <span class='ocrx_word' id='word_1_236' title='bbox 905 3491 1067 3579; x_wconf 72' lang='lat' dir='ltr'><strong>eJus,</strong></span> <span class='ocrx_word' id='word_1_237' title='bbox 1125 3497 1188 3556; x_wconf 88' lang='lat' dir='ltr'><strong>et</strong></span> <span class='ocrx_word' id='word_1_238' title='bbox 1233 3488 1314 3558; x_wconf 89' lang='lat' dir='ltr'><strong>de</strong></span> <span class='ocrx_word' id='word_1_239' title='bbox 1363 3489 1485 3559; x_wconf 85' lang='lat' dir='ltr'><strong>hac</strong></span> <span class='ocrx_word' id='word_1_240' title='bbox 1524 3485 1965 3578; x_wconf 80' lang='lat' dir='ltr'><strong>promissione</strong></span> <span class='ocrx_word' id='word_1_241' title='bbox 2006 3486 2240 3557; x_wconf 87' lang='lat' dir='ltr'><strong>faceret</strong></span> <span class='ocrx_word' id='word_1_242' title='bbox 2275 3485 2454 3576; x_wconf 81' lang='lat' dir='ltr'><strong>peti-</strong></span> 
     </span>
     <span class='ocr_line' id='line_1_29' title="bbox 189 3601 2451 3693; baseline -0.002 -23"><span class='ocrx_word' id='word_1_243' title='bbox 189 3601 450 3690; x_wconf 81' lang='lat' dir='ltr'><strong>tionem,</strong></span> <span class='ocrx_word' id='word_1_244' title='bbox 475 3602 560 3674; x_wconf 80' lang='lat' dir='ltr'><strong>ad</strong></span> <span class='ocrx_word' id='word_1_245' title='bbox 589 3625 832 3674; x_wconf 87' lang='lat' dir='ltr'><strong>nomen</strong></span> <span class='ocrx_word' id='word_1_246' title='bbox 893 3610 1266 3674; x_wconf 89' lang='lat' dir='ltr'><strong>sanctorum</strong></span> <span class='ocrx_word' id='word_1_247' title='bbox 1323 3624 1605 3693; x_wconf 87' lang='lat' dir='ltr'><strong>quorum</strong></span> <span class='ocrx_word' id='word_1_248' title='bbox 1656 3601 1951 3692; x_wconf 82' lang='lat' dir='ltr'><strong>reliquiae</strong></span> <span class='ocrx_word' id='word_1_249' title='bbox 1990 3603 2087 3674; x_wconf 90' lang='lat' dir='ltr'><strong>ibi</strong></span> <span class='ocrx_word' id='word_1_250' title='bbox 2137 3603 2451 3682; x_wconf 88' lang='lat' dir='ltr'><strong>adessent,</strong></span> 
     </span>
     <span class='ocr_line' id='line_1_30' title="bbox 185 3714 2457 3812; baseline -0.001 -28"><span class='ocrx_word' id='word_1_251' title='bbox 185 3728 248 3786; x_wconf 87' lang='lat' dir='ltr'><strong>et</strong></span> <span class='ocrx_word' id='word_1_252' title='bbox 299 3720 564 3790; x_wconf 81' lang='lat' dir='ltr'><strong>Abbatis</strong></span> <span class='ocrx_word' id='word_1_253' title='bbox 647 3720 1019 3812; x_wconf 78' lang='lat' dir='ltr'><strong>praesentis3</strong></span> <span class='ocrx_word' id='word_1_254' title='bbox 1096 3741 1241 3788; x_wconf 88' lang='lat' dir='ltr'><strong>eam</strong></span> <span class='ocrx_word' id='word_1_255' title='bbox 1317 3739 1467 3787; x_wconf 87' lang='lat' dir='ltr'><strong>vero</strong></span> <span class='ocrx_word' id='word_1_256' title='bbox 1537 3720 1941 3810; x_wconf 85' lang='lat' dir='ltr'><strong>petitionem,</strong></span> <span class='ocrx_word' id='word_1_257' title='bbox 2013 3724 2125 3787; x_wconf 89' lang='lat' dir='ltr'><strong>aut</strong></span> <span class='ocrx_word' id='word_1_258' title='bbox 2196 3714 2457 3805; x_wconf 86' lang='lat' dir='ltr'><strong>propria</strong></span> 
     </span>
     <span class='ocr_line' id='line_1_31' title="bbox 189 3830 2456 3926; baseline -0.001 -26"><span class='ocrx_word' id='word_1_259' title='bbox 189 3853 404 3917; x_wconf 82' lang='lat' dir='ltr'><strong>manu,</strong></span> <span class='ocrx_word' id='word_1_260' title='bbox 429 3842 566 3925; x_wconf 88' lang='lat' dir='ltr'><strong>aut,</strong></span> <span class='ocrx_word' id='word_1_261' title='bbox 619 3837 675 3904; x_wconf 88' lang='lat' dir='ltr'><strong>si</strong></span> <span class='ocrx_word' id='word_1_262' title='bbox 726 3834 970 3904; x_wconf 88' lang='lat' dir='ltr'><strong>litteras</strong></span> <span class='ocrx_word' id='word_1_263' title='bbox 1011 3836 1306 3923; x_wconf 77' lang='lat' dir='ltr'><strong>nesciret,</strong></span> <span class='ocrx_word' id='word_1_264' title='bbox 1365 3834 1449 3902; x_wconf 84' lang='lat' dir='ltr'><strong>ab</strong></span> <span class='ocrx_word' id='word_1_265' title='bbox 1502 3833 1631 3902; x_wconf 86' lang='lat' dir='ltr'><strong>aiio</strong></span> <span class='ocrx_word' id='word_1_266' title='bbox 1686 3835 2019 3926; x_wconf 87' lang='lat' dir='ltr'><strong>scriptam,</strong></span> <span class='ocrx_word' id='word_1_267' title='bbox 2074 3835 2139 3898; x_wconf 89' lang='lat' dir='ltr'><strong>et</strong></span> <span class='ocrx_word' id='word_1_268' title='bbox 2185 3830 2373 3916; x_wconf 84' lang='lat' dir='ltr'><strong>signo</strong></span> <span class='ocrx_word' id='word_1_269' title='bbox 2419 3850 2456 3896; x_wconf 89' lang='lat' dir='ltr'><strong>a</strong></span> 
     </span>
     <span class='ocr_line' id='line_1_32' title="bbox 189 3942 2448 4041; baseline -0.001 -27"><span class='ocrx_word' id='word_1_270' title='bbox 189 3965 262 4014; x_wconf 84' lang='lat' dir='ltr'><strong>se</strong></span> <span class='ocrx_word' id='word_1_271' title='bbox 291 3947 626 4033; x_wconf 83' lang='lat' dir='ltr'><strong>firmatam,</strong></span> <span class='ocrx_word' id='word_1_272' title='bbox 659 3949 846 4020; x_wconf 86' lang='lat' dir='ltr'><strong>altari</strong></span> <span class='ocrx_word' id='word_1_273' title='bbox 891 3949 1291 4041; x_wconf 89' lang='lat' dir='ltr'><strong>imponeret;</strong></span> <span class='ocrx_word' id='word_1_274' title='bbox 1341 3969 1416 4018; x_wconf 80' lang='lat' dir='ltr'><strong>ac</strong></span> <span class='ocrx_word' id='word_1_275' title='bbox 1460 3970 1609 4018; x_wconf 86' lang='lat' dir='ltr'><strong>mox</strong></span> <span class='ocrx_word' id='word_1_276' title='bbox 1668 3948 1808 4018; x_wconf 81' lang='lat' dir='ltr'><strong>haec</strong></span> <span class='ocrx_word' id='word_1_277' title='bbox 1856 3945 2049 4016; x_wconf 87' lang='lat' dir='ltr'><strong>verba</strong></span> <span class='ocrx_word' id='word_1_278' title='bbox 2098 3942 2448 4033; x_wconf 87' lang='lat' dir='ltr'><strong>proferret:</strong></span> 
     </span>
    </p>
   </div>
   <div class='ocr_carea' id='block_1_3' title="bbox 196 4247 2445 4496">
    <p class='ocr_par' dir='ltr' id='par_1_4' title="bbox 196 4247 2445 4496">
     <span class='ocr_line' id='line_1_33' title="bbox 255 4247 2445 4323; baseline 0.003 -27"><span class='ocrx_word' id='word_1_279' title='bbox 255 4247 324 4306; x_wconf 72' lang='lat' dir='ltr'><strong>u)</strong></span> <span class='ocrx_word' id='word_1_280' title='bbox 351 4247 418 4298; x_wconf 86' lang='lat' dir='ltr'><strong>De</strong></span> <span class='ocrx_word' id='word_1_281' title='bbox 435 4252 547 4304; x_wconf 80' lang='lat' dir='ltr'><strong>eccl.</strong></span> <span class='ocrx_word' id='word_1_282' title='bbox 586 4252 736 4315; x_wconf 62' lang='lat' dir='ltr'><strong>haer„</strong></span> <span class='ocrx_word' id='word_1_283' title='bbox 767 4263 884 4316; x_wconf 80' lang='lat' dir='ltr'><strong>cap.</strong></span> <span class='ocrx_word' id='word_1_284' title='bbox 914 4255 966 4315; x_wconf 78' lang='grc'><strong>6,</strong></span> <span class='ocrx_word' id='word_1_285' title='bbox 996 4255 1130 4308; x_wconf 86' lang='lat' dir='ltr'><strong>tom.</strong></span> <span class='ocrx_word' id='word_1_286' title='bbox 1173 4255 1194 4304; x_wconf 92' lang='lat'><strong>1</strong></span> <span class='ocrx_word' id='word_1_287' title='bbox 1233 4252 1453 4317; x_wconf 83' lang='lat' dir='ltr'><strong>operum</strong></span> <span class='ocrx_word' id='word_1_288' title='bbox 1492 4249 1551 4300; x_wconf 88' lang='lat' dir='ltr'><strong>S.</strong></span> <span class='ocrx_word' id='word_1_289' title='bbox 1582 4249 1807 4323; x_wconf 71' lang='lat' dir='ltr'><strong>Dionysii</strong></span> <span class='ocrx_word' id='word_1_290' title='bbox 1836 4247 2053 4311; x_wconf 62' lang='lat' dir='ltr'><strong>areop„</strong></span> <span class='ocrx_word' id='word_1_291' title='bbox 2089 4262 2143 4315; x_wconf 82' lang='lat' dir='ltr'><strong>p.</strong></span> <span class='ocrx_word' id='word_1_292' title='bbox 2183 4253 2296 4312; x_wconf 80' lang='lat'><strong>³87,</strong></span> <span class='ocrx_word' id='word_1_293' title='bbox 2320 4252 2445 4303; x_wconf 86' lang='lat' dir='ltr'><strong>edit.</strong></span> 
     </span>
     <span class='ocr_line' id='line_1_34' title="bbox 196 4331 756 4404; baseline 0.021 -22"><span class='ocrx_word' id='word_1_294' title='bbox 196 4331 422 4400; x_wconf 75' lang='lat' dir='ltr'><strong>corderii,</strong></span> <span class='ocrx_word' id='word_1_295' title='bbox 447 4342 582 4404; x_wconf 74' lang='lat' dir='ltr'><strong>Ant..</strong></span> <span class='ocrx_word' id='word_1_296' title='bbox 612 4342 730 4394; x_wconf 69' lang='lat'><strong>1634</strong></span> <span class='ocrx_word' id='word_1_297' title='bbox 743 4381 756 4396; x_wconf 95' lang='lat'><strong>.</strong></span> 
     </span>
     <span class='ocr_line' id='line_1_35' title="bbox 263 4423 1953 4496; baseline -0.001 -12"><span class='ocrx_word' id='word_1_298' title='bbox 263 4423 434 4484; x_wconf 67' lang='lat' dir='ltr'><strong>metr.</strong></span> <span class='ocrx_word' id='word_1_299' title='bbox 463 4429 612 4494; x_wconf 72' lang='lat' dir='ltr'><strong>Goar,</strong></span> <span class='ocrx_word' id='word_1_300' title='bbox 635 4432 840 4484; x_wconf 63' lang='lat' dir='ltr'><strong>situata</strong></span> <span class='ocrx_word' id='word_1_301' title='bbox 871 4431 1070 4494; x_wconf 63' lang='lat' dir='ltr'><strong>Graec..</strong></span> <span class='ocrx_word' id='word_1_302' title='bbox 1092 4445 1204 4496; x_wconf 74' lang='lat' dir='ltr'><strong>pag.</strong></span> <span class='ocrx_word' id='word_1_303' title='bbox 1224 4434 1335 4493; x_wconf 75' lang='lat'><strong>⁴⁷5,</strong></span> <span class='ocrx_word' id='word_1_304' title='bbox 1356 4433 1477 4494; x_wconf 72' lang='lat'><strong>479,</strong></span> <span class='ocrx_word' id='word_1_305' title='bbox 1500 4429 1613 4490; x_wconf 70' lang='lat'><strong>5⁰5.</strong></span> <span class='ocrx_word' id='word_1_306' title='bbox 1633 4429 1725 4480; x_wconf 78' lang='lat'><strong>5⁰6</strong></span> <span class='ocrx_word' id='word_1_307' title='bbox 1754 4431 1805 4482; x_wconf 80' lang='lat' dir='ltr'><strong>et</strong></span> <span class='ocrx_word' id='word_1_308' title='bbox 1836 4430 1953 4482; x_wconf 80' lang='lat'><strong>507.</strong></span> 
     </span>
    </p>
   </div>
  </div>
 </body>
</html>
