2834 4959
412 351 537 408 400
986 351 1325 400 ΤΒΑΟΤΔΤΙΙΒ
1364 350 1446 399 ΒΕ
1488 350 1640 398 sm
1677 346 2102 397 anonumum.

500 478 565 547 2ο
616 476 741 547 Pro
794 480 967 545 certo
1020 472 1246 543 habuit
1294 472 1472 541 idem
1523 469 1816 539 Pontifex
1877 490 2064 561 posse
2114 473 2260 539 tum
2321 492 2362 539 a
2417 470 2690 556 dioecesi,
2794 508 2795 545 1

414 602 558 666 tum
606 616 641 663 a
678 590 1143 661 communitate
1179 586 1511 676 religiosa,
1543 607 1691 655 vere
1729 583 2040 675 possideri
2083 584 2260 655 bona
2305 589 2694 679 temporalia,
2794 642 2795 649 ,

416 714 491 781 in
554 712 635 779 iis
698 707 1097 799 regionibus,
1168 704 1239 773 in
1308 702 1550 793 quibus
1617 702 1720 772 lex
1783 698 2112 769 saecuflaris
2173 700 2354 771 hanc
2423 703 2695 774 dioecoeis

418 831 528 895 aut
580 822 1125 893 communitatum
1186 816 1645 908 religiosarum
1711 812 2085 905 possidendi
2141 814 2510 885 facultatem
2565 838 2688 887 non
2794 874 2795 919 7

421 938 738 1031 agnoscit.

514 1056 578 1125 3⁰
622 1053 784 1123 Item
834 1071 947 1142 pro
996 1053 1169 1119 certo
1212 1044 1469 1131 habuit,
1521 1064 1632 1114 eos
1677 1043 2028 1131 religiosoS‚
2079 1043 2206 1113 sub
2251 1065 2536 1135 quorum
2579 1066 2692 1115 no·
2794 1074 2795 1091 κ

424 1172 602 1239 mine
645 1170 814 1239 bona
857 1162 1341 1237 communitatis
1386 1160 1866 1243 inscribuntur,
1913 1160 2214 1251 quamvis
2257 1161 2393 1229 sint
2435 1161 2692 1231 civiliter
2794 1184 2795 1259 l

424 1288 746 1357 bonorum
796 1284 1065 1352 illorum
1112 1278 1389 1364 domini,
1441 1298 1659 1347 revera
1709 1283 1926 1346 tamen
1971 1275 2238 1345 nullum
2293 1278 2370 1345 in
2421 1298 2497 1345 ea
2539 1277 2689 1347 bona
2794 1292 2795 1355 t

423 1400 791 1472 dominium
835 1398 1213 1488 acquirere3
1272 1398 1580 1483 actusque
1631 1391 1848 1461 civiles
1907 1392 1990 1461 ab
2035 1390 2264 1460 iisdem
2317 1392 2486 1461 circa
2539 1394 2692 1483 ejus·
2794 1438 2795 1457 ι

429 1518 605 1588 modi
656 1518 827 1585 bona
874 1521 1107 1603 gestos,
1168 1532 1588 1601 nequaquam
1643 1532 1782 1581 esse
1824 1511 1962 1579 veri
1998 1510 2276 1579 dominii
2325 1516 2534 1598 actus,
2586 1511 2691 1579 sed
2794 1514 2795 1571 i

424 1633 735 1701 duntaxat
760 1650 955 1699 merae
982 1627 1584 1697 administrationis.

517 1744 607 1813 Ex
652 1766 779 1835 quo
822 1744 1105 1833 rigorose
1150 1743 1472 1833 sequitur,
1516 1762 1700 1832 posse
1745 1746 1910 1809 stare
1951 1746 2176 1809 votum
2211 1738 2488 1812 solemne
2527 1760 2682 1829 pau-
2793 1686 2795 1843 1

427 1860 685 1952 perlatis
716 1859 785 1927 in
814 1857 1139 1947 religioso,
1170 1857 1293 1927 sub
1342 1858 1536 1946 cujus
1561 1855 1834 1924 nomine
1865 1856 2034 1925 bona
2079 1852 2548 1924 communitatis
2589 1856 2690 1923 in·
2794 1884 2795 1895 ¹

426 1976 830 2055 scribuntur,
864 1974 1069 2063 etqui
1098 1971 1398 2041 civiliter
1435 1992 1512 2039 ea
1537 1970 1710 2038 bona
1739 1968 2042 2060 possidet.
2075 1966 2249 2037 Cum
2283 1968 2454 2037 enim
2480 1990 2552 2037 ex
2580 1968 2686 2038 hoc

427 2089 676 2159 nullius
724 2087 819 2156 rei
864 2108 1093 2156 verum
1134 2085 1508 2155 dominium
1556 2084 1896 2172 religiosus
1945 2082 2058 2151 ille
2105 2082 2422 2173 acquirat,
2467 2102 2685 2171 nequa-
2794 2098 2795 2163 g

428 2224 627 2291 quam
680 2222 815 2269 sese
860 2207 1092 2269 mutuo
1142 2200 1494 2270 excludunt
1548 2198 1658 2267 ille
1711 2197 2003 2267 civiliter
2047 2196 2420 2289 possidendi
2453 2196 2684 2280 modus),

426 2323 488 2387 et
536 2315 929 2403 incapacitas
977 2314 1279 2399 dominii,
1336 2314 1415 2383 ad
1471 2312 1602 2382 voti
1645 2313 2119 2383 solemnitatem
2159 2314 2534 2383 necessaria.
2579 2310 2687 2381 Sed
2794 2356 2795 2407 3

428 2432 508 2501 de
536 2432 662 2499 hoc
685 2430 1079 2497 consectario
1102 2429 1311 2497 fusius
1336 2427 1532 2497 infra.

514 2547 952 2613 Aaouumrun
988 2542 1099 2630 111,
1146 2565 1229 2611 ea:
1274 2542 1582 2613 absurdis
1618 2566 1765 2634 quoe
1803 2542 2108 2635 alioquin
2148 2554 2578 2635 sequerentur.
2607 2578 2688 2593 —-
2793 2534 2795 2603 ἰ

432 2662 494 2727 1⁰
542 2660 931 2750 Sequeretur
970 2659 1165 2729 hodie
1230 2658 1314 2729 ab
1360 2658 1646 2731 Ecclesia
1685 2660 1924 2749 injuste
1987 2646 2299 2749 possideri
2339 2660 2498 2729 bona
2531 2662 2685 2725 tem-

429 2776 669 2868 poralia
706 2777 778 2844 in
816 2775 1081 2867 Anglia,
1131 2774 1201 2844 in
1240 2773 1614 2855 Hollandia,
1655 2775 1728 2843 in
1775 2772 2062 2843 Statibus
2112 2774 2316 2843 unitis
2365 2773 2683 2854 Americae‚
2794 2778 2795 2825 ³

425 2900 547 2963 etc.
605 2890 861 2960 Etenim
918 2890 988 2959 in
1051 2890 1131 2959 iis
1184 2890 1584 2979 regionibuS,
1639 2888 1959 2979 ejusmodi
2003 2887 2176 2957 bona
2229 2890 2686 2979 acquisiverunt

424 3010 725 3077 dioeceses
767 3012 831 3077 et
874 3006 1371 3075 communitates
1419 3003 1778 3094 religiosae:
1817 3011 1888 3089 et,
1912 3006 2210 3094 quamvis
2247 3005 2416 3074 bona
2451 3005 2560 3077 illa
2585 3002 2687 3072 sub

424 3123 667 3212 aliquot
717 3122 1118 3214 privatorum
1174 3120 1440 3189 nomine
1495 3119 1960 3208 inscribantur,
2020 3140 2431 3211 nequaquam
2489 3126 2686 3186 tamen
2794 3146 2795 3157 ¹

426 3241 505 3307 ad
552 3239 697 3307 illos
738 3237 1019 3327 privatos
1072 3235 1392 3327 pertinere
1450 3242 1820 3325 censentur,
1875 3234 1984 3323 sed
2037 3236 2360 3306 habentur
2397 3242 2686 3323 tanquam
2794 3264 2795 3281 1

426 3350 592 3417 bona
652 3351 1121 3437 Ecclesiastica,
1171 3358 1235 3423 et
1284 3356 1752 3442 consequenter
1805 3351 2004 3420 libere
2057 3350 2136 3419 de
2193 3352 2274 3421 iis
2331 3352 2682 3443 disponunt,
2794 3406 2795 3421 2

422 3469 539 3559 qui
574 3472 686 3559 jus
728 3468 969 3541 habent
1016 3471 1191 3540 bona
1232 3470 1615 3560 dioeceseon,
1672 3470 1776 3541 vel
1819 3471 2372 3541 communitatum
2417 3470 2680 3547 illarum,
2794 3506 2795 3519 κ

422 3586 941 3657 administrandi.
978 3585 1265 3655 Aliunde
1304 3594 1524 3657 autem
1571 3589 1643 3656 in
1689 3587 1916 3655 iisdem
1954 3585 2336 3678 regionibus
2380 3587 2482 3655 lex
2507 3602 2684 3657 saecu·

423 3701 577 3769 laris
650 3702 837 3770 hasce
922 3682 1417 3771 communitates
1491 3700 1938 3771 ecclesiasticas
2017 3710 2081 3769 et
2165 3701 2495 3791 religiosas
2569 3716 2681 3767 non
2794 3684 2795 3739 f

423 3818 708 3908 agnoscit
750 3822 1065 3905 tanquam
1120 3814 1369 3885 habiles
1427 3816 1508 3885 ad
1564 3814 2050 3907 possidendum.
2105 3814 2282 3905 Ergo
2341 3818 2395 3885 si
2441 3816 2541 3883 lex
2583 3812 2681 3880 ista
2793 3888 2795 3899 ἢ

424 3933 739 4023 obligaret
796 3934 869 3999 in
938 3931 1329 4001 conscientia
1349 3982 1375 4015 ,
1449 3932 1760 4003 deberent
1807 3931 2095 4013 illarum
2143 3930 2500 4001 dioeceseon
2541 3926 2680 4013 Epi-

423 4046 627 4139 scopi,
675 4068 929 4117 necnon
956 4047 1273 4138 religiosae
1328 4048 1459 4117 illae
1511 4048 2034 4133 communitatem
2087 4047 2258 4117 bona
2304 4046 2443 4127 illa,
2485 4042 2682 4130 utpote

424 4164 562 4232 sine
597 4165 773 4253 justo
806 4162 993 4233 titulo
1032 4185 1069 4233 a
1110 4184 1177 4234 se
1233 4185 1540 4254 possessa,
1589 4164 1824 4233 habere
1865 4170 2175 4253 tanquam
2207 4154 2391 4231 ‘hona
2413 4155 2682 4229 derelicta

424 4276 576 4347 fisco
643 4275 1063 4378 adscribenda
1092 4330 1111 4359 ,
1194 4278 1494 4349 abdicare
1554 4285 1618 4346 et
1679 4277 2000 4369 gubernio
2066 4277 2342 4346 tradere.
2411 4267 2682 4344 Praescri-
2794 4288 2795 4293 ¹

422 4390 669 4477 ptiones
692 4398 913 4460 autem
940 4392 1151 4463 Sacrae
1192 4393 1722 4485 Congregationis
1755 4394 1834 4463 de
1883 4392 2302 4484 propaganda
2350 4390 2498 4475 fide,
2539 4398 2678 4475 quas
