2834 4959
469 308 552 367 82
1033 312 1374 362 moruus
1420 314 1499 361 nn
1542 314 1695 361 mas
1738 310 2159 361 nummu.

471 466 507 505 ε(
533 437 1162 529 comprehendimus.
1205 435 1329 505 Sed
1375 436 1545 505 nihil
1582 436 1845 520 horum,
1894 455 2009 525 per
2046 454 2113 503 se
2148 438 2307 501 etex
2332 436 2549 501 natura
2570 454 2688 520 sua,

471 555 742 625 «irritat
817 553 1310 623 matrimonium
1375 552 1793 647 subsequens.
1852 549 2019 620 Nam
2068 550 2147 617 de
2206 548 2535 617 traditione
2562 598 2580 635 ,
2642 554 2690 617 et

467 698 502 737 «
528 670 999 741 consecratione
1053 690 1168 738 seu
1217 668 1515 738 exteriori
1546 666 1755 739 forma
1810 665 2177 758 profitendi,
2211 666 2345 754 jam
2396 670 2687 731 ostensum

465 814 500 851 «
529 793 644 856 est.
698 784 1006 875 Idemque
1055 790 1149 853 est
1193 784 1276 853 de
1321 784 1778 875 promissione,
1840 789 1913 851 ut
1973 787 2225 850 certum
2262 779 2688 872 supponimus,
2765 824 2766 845 1

468 902 673 993 «quia
726 906 857 969 tota
905 899 1000 968 vis
1053 898 1196 991 talis
1246 896 1717 992 promissionis,
1771 898 1844 966 in
1898 902 2043 965 voto
2098 892 2380 987 simplici
2429 894 2689 963 castitatis

469 1052 504 1091 α
529 1021 898 1110 invenitu13
947 1026 1010 1088 et
1049 1026 1264 1089 tamen
1309 1040 1425 1109 per
1476 1040 1543 1087 se
1576 1040 1711 1087 non
1757 1018 1968 1086 reddit
1994 1036 2339 1109 personam
2378 1015 2459 1083 ad
2506 1014 2690 1083 matri-

465 1176 498 1210 «
527 1144 824 1213 monium
874 1139 1256 1209 inhabilem.
1309 1138 1531 1230 Neque
1568 1140 1764 1207 etiam
1816 1137 1883 1206 id
1931 1138 2176 1207 iaciunt
2216 1158 2293 1206 ex
2334 1136 2480 1229 jure
2507 1134 2691 1203 divino

465 1284 498 1322 «
524 1256 908 1348 positiv0...;
981 1254 1135 1343 quia
1187 1254 1310 1321 tale
1336 1256 1448 1344 jus
1504 1254 1807 1323 divinum
1858 1274 1978 1325 nec
2026 1254 2347 1344 scriptum
2392 1258 2485 1321 est
2528 1270 2691 1319 cano-

463 1398 498 1436 «
521 1374 686 1453 nice,
763 1392 886 1440 nec
953 1369 1172 1459 aliqua
1237 1375 1502 1459 patrum
1556 1376 1617 1437 et
1665 1368 1985 1439 Ecclesiae
2058 1369 2405 1438 traditione
2484 1364 2695 1437 ostendi

463 1514 498 1553 α
525 1492 750 1579 potest.
785 1486 1202 1575 Relinquitur
1219 1506 1377 1575 ergo
1405 1491 1483 1555 ut
1502 1507 1579 1555 ex
1612 1484 1746 1554 solo
1782 1488 1933 1577 Jnre
1962 1484 2393 1555 ecclesiastico
2416 1482 2478 1551 id
2504 1502 2697 1573 prove·

461 1628 496 1669 α
522 1604 678 1671 niat.
715 1628 750 1668 »
785 1600 982 1694 (Loco
1001 1602 1214 1681 citato,
1243 1621 1313 1670 n.
1351 1600 1446 1692 7.)

539 1715 848 1787 Contrahi
897 1720 1102 1807 potest
1141 1720 1270 1785 tota
1315 1716 1457 1783 haec
1514 1714 1804 1806 probatio
1842 1716 1915 1782 in
1964 1715 2145 1784 hunc
2188 1715 2464 1784 modum
2496 1731 2697 1801 :repo-

451 1833 662 1903 nenda
715 1839 812 1902 est
841 1833 1214 1902 solemnitas
1257 1830 1695 1901 substantialis
1740 1832 1809 1899 in
1838 1829 2143 1899 Ecclesiae
2176 1834 2419 1901 statuto
2446 1850 2555 1898 seu
2588 1826 2703 1894 dis-

449 1948 764 2041 positione
786 2003 805 2035 ,
862 1948 917 2016 si
952 1947 1124 2015 dicta
1167 1947 1537 2017 solemnitas
1584 1945 1756 2013 nihil
1810 1944 1987 2015 aliud
2044 1947 2152 2035 sit,
2216 1968 2425 2038 quam
2469 1946 2561 2013 vis
2611 1962 2701 2010 seu

447 2063 730 2134 efficacia
786 2064 914 2131 voti
969 2067 1276 2152 perpetuo
1329 2060 1790 2129 inhabilitandi
1830 2064 1914 2129 ad
1952 2061 2455 2131 matrimonium
2512 2057 2705 2127 subsc·
2771 2046 2772 2065 ¹

446 2198 678 2271 quens,
721 2183 784 2244 et
835 2177 930 2244 vis
977 2176 1086 2244 illa
1124 2196 1256 2243 non
1315 2174 1728 2264 superveniat
1776 2183 1945 2266 voto,
2004 2176 2237 2247 nisiex
2266 2183 2505 2247 statuto
2526 2172 2705 2245 eccle-

447 2294 742 2362 siastico:
785 2291 965 2381 atqui
1004 2290 1144 2359 haec
1183 2291 1314 2359 duo
1371 2294 1543 2359 certa
1594 2298 1771 2380 sunt,
1821 2299 1885 2360 et
1923 2298 2301 2383 sequuntur
2350 2315 2428 2363 ex
2452 2293 2705 2361 duarum

451 2411 744 2500 priorum
789 2408 1180 2498 opinionum
1209 2405 1653 2475 confutatione
1684 2430 1703 2476 t

543 2524 624 2591 Et
655 2523 716 2590 1ο
757 2523 1032 2612 quidem
1079 2521 1573 2591 substantialem
1632 2522 1761 2591 voti
1814 2521 2295 2592 solemnitatem
2342 2524 2515 2593 nihil
2558 2518 2709 2591 aliud

451 2662 588 2709 esse
629 2660 828 2731 quam
879 2640 1015 2707 vim
1060 2644 1371 2729 perpetuo
1415 2636 1875 2706 inhabilitandi
1922 2638 2001 2706 ad
2042 2641 2545 2710 matrimonium
2572 2636 2715 2705 sub·

452 2776 749 2847 sequens,
795 2755 1068 2823 omnino
1119 2754 1447 2824 evincitur
1494 2775 1570 2821 ex
1622 2774 1698 2821 eo
1736 2754 1936 2843 quod,
1982 2754 2037 2822 si
2088 2760 2323 2824 votum
2372 2756 2513 2824 vim
2560 2753 2715 2822 illam

455 2871 683 2941 habeat
706 2923 725 2956 ,
775 2874 950 2939 certo
988 2870 1275 2937 solemne
1329 2869 1457 2951 sit,
1508 2888 1625 2937 nec
1674 2867 1871 2957 possit
1932 2888 2065 2936 non
2114 2890 2256 2939 esse
2316 2872 2635 2958 solemne3
2676 2866 2719 2935 si

453 3010 604 3057 vero
641 3010 774 3057 non
813 2988 1070 3073 habeat,
1127 3008 1540 3077 nequaquam
1582 2986 1867 3054 solemne
1910 2987 2015 3071 sit,
2048 2986 2157 3054 sed
2191 2990 2505 3081 simplex.
2546 2988 2621 3059 Et
2641 3007 2722 3052 re-

455 3126 601 3172 vera
660 3124 1056 3194 quocunque
1097 3104 1288 3171 modo
1335 3102 1446 3169 flat
1496 3102 1795 3170 castitatis
1842 3109 2092 3186 votum,
2140 3110 2203 3170 et
2258 3076 2589 3198 quidquid
2638 3122 2725 3169 ex·

454 3222 767 3307 cogitetur
807 3220 932 3310 ipsi
977 3218 1491 3311 superadditum,
1524 3218 1651 3285 nisi
1690 3217 1931 3287 dictam
1986 3220 2122 3287 vim
2158 3221 2572 3315 subsequens
2608 3240 2725 3287 ma-

453 3334 840 3401 trimonium
893 3333 1191 3403 irritandi
1237 3332 1492 3421 habeat,
1548 3334 1923 3403 nullatenus
1966 3335 2090 3403 erit
2138 3342 2254 3404 aut
2312 3338 2454 3408 dici
2514 3336 2723 3429 poterit

454 3447 956 3519 substantialiter
999 3449 1311 3530 solemne,
1349 3452 1530 3538 juxta
1578 3470 1842 3517 sensum
1890 3450 1961 3517 in
1981 3454 2132 3539 jure
2162 3460 2542 3545 receptum.
2571 3450 2727 3537 Ergo

453 3568 578 3635 erit
603 3564 1016 3633 solummodo
1059 3563 1353 3654 simplex.
1405 3564 1575 3653 Ergo
1612 3570 1835 3631 votum
1882 3566 2185 3635 castitatis
2220 3566 2731 3637 substantialiter

451 3681 741 3747 solemne
759 3698 894 3746 non
920 3678 1134 3746 differt
1161 3702 1198 3747 a
1225 3680 1530 3769 simplici,
1561 3681 1685 3747 nisi
1716 3680 2042 3770 perillam
2062 3680 2196 3749 vim
2226 3684 2731 3752 matrimonium

453 3796 848 3886 subsequens
887 3794 1232 3876 irritandi3
1297 3804 1685 3884 possuntque
1725 3800 1951 3863 caetera
1996 3798 2216 3865 omnia
2272 3798 2352 3865 in
2396 3805 2550 3868 voto
2592 3795 2737 3864 sim-

454 3909 609 3997 plici
641 3907 934 4000 reperiri,
969 3910 1128 3997 quin
1151 3908 1398 3979 desinat
1426 3934 1561 3978 esse
1588 3910 1881 4000 simplex.

545 4022 612 4089 2⁰
660 4022 779 4092 Vis
823 4025 936 4093 illa
993 4044 1126 4092 non
1183 4027 1553 4110 supervenit
1598 4034 1741 4095 voto
1796 4028 1922 4095 nisi
1976 4048 2048 4095 ex
2097 4033 2341 4099 statuto
2412 4026 2739 4099 Ecclesiae.

453 4136 618 4204 Nam
675 4141 728 4204 si
767 4141 1032 4209 aliunde
1083 4142 1180 4207 vis
1225 4140 1335 4208 illa
1365 4142 1709 4232 repetenda
1752 4144 1933 4230 soret,
1987 4138 2353 4213 dicendum
2408 4152 2581 4214 esset
2606 4160 2739 4211 eam

455 4260 597 4319 voto
648 4254 972 4343 accedere,
1022 4256 1118 4323 vel
1167 4278 1284 4346 per
1321 4256 1597 4324 formam
1638 4259 1842 4348 ipsam
1898 4259 1967 4325 in
1998 4258 2355 4327 emissione
2398 4262 2535 4329 voti
2563 4256 2743 4329 adhi-

452 4368 684 4450 bitam,
727 4368 826 4437 vel
859 4394 972 4459 per
1016 4373 1425 4443 traditionem
1476 4376 1598 4465 ipsi
1646 4376 2040 4463 adjunctam.
2098 4374 2241 4444 Non
2290 4378 2493 4445 enim
2550 4376 2747 4469 potest
