2834 4959
1177 351 1327 414 mas
1370 351 1629 412 ouum.
2406 349 2533 405 555

1163 627 1451 699 CAPUT
1483 627 1599 700 111.
1790 650 1795 662 ·

687 835 768 879 An
811 831 982 890 Qun!
1013 830 1362 881 Pnn'mma‘r
1400 829 1691 878 Novrrms
1730 829 2111 894 4931}OEss-

337 1029 682 1123 Duplieem
711 1030 1132 1100 instituemus
1155 1026 1683 1119 paragraphum:
1736 1027 1801 1098 1⁰
1841 1031 2259 1120 exquiramus
2303 1035 2527 1100 utrum

239 1144 528 1236 receptio
555 1145 952 1216 novitiorum
975 1146 1066 1214 ita
1101 1143 1186 1211 sit
1207 1162 1404 1234 penes
1432 1126 1729 1215 ordinem
1762 1143 2171 1236 religiosum,
2192 1148 2267 1216 ut
2303 1145 2525 1238 nulla·-

239 1267 436 1332 tenus
455 1261 813 1353 dependeat
835 1261 920 1332 ab
961 1257 1304 1329 Ordinatio
1331 1279 1447 1328 seu
1476 1258 1601 1328 loci
1626 1257 1963 1354 Epiaoopm
2020 1261 2090 1329 2⁰
2119 1260 2333 1356 Posito
2352 1262 2525 1351 quod

237 1373 414 1442 dicta
465 1373 772 1445 admissio
821 1381 948 1446 tota
1015 1373 1102 1444 sit
1158 1393 1356 1465 penes
1407 1373 1791 1464 religiosum
1832 1375 2153 1459 ordinem,
2207 1375 2528 1467 expende-

242 1509 399 1557 mus
449 1511 568 1581 per
619 1511 938 1581 quosnam
999 1486 1250 1556 ordinis
1313 1508 1429 1556 seu
1485 1488 1975 1558 communitatis
2040 1490 2373 1580 religiosos
2421 1491 2526 1558 sa·-

243 1603 476 1682 ,cienda
508 1606 614 1674 sit.

1283 1832 1324 1922 g
1377 1829 1425 1898 1.
1556 1887 1565 1896 .

251 1994 438 2066 Utrum
471 2014 781 2064 novitiorum
819 2014 1052 2068 admissio
1076 2017 1148 2066 tta
1185 2017 1254 2066 sit
1279 2025 1434 2080 penes
1460 2013 1745 2078 religiosum
1765 2013 2013 2078 ordinem,
2036 2017 2097 2066 ut
2132 2013 2425 2066 nullatenus
2459 2013 2523 2064 ab

1035 2105 1276 2170 Episcopo
1293 2103 1390 2155 loct
1419 2103 1725 2168 dependeat.

333 2319 708 2392 Pnorosmo
754 2321 836 2392 1⁸.
871 2359 960 2376 -
1003 2325 1100 2394 De
1139 2325 1293 2414 jure
1342 2325 1701 2416 communi,
1732 2322 2407 2416 virorum‘reliqiones
2440 2321 2522 2390 ab

241 2440 296 2506 Α
293 2437 626 2529 postolica
647 2437 795 2508 sede
821 2438 1216 2530 approbatae
1241 2439 1635 2515 nullatenus
1652 2441 1737 2511 ab
1772 2439 2131 2511 Ordinario
2158 2435 2525 2530 dependent

227 2573 366 2644 pro
387 2551 832 2632 admittendis
857 2566 981 2623 aut
1001 2552 1380 2651 reja‘ciendis
1407 2557 1713 2628 novitiis.
1733 2595 1825 2611 ·-
1842 2557 2307 2642 Quaestionem,
2332 2575 2373 2622 a
2390 2573 2521 2642 quo

239 2667 530 2738 facienda
541 2670 622 2738 sit
636 2672 1040 2740 novitiorum
1058 2671 2015 2763 receptio,expenditSuaresius
2032 2671 2135 2760 (de
2148 2670 2519 2761 Reliqione‚

243 2789 422 2852 tomo
447 2783 512 2872 3,
547 2790 820 2856 tractatu
851 2785 918 2872 7,
971 2785 1022 2856 1.
1053 2786 1122 2869 5,
1153 2807 1299 2878 cap.
1357 2786 1463 2877 10)
1508 2787 1579 2854 in
1628 2784 1811 2855 hunc
1858 2784 2183 2854 modum:
2228 2807 2263 2848 α
2308 2783 2528 2862 Quaeri

247 2923 288 2961 a
315 2904 516 2989 potest
585 2900 762 2991 apud
817 2921 1014 2990 quem
1074 2903 1158 2970 sit
1210 2902 1356 2972 haec
1399 2905 1698 2993 potestas.
1778 2897 1891 2968 Est
1966 2903 2189 2966 autem
2234 2903 2485 2964 certum
2502 2949 2520 2980 ‚

247 3035 286 3078 α
315 3013 627 3104 primario
670 3035 746 3083 ac
788 3014 1234 3106 principaliter
1299 3037 1435 3086 esse
1480 3017 1551 3084 in
1606 3032 1867 3085 summo
1912 3008 2241 3082 pontifice.
2274 3008 2401 3080 Sed
2445 3009 2525 3079 de

249 3151 288 3191 «
313 3125 440 3201 hoc
493 3149 629 3200 non
669 3131 958 3220 agimus,
1025 3132 1181 3222 quia
1207 3132 1348 3224 ipse
1391 3154 1527 3203 non
1556 3131 1717 3202 solet
1766 3131 1891 3200 hae
1940 3133 2247 3222 potestate
2282 3128 2523 3196 imme-

245 3267 283 3306 α
307 3243 480 3314 diate
519 3247 641 3317 uti.
674 3245 1048 3327 Quaerimus
1093 3253 1310 3318 autem
1345 3249 1430 3320 de⁴
1474 3247 1588 3320 illo
1628 3249 1699 3318 in
1738 3267 1871 3339 quo
1914 3251 2010 3316 est
2044 3244 2335 3336 proxime
2386 3242 2526 3312 haeo

251 3381 288 3422 ιι
315 3364 612 3450 potestas.
1778 3353 1785 3362 ’
2568 3348 2578 3352 ’

339 3496 378 3538 α
398 3472 476 3544 ln
523 3495 654 3566 quo
681 3482 778 3546 est
829 3478 1117 3548 seeundo
1155 3485 1435 3568 certum,
1484 3477 1661 3547 hane
1700 3487 2099 3570 potestatem
2140 3475 2529 3546 immediate

253 3611 291 3652 α
315 3606 452 3656 esse
475 3589 548 3658 in
593 3591 896 3682 qualibet
921 3592 1248 3685 reliqt'one
1291 3593 1669 3685 approbata
1703 3615 1827 3685 per
1869 3591 2297 3682 Pontificem,
2328 3601 2396 3656 et
2456 3589 2527 3656 in

251 3727 286 3764 α
339 3703 494 3772 tola
519 3699 672 3774 illa.
722 3708 1033 3778 Primum
1061 3716 1258 3802 patet,
1279 3710 1439 3800 quia
1482 3729 1560 3778 ex
1586 3709 1653 3779 vi
1680 3704 2187 3801 approbationis,
2228 3702 2371 3772 talis
2406 3723 2527 3795 po-

253 3841 289 3883 «
320 3822 516 3890 testas
541 3821 604 3892 ei
633 3823 996 3914 confertum
1024 3825 1162 3896 imo
1189 3826 1258 3895 in
1287 3827 1429 3917 ipsa
1440 3825 1907 3917 approbatione
1926 3825 2273 3894 intrinsece
2300 3819 2527 3890 inelu-

249 3953 288 3997 «
317 3931 547 4004 ditur:
603 3957 756 4007 nam
797 3940 852 4007 si
907 3931 1132 4030 religio
1181 3960 1312 4010 non
1387 3946 1599 4032 posset
1646 3931 1804 4010 aiios
1844 3940 2161 4031 recipere,
2200 3956 2321 4006 nee
2375 3953 2522 4004 eon-
2569 4011 2585 4026 ·

247 4073 285 4114 α
313 4050 584 4142 servari,
619 4073 742 4122 nec
789 4053 1142 4140 gubernari
1167 4061 1426 4146 posset:
1464 4056 1675 4147 qualis
1702 4075 1857 4147 ergo
1882 4061 2047 4126 esset
2086 4052 2227 4144 ejus
2282 4071 2527 4144 appro-

250 4187 289 4227 «
319 4159 544 4235 hatio?
573 4166 880 4238 Sectmda
901 4171 1094 4238 etiam
1121 4191 1284 4261 pars
1309 4193 1383 4240 ex
1411 4172 1797 4261 supradietis
1834 4169 2179 4240 manifesta
2213 4173 2309 4237 est
2329 4191 2348 4254 ;
2372 4165 2529 4257 qnia

253 4301 292 4342 α
317 4279 548 4368 religio
589 4303 724 4352 non
775 4283 1121 4376 approbata
1175 4308 1216 4354 a
1239 4284 1553 4356 Pontifice
1608 4305 1740 4354 non
1772 4277 1868 4355 est
1921 4286 2177 4376 religio,
2229 4285 2415 4375 juxta
2454 4301 2529 4352 ea
2562 4347 2571 4356 .

252 4417 286 4457 α
313 4413 467 4484 quae
491 4395 576 4466 ab
600 4395 888 4469 Eoelesia
927 4404 1161 4470 statuta
1191 4407 1380 4488 sunt3
1413 4423 1569 4492 ergo
1610 4421 1731 4472 nee
1760 4405 1963 4494 potest
1986 4401 2224 4472 habere
2260 4403 2528 4493 potesta-
