2834 4959
1043 305 1193 352 raus
1246 305 1536 354 stonum.
2301 303 2424 362 25⁸1

255 425 693 495 Nihilominus
735 424 809 491 in
853 425 1245 493 contrarium
1284 427 1627 496 adducitur
1653 448 1848 496 sacrae
1893 427 2422 520 Congregationis

47 509 50 546 ³
176 538 407 630 praxis:
444 557 575 625 qua
620 555 859 624 nempe
880 535 1105 604 'nullas
1133 536 1413 604 declarat
1445 543 1506 606 et
1546 538 1759 607 irritas
1802 549 2238 610 conventuum
2275 567 2424 616 mo-

47 1151 50 1268 -v---v
47 1059 50 1124 *1—
47 841 54 1042 -w——-—

173 653 419 721 nialium
471 651 545 718 in
607 649 789 719 ltalia
841 651 1215 740 erectiones,
1258 650 1594 722 Pontificia
1641 654 1902 724 licentia
1955 656 2318 745 destitutas3
2362 669 2428 733 et

176 789 363 861 nuper
412 767 613 835 etiam
686 767 1171 856 pronuntiatam
1231 789 1367 836 esse
1420 769 1782 840 nullitatem
1836 769 2156 862 ejusmodi
2209 777 2420 865 quoad

172 885 547 953 erectionem
577 882 919 971 cujusdam
957 889 1309 952 conventus
1354 883 1740 952 monialium
1786 885 2308 979 Carmelitarum‚
2348 892 2430 962 de

176 999 305 1066 sola
334 996 645 1068 Ordinarii
673 997 935 1066 licentia
962 998 1031 1066 in
1070 999 1321 1067 civitate
1347 999 1626 1070 Rietensi
1651 1003 1868 1088 erecti,
1908 1026 2022 1072 seu
2051 1006 2259 1096 potius
2289 1017 2430 1099 post

180 1113 513 1182 violentam
542 1112 984 1204 expulsionem
1014 1115 1426 1204 reassumpti,
1466 1115 1549 1183 ad
1575 1135 1680 1184 me
1705 1115 2028 1206 perlatum
2061 1124 2178 1186 est.

1201 1299 1393 1389 gvi.

174 1452 365 1504 videtur
402 1465 509 1504 non
534 1454 719 1517 requiri
754 1453 885 1504 sedis
939 1451 1233 1516 Apostolicae
1267 1449 1638 1516 beneplacitum
1666 1452 1832 1514 quoad
1876 1457 2286 1518 congregationes
2316 1469 2428 1521 qnae

757 1541 999 1592 solemnia
1016 1544 1135 1591 vota
1158 1552 1219 1590 ex
1246 1543 1478 1592 instituto
1499 1553 1602 1591 non
1630 1541 1834 1593 habent.

253 1693 407 1764 Cum
441 1694 684 1761 enim
657 1714 769 1783 Jus
794 1693 1163 1782 antiquum,
1212 1691 1279 1761 vi
1318 1695 1506 1784 cujus
1541 1693 1704 1782 erigi
1753 1701 2042 1784 poterant
2083 1717 2250 1764 nova
2291 1719 2432 1770 mo-

176 1809 423 1876 nasteria
474 1812 543 1876 et
590 1807 745 1874 novi
782 1813 1147 1875 conventus
1190 1827 1345 1875 cum
1388 1805 1525 1875 sola
1562 1805 1886 1875 Ordinarii
1925 1806 2211 1895 licentia,
2241 1809 2434 1878 fuerit

176 1922 323 1989 olim
365 1925 473 2012 jus
530 1943 911 2010 commune,
965 1922 1215 1991 decreta
1264 1920 1507 2010 quibus
1551 1921 1706 1990 huic
1740 1921 1878 2012 juri
1918 1923 2296 2028 derogatum
2340 1931 2434 1991 est

47 2027 50 2032 ’
176 2045 311 2106 sunt
362 2040 585 2108 stricte
634 2037 1127 2128 interpretanda.
1190 2035 1377 2106 Unde
1425 2035 1816 2105 extendenda
1873 2058 2005 2106 non
2070 2043 2244 2121 sunt,
2303 2039 2432 2106 nisi

180 2152 247 2220 ad
273 2167 367 2223 eas
406 2155 749 2244 religiosas
774 2154 1077 2238 familiaS,
1108 2152 1187 2220 de
1222 2152 1462 2243 quibus
1486 2173 1772 2242 expresse
1811 2153 2194 2243 loquuntur.
2235 2152 2434 2222 Porro

178 2271 233 2336 in
283 2271 357 2339 iis
406 2292 550 2338 non
587 2270 660 2338 fit
702 2269 947 2338 mentio
972 2269 1051 2338 de
1080 2267 1484 2356 regularibus
1509 2267 1634 2336 nisi
1661 2290 1816 2338 cum
1853 2271 1931 2339 iis
1973 2270 2431 2357 locutionibus,

176 2410 304 2478 quae
354 2387 657 2457 indicant
704 2389 963 2477 proprie
1011 2383 1211 2452 dictos
1261 2384 1594 2474 religiosos
1637 2385 1919 2472 ordineS,
1963 2407 2069 2455 eos
2102 2407 2334 2478 nempe
2373 2388 2442 2454 in

176 2506 402 2594 quibus
460 2512 607 2574 vota
660 2505 969 2574 solemnia
1022 2504 1231 2572 emitti
1273 2504 1519 2590 solent;
1551 2505 1618 2572 id
1649 2504 1812 2572 satis·
1851 2513 2091 2574 constat
2135 2530 2209 2576 ex
2250 2507 2446 2600 ‘texti-

172 2620 294 2688 bus
342 2622 497 2709 ipsis
570 2642 761 2712 supra
818 2620 1055 2688 relatis.
1112 2617 1293 2688 Unde
1340 2616 1420 2684 ad
1468 2616 1841 2704 erigendam
1885 2639 2120 2688 novam
2155 2623 2442 2698 ‚domum

176 2737 456 2826 alicujus
502 2737 1033 2827 congregationis,
1100 2755 1271 2824 quae,
1306 2729 1407 2800 vel
1435 2729 1614 2798 nulla
1637 2735 1804 2816 vota,
1835 2733 1934 2797 vel
1961 2753 2090 2800 non
2119 2743 2448 2823 perpetua,

180 2853 283 2920 vel
312 2851 629 2944 simplicia
676 2854 1008 2939 duntaxat,
1044 2852 1337 2919 emittere
1364 2847 1544 2931 solet,
1579 2845 1833 2914 videtur
1869 2844 2164 2914 sulficere
2195 2847 2454 2916 licentia

178 2967 503 3060 Episcopi.

270 3083 353 3152 Et
404 3084 671 3176 quidem
733 3082 942 3175 quoad
1003 3080 1530 3170 congregationes
1614 3076 2132 3168 presbyterorum
2187 3078 2454 3146 saecula-

179 3201 355 3270 rium
385 3200 805 3293 collegialiter
843 3198 1240 3282 viventium,
1273 3204 1335 3265 et
1364 3196 1496 3264 sola
1543 3193 1912 3263 auctoritate
1948 3192 2275 3262 Ordinarii
2303 3193 2454 3262 fun-

184 3316 391 3397 datae,
441 3340 581 3386 rem
646 3318 841 3385 fuisse
904 3315 1252 3384 resolutam
1316 3333 1353 3378 a
1430 3308 1739 3378 Romanis
1811 3307 2452 3400 CongregationibuS,

176 3435 375 3504 refert
406 3432 695 3504 Ferraris
744 3431 921 3523 (voce
983 3433 1379 3506 conventu-5,
1406 3435 1525 3495 art.
1583 3427 1647 3514 1,
1706 3446 1778 3492 n.
1827 3422 1938 3514 32)
1981 3425 2049 3492 in
2098 3427 2280 3497 hunc
2321 3450 2458 3496 mo-

171 3549 339 3618 dum
374 3575 392 3618 :
434 3578 469 3618 α
523 3549 711 3618 Talia
736 3555 953 3616 tamen
988 3543 1294 3634 requisita
1326 3543 1540 3610 locum
1581 3562 1713 3610 non
1751 3539 1994 3612 habent
2028 3561 2144 3606 nec
2186 3545 2460 3630 exigun-

183 3693 219 3732 α
252 3675 367 3735 tur
422 3687 542 3757 pro
607 3659 1219 3752 congregationibus
1257 3656 1778 3749 presbyterorum
1817 3653 2224 3724 saecularium
2267 3654 2460 3725 colle—

178 3809 215 3848 «
258 3781 513 3870 gialiter
556 3781 943 3864 viventium,
985 3782 1047 3845 et
1101 3774 1231 3843 sola
1290 3774 1664 3842 auctoritate
1723 3769 2047 3840 Ordinarii
2099 3768 2382 3837 fundatis
2405 3777 2466 3837 et

182 3923 217 3962 α
261 3897 519 3964 erectis.
554 3895 660 3966 Sic
683 3895 975 3964 decisum
1008 3893 1197 3960 refert
1233 3888 1522 3959 Nicolius
1555 3887 1650 3978 (in
1685 3887 2024 3974 Flosctdis,
2066 3885 2260 3954 verbo
2293 3883 2464 3952 Gon-

184 4040 219 4080 «
252 4023 523 4100 ventus,
562 4033 628 4080 n.
710 4010 815 4102 1):
868 4008 1007 4079 Sub
1057 4005 1323 4075 decretis
1370 4027 1564 4096 super
1609 4005 1925 4073 erectione
1967 4021 2284 4071 novorum
2317 4021 2478 4070 con-

188 4153 223 4192 α
260 4133 576 4198 ventuum
647 4149 782 4196 non
840 4121 1496 4214 comprehenduntur
1563 4116 2088 4208 congregationes
2143 4115 2480 4206 presbyte-

192 4271 229 4309 «ι
254 4265 485 4312 rorum
544 4241 954 4313 saecularium
1010 4241 1077 4306 in
1132 4238 1473 4306 communi
1506 4234 1893 4312 viventium,
1933 4235 2156 4301 erectae
2189 4231 2466 4300 auctori-

188 4386 225 4423 «
264 4367 391 4428 tate
444 4358 776 4430 ordinarii
804 4381 823 4426 ι
856 4354 925 4426 S.
984 4352 1407 4451 Congregatio
1434 4349 1901 4442 Episcoporum
1947 4355 2012 4418 et
2039 4347 2463 4439 regularium,

437 4491 484 4537 1.
604 4493 611 4498 ·
2162 4481 2187 4527 i
2203 4481 2228 4526 7
