2834 4959
392 311 517 369 418
966 316 1305 366 'rucuma
1346 316 1430 365 nt
1469 316 1622 363 mur.
1659 316 2080 367 munumina.

380 444 590 533 fessas
608 440 742 509 dici
754 460 833 509 ac
858 438 1107 509 censeri
1130 458 1265 507 non
1288 458 1501 530 posse.
1531 436 1910 528 (Gantrelet,
1937 442 2170 511 Troice*
2183 440 2268 511 de
2293 444 2492 515 l’dtat
2515 448 2653 515 reli
2659 487 2684 501 ·

386 554 611 647 qieux,
641 562 810 623 tome
829 553 899 638 2,
930 574 1077 645 pag.
1112 552 1271 635 281,
1314 552 1470 621 edit.
1511 551 1739 641 1853.)
1778 551 1966 623 Unde
1989 554 2060 625 in
2087 556 2254 648 ston
2275 580 2315 627 a
2347 558 2416 629 S.
2453 560 2684 631 Poeni-

386 670 679 745 tentiaria
702 670 769 739 in
789 672 845 759 ej
854 669 1444 761 'usmodiresponsis
1461 666 1780 755 adhibito,
1805 674 1974 757 patet
1987 692 2105 761 per
2117 693 2310 741 veras
2327 674 2676 766 reliqiosas

386 786 833 879 intelligendas
854 806 989 857 esse
1014 806 1123 855 eas
1146 805 1291 875 quae
1318 804 1466 853 vere
1491 784 1810 875 profaesoe
1845 791 2022 870 sunt,
2051 807 2168 855 seu
2203 810 2484 878 quarum
2516 800 2672 863 rota

386 927 533 979 vere
556 902 881 973 solemnia
902 907 1055 971 sunt
1086 926 1103 969 z
1134 922 1249 993 per
1276 899 1752 991 oppositionem
1779 898 2026 971 scilicet
2057 900 2142 971 ad
2167 903 2324 975 alias
2353 908 2666 979 moniales

382 1042 529 1113 quae
544 1026 687 1087 vota
710 1018 1015 1085 duntaxat
1030 1014 1371 1106 simplicia
1394 1020 1802 1105 nuncupant,
1823 1020 1888 1083 et
1909 1037 2192 1105 quarum
2221 1025 2663 1111 congregatio·

382 1156 499 1206 nes
520 1134 929 1203 declarantur
956 1129 1181 1199 haberi
1216 1151 1255 1197 a
1284 1128 1434 1197 sede
1461 1128 1828 1219 Apostolica
1859 1136 2170 1221 tanquam
2190 1132 2660 1223 piissimum

378 1250 671 1340 familiae
694 1246 1131 1338 feminarum,
1160 1264 1293 1313 non
1320 1249 1625 1334 tanquam
1645 1243 1904 1313 ordines
1933 1266 2082 1313 vere
2106 1258 2172 1314 et
2199 1249 2476 1339 proprie
2509 1252 2660 1320 reli.

378 1364 569 1453 yiosi.
594 1362 765 1449 Ergo
782 1358 1044 1451 quando
1064 1357 1134 1429 S.
1162 1355 1640 1427 Poenitentiaria
1659 1356 1940 1427 declarat
1967 1359 2306 1447 moniales,
2331 1384 2484 1451 quae
2509 1370 2658 1434 ante

376 1478 773 1549 Gallicanam
802 1474 1350 1564 perturbationem
1390 1473 1756 1545 solemnem
1785 1474 2152 1564 religiosam
2187 1478 2657 1567 professionem

370 1594 737 1679 emiserant,
766 1610 953 1659 veras
976 1588 1326 1679 reliqiosas
1358 1608 1515 1677 esse,
1547 1587 1820 1679 perinde
1847 1595 1942 1659 est
1965 1610 2042 1659 ac
2085 1588 2136 1657 si
2177 1588 2434 1679 diceret,
2465 1594 2656 1683 ipsa-

370 1728 525 1775 rum
546 1712 691 1774 vota
719 1702 931 1773 adhue
970 1722 1103 1771 esse
1127 1700 1452 1771 solemnia
1465 1722 1495 1787 ;
1523 1722 1598 1771 ac
1635 1702 1906 1792 proinde
1934 1704 2146 1773 adbuc
2168 1724 2544 1794 permanere
2568 1711 2654 1811 in

370 1818 451 1888 iis
478 1818 871 1889 monialibus
902 1817 1387 1909 incapacitatem
1416 1817 1720 1905 dominii,
1755 1821 2180 1907 quantumvis
2219 1840 2360 1889 eam
2387 1820 2658 1911 incapa-

368 1937 627 2005 citatem
677 1936 777 2007 lex
832 1933 1155 2005 saecularis
1213 1954 1345 2003 non
1398 1938 1728 2021 agnoscat.
1789 1932 1962 2025 Ergo
2027 1936 2290 2005 tandem
2335 1937 2654 2007 existimat

367 2052 436 2125 S.
464 2054 945 2127 Poenitentiaria
968 2051 1107 2121 dari
1134 2070 1315 2141 posse
1348 2057 1644 2121 votorum
1673 2050 2154 2123 solemnitatem
2195 2076 2350 2123 cum
2377 2056 2648 2147 incapa-

364 2171 555 2239 citate
578 2166 883 2249 dominii,
904 2166 1203 2256 quamvis
1220 2186 1363 2233 eam
1394 2164 1494 2235 lex
1521 2164 1852 2236 saecularis
1875 2179 2008 2237 'non
2045 2174 2372 2261 agnoscat.

458 2276 634 2346 VlII.
686 2276 903 2345 Exstat
950 2274 1291 2345 Bruxelliis
1340 2276 1413 2345 in
1461 2274 1684 2367 Belgio
1737 2283 2092 2349 conventus
2141 2278 2646 2351 Canonissarum

366 2392 769 2484 regularium
822 2390 1027 2460 sancti
1076 2389 1450 2479 Augustini,
1503 2412 1542 2459 a
1587 2391 2025 2483 Berlaymont
2077 2402 2490 2486 nuncupatae.
2539 2395 2648 2468 Ea}

364 2527 558 2599 porro
594 2503 903 2575 moniales
952 2525 1157 2595 usque
1202 2505 1285 2573 ad
1328 2526 1580 2575 annum
1636 2507 1810 2577 1820
1855 2516 2286 2600 perrexerant,
2314 2510 2492 2601 juxta
2530 2513 2648 2581 in·

362 2621 659 2691 stitutum
710 2640 905 2689 suum
950 2641 989 2689 a
1030 2619 1177 2689 sede
1200 2620 1568 2713 Apostolica
1597 2623 1758 2693 olim
1795 2624 2254 2717 approbatum,
2289 2626 2647 2697 solemnem

360 2758 551 2809 suam
596 2734 1055 2827 professionem
1098 2737 1415 2805 emittere.
1452 2734 1668 2811 ,Dicto
1727 2744 1946 2809 autem
1997 2759 2194 2823 anno,
2245 2740 2650 2831 gubernium

363 2860 522 2924 tunc
552 2851 861 2941 temporis
892 2853 959 2919 in
1004 2848 1226 2941 Belgio
1270 2851 1524 2941 vigens,
1555 2852 1648 2921 eis
1701 2853 2116 2945 significavit,
2155 2856 2214 2923 1⁰
2255 2863 2332 2925 ut
2375 2858 2502 2927 sibi
2529 2860 2652 2929 Or-

362 2969 537 3037 dinis
560 2966 665 3036 sui
703 2964 958 3057 regulas
984 2970 1045 3035 et
1072 2970 1306 3035 statuta
1354 2964 1716 3057 panderent
1747 2991 1766 3051 3
1819 2966 1884 3035 2ο
1918 2973 1992 3037 ut
2023 2970 2307 3041 novitias
2335 2971 2406 3041 in
2439 2980 2651 3063 poste-

364 3104 517 3154 rum
569 3102 701 3151 non
752 3080 1163 3149 admitterent
1186 3079 1313 3147 nisi
1360 3077 1442 3147 ad
1473 3086 1616 3157 vota
1661 3079 2216 3173 quinquennalia;
2251 3084 2317 3154 3⁰
2351 3093 2422 3154 ut
2460 3088 2654 3159 nulla

362 3222 439 3269 ex
462 3199 619 3287 ipsis
642 3196 967 3265 bonorum
994 3214 1265 3263 suorum
1294 3193 1694 3283 dominium,
1723 3194 2124 3289 liberamque
2159 3201 2656 3291 dispositionem

362 3317 427 3379 et
476 3310 1097 3380 administrationem
1140 3307 1488 3391 abdicaret.
1551 3306 1670 3379 His
1717 3310 2024 3401 gubernii
2055 3315 2456 3405 jussionibus
2499 3338 2644 3389 non

364 3442 601 3515 parum
640 3430 981 3493 commotae
1028 3420 1365 3509 moniales,
1429 3421 1648 3493 sedem
1701 3426 2140 3517 Apostolicam
2195 3432 2424 3501 litteris
2473 3432 2648 3505 adie-

362 3542 539 3619 runt,
567 3542 644 3607 nt
678 3537 1095 3607 edocerentur
1121 3559 1405 3627 quonam
1441 3559 1508 3607 se
1557 3538 1750 3609 modo
1796 3541 1866 3609 in
1897 3544 2220 3633 ejusmodi
2267 3568 2492 3617 rerum
2529 3568 2650 3617 an·

360 3654 591 3745 gustiis
624 3675 847 3745 gerere
892 3651 1219 3721 deberent.
1280 3652 1639 3723 Commissa
1685 3676 1788 3725 res
1828 3662 1922 3725 est
1971 3657 2182 3729 Sacrae
2219 3660 2648 3733 Poenitentia-

360 3769 475 3838 riae
512 3767 827 3851 examini;
878 3772 1067 3857 atque
1101 3766 1185 3835 ab
1229 3788 1305 3837 eo
1346 3768 1658 3839 tribunali
1704 3770 1945 3859 prodiit
1994 3774 2099 3845 die
2135 3774 2226 3843 20
2269 3776 2648 3848 novembris

365 3883 565 3965 1820,
622 3902 898 3973 sequens
961 3902 1371 3973 responsum,
1453 3884 1626 3977 quod
1689 3882 1920 3974 gallice
2000 3890 2384 3959 translatum
2460 3893 2648 3961 exhi-

358 3998 612 4069 bemus.
662 3996 807 4069 Non
870 3998 1049 4087 enim
1099 4004 1341 4067 textum
1390 3999 1606 4089 ipsum
1670 3996 1946 4071 latinum
2009 4004 2196 4075 nobis
2264 4024 2646 4098 comparare

346 4112 737 4205 potuimus:
772 4112 879 4181 sed
910 4118 1215 4205 putamus
1250 4122 1497 4181 exstare
1546 4119 1790 4183 textum
1843 4114 2048 4207 hunc,
2097 4124 2242 4189 tum
2300 4124 2368 4191 in
2409 4122 2644 4193 archi-

254 4251 259 4256 ·
350 4228 473 4299 viis
524 4226 1107 4319 archiepiscopatus
1154 4224 1660 4314 Mechliniensis‚
1713 4234 1851 4297 tum
1885 4232 2056 4323 apud
2105 4236 2318 4327 ipsam
2369 4234 2640 4307 Sacram

354 4338 926 4413 Poenitentiariam.
1012 4340 1107 4411 En
1157 4344 1612 4434 gravissimum
1671 4341 1831 4412 illud
1883 4348 2376 4440 documentum,
2457 4353 2642 4443 quod
