2834 4959
431 321 550 375 17ss
990 325 1332 375 mac‘rA'rus
1378 327 1459 372 DE.
1502 325 1653 374 mm:
1698 325 2120 372 musseium.

425 448 714 521 cularem
763 449 1077 518 clericum
1111 474 1130 534 ;
1181 451 1250 516 in
1291 447 1463 516 Petri
1518 446 1765 516 scilicet
1814 445 2117 515 cathedra
2180 447 2401 516 sedere
2474 467 2682 517 mona·

423 567 625 636 chum
656 588 676 633 :
723 564 880 634 item
909 585 946 631 e
977 562 1294 652 religiosis
1331 561 1599 632 familiis
1640 565 2001 651 assumptos
2026 558 2382 651 Episcopos
2422 582 2679 650 omnes;

423 698 708 770 quorum
750 673 1228 765 unusquisque,
1292 678 1486 763 prout
1532 671 1695 742 olim
1750 669 1821 740 S.
1876 669 2195 740 Eusebius
2244 663 2715 754 Verceuensis‚'
2749 675 2750 724 ἕ

424 791 678 863 eosdem
707 789 1070 860 constituat
1087 787 1360 858 clericos
1389 809 1553 878 quos
1578 787 1954 856 monachos.
1982 785 2057 854 ln
2074 787 2225 874 hac,
2252 787 2547 876 inquam,
2572 788 2685 877 hy-

425 907 697 1001 pothesi,
753 906 915 997 quid
963 905 1268 974 Ecclesiae
1328 903 1629 973 deesset?
1704 901 1983 972 Haberet
2034 900 2394 971 Summum
2442 902 2679 972 Pontifi-
2749 935 2750 958 ι

427 1045 614 1094 cem:
667 1021 931 1090 baberet
998 1018 1391 1105 cardinales,
1480 1017 1857 1109 Episcopos‚
1910 1018 2280 1102 canonicos,
2360 1017 2677 1108 parochos,
2749 1039 2750 1042 ¹

429 1139 922 1230 praedicatores:
975 1134 1242 1204 baberet
1297 1132 1723 1225 presbyteros,
1776 1133 2079 1202 diaconos
2131 1139 2196 1201 et
2248 1131 2677 1204 subdiaconos.
2749 1119 2750 1132 ¹

431 1261 504 1331 ld
525 1268 776 1332 tantum
825 1280 980 1329 cum
1020 1263 1189 1327 statu
1233 1258 1531 1349 praesenti
1586 1255 1981 1326 discriminis
2024 1256 2471 1341 intercederet,
2532 1259 2681 1348 quod
2749 1235 2750 1262 ³

430 1400 584 1449 cum
619 1397 800 1446 nunc
837 1375 1032 1466 pauci
1076 1395 1150 1442 ex
1175 1373 1308 1442 illis
1340 1373 1761 1442 consiliorum
1802 1373 2331 1463 evangelicorum
2367 1371 2685 1443 observan-

429 1483 591 1559 tiam
645 1489 968 1576 voverint,
1015 1508 1242 1557 omnes
1289 1493 1451 1558 tunc
1508 1487 1633 1558 hac
1684 1488 1925 1579 adjecta
1982 1489 2370 1580 perfectione
2424 1490 2685 1560 ministe-

429 1605 606 1672 rium
665 1625 860 1672 suum
917 1605 1439 1673 condecorarent.
1508 1603 1801 1674 Proiecto
1855 1604 1911 1673 si
1980 1605 2241 1696 quando
2314 1606 2689 1694 contingeret

430 1720 837 1812 hypothesim
873 1717 1056 1787 illam
1093 1719 1441 1804 verificari,
1490 1721 1786 1810 ingentes
1827 1719 1963 1790 Deo
2028 1719 2295 1810 agendae
2331 1721 2525 1788 forent
2554 1741 2689 1810 gra-

430 1836 557 1924 tiae,
598 1842 661 1905 et
706 1837 788 1903 Te
827 1837 1044 1904 Deum
1071 1835 1143 1903 in
1197 1837 1502 1906 universo
1546 1835 1798 1905 mundo
1824 1836 2325 1906 decantandum.
2356 1833 2533 1906 Unde
2560 1841 2687 1904 tan-

429 1953 578 2021 dem
607 1950 1020 2020 soecularitas
1054 1949 1125 2019 in
1161 1951 1439 2038 clericis,
1490 1971 1625 2022 non
1657 1952 2039 2036 necessaria,
2078 1951 2189 2020 sed
2225 1953 2539 2043 permissa
2572 1976 2589 2019 :
2624 1951 2686 2019 de

431 2091 499 2138 se
515 2073 736 2138 autem
766 2066 992 2136 melior
1016 2066 1088 2132 in
1115 2065 1349 2134 iisdem
1379 2066 1693 2153 regularis
1717 2066 2026 2137 conditio·

1460 2321 1636 2412 §1¹1-

587 2521 718 2586 Lege
747 2520 1079 2572 ecclesiastiea
1098 2517 1291 2570 clerum
1307 2516 1605 2570 sacularem
1624 2519 1891 2584 supprimi,
1914 2518 2143 2572 absoluto
2156 2532 2267 2572 non
2288 2524 2557 2585 repugnat.

520 2745 759 2816 Divino
789 2746 1054 2837 quidem
1090 2748 1238 2836 J‘ure
1271 2767 1685 2838 nequaquam
1750 2753 2063 2818 statutum
2122 2754 2243 2836 est,
2294 2756 2371 2818 ut
2421 2757 2674 2820 teneren-

434 2868 540 2931 tur
585 2861 870 2942 diaconi,
940 2860 1294 2951 presbyteri
1343 2865 1413 2929 et
1462 2861 1767 2954 Episcopi
1836 2871 2229 2956 perpetuum
2292 2865 2675 2957 paupertatis,

433 2976 734 3046 castitatis
767 2984 830 3047 et
863 2974 1244 3046 obedientiae
1293 2982 1517 3046 votum
1560 2977 1875 3068 emittere,
1918 3000 2035 3049 seu
2083 2985 2161 3047 ut
2190 2979 2539 3071 requlares
2579 2999 2685 3048 esse

434 3091 761 3163 deberent.
817 3093 1060 3162 Atvero
1103 3113 1178 3160 ex
1215 3113 1293 3162 eo
1335 3091 1511 3180 quod
1548 3092 1849 3162 Christus
1906 3093 1979 3164 id
2024 3115 2159 3164 non
2212 3099 2529 3186 statuerit,
2573 3113 2678 3162 non

433 3206 724 3296 sequitur
758 3205 840 3274 ab
879 3204 1168 3274 Ecclesia
1211 3205 1427 3295 legem
1469 3206 1640 3276 banc
1678 3207 1843 3276 edici
1880 3212 2015 3276 non
2060 3229 2266 3299 posse.
2318 3207 2469 3279 lmo
2508 3207 2569 3276 id
2620 3223 2679 3269 ex

435 3327 618 3411 parte
647 3321 939 3410 praestitit
963 3319 1278 3405 Ecclesia,
1334 3326 1561 3390 votum
1616 3322 1933 3392 castitatis.
1968 3323 2327 3414 majoribus
2378 3320 2679 3394 ordinibus

435 3435 857 3504 annectendo.
915 3434 1140 3524 Perse
1165 3442 1380 3504 autem
1434 3457 1567 3506 non
1616 3442 1961 3528 repugnat,
2008 3438 2213 3508 simili
2249 3445 2563 3530 praecepto
2578 3433 2675 3502 ad-

433 3548 666 3639 stringi
701 3550 994 3640 clericos,
1053 3552 1128 3621 in
1171 3549 1597 3642 suscipiendis
1644 3554 2007 3642 majoribus
2042 3553 2413 3643 ordinibu5‚
2470 3553 2547 3622 ad
2586 3567 2675 3616 vo·

433 3668 710 3738 vendam
751 3668 950 3736 etiam
1004 3673 1443 3759 paupertatem
1488 3673 1551 3736 et
1600 3667 2079 3754 obedientiam3
2142 3689 2257 3738 seu
2306 3691 2451 3738 non
2516 3683 2675 3753 repu-
2749 3681 2750 3684 ’

433 3789 588 3873 gnat
624 3782 816 3852 statui
859 3781 942 3850 ab
979 3779 1290 3870 Ecclesia,
1326 3789 1396 3850 ut
1444 3782 1666 3852 nullus
1710 3785 1852 3874 jam
1896 3785 1968 3853 in
2016 3783 2497 3854 subdiaconum
2536 3775 2671 3850 ordi-

432 3903 647 3983 netur,
680 3897 808 3966 nisi
833 3897 950 3988 qui
975 3897 1178 3967 vitam
1215 3897 1587 3986 religiosam
1614 3900 1812 3969 simui
1838 3901 2233 3992 profiteatur.
2749 3971 2750 3984 ,

521 4009 655 4082 Nec
687 4012 976 4105 objicias,
1015 4013 1437 4106 probabiliter
1475 4035 1819 4110 nunquam
1860 4023 2275 4096 eventurum,
2315 4025 2389 4084 ut
2426 4006 2670 4084 Ecclesia
2749 4035 2750 4048 ¹

435 4127 502 4196 id
539 4136 982 4219 opportunum
1025 4130 1358 4200 existimet.
1413 4129 1567 4198 Esto
1609 4152 1955 4226 nunquam
2008 4137 2451 4225 opportunum
2494 4120 2673 4196 existi·
2749 4139 2750 4156 ³

435 4249 567 4310 met
597 4240 882 4314 Ecclesia
915 4243 1327 4338 disciplinam
1371 4245 1545 4316 hanc
1585 4248 1913 4319 inducere.
1962 4247 2243 4330 Quaestio
2269 4253 2383 4332 est,
2428 4262 2580 4313 num
2614 4236 2671 4302 in

435 4379 503 4426 se
537 4365 601 4428 et
641 4357 926 4430 absolute
965 4369 1284 4453 repugnet
1323 4361 1463 4432 haec
1496 4364 1691 4433 totius
1734 4364 1891 4434 cleri
1939 4363 2264 4436 saecularis
2319 4365 2394 4432 in
2444 4350 2665 4442 regula·
