2834 4959
1135 363 1285 412 rans
1303 355 1312 381 ¹
1333 367 1551 414 raim.
2362 373 2487 431 139
2560 403 2571 418 ·

201 502 236 542 α
257 479 476 570 prima
514 477 952 547 institutione.
1007 478 1392 574 Expressam
1457 487 1805 578 utriusque
1882 495 2285 568 mentionem
2353 507 2485 592 pri-

197 616 229 658 α
261 613 416 661 mus
465 591 614 660 fieri
660 590 872 660 voluit
916 590 987 664 S.
1047 595 1483 670 Franciscus:
1528 605 1805 692 utraque
1848 612 2067 678 tamen
2114 618 2481 690 monasticae

189 729 222 768 a
249 705 658 775 conditionis
721 726 872 796 pars
923 728 1182 801 semper
1234 713 1384 797 fuit,
1448 717 1815 809 iisdemque
1872 720 2131 812 legibus
2186 727 2479 804 firmatus

189 846 224 886 α
245 827 394 890 erat
431 819 739 910 Gregorii
781 820 1006 913 Magni
1061 847 1197 895 aevo
1241 832 1755 918 monachismus,
1812 836 2057 926 quibus
2102 863 2283 912 nune
2328 853 2470 917 stat.

190 960 228 1001 <t
271 934 376 1004 De
418 934 834 1006 conversione
878 959 1142 1010 morum
1193 947 1258 1012 et
1301 945 1665 1016 obedientia
1712 947 1980 1020 nullum
2032 953 2338 1027 dubium.
2380 959 2475 1032 De

193 1075 232 1115 a
267 1048 540 1139 reliquis
593 1050 988 1140 Gregorium
1039 1056 1258 1147 ipsum
1308 1061 1597 1132 consule.
1649 1062 1743 1133 De
1790 1074 2189 1156 paupertate,
2247 1073 2367 1143 lib.
2400 1076 2469 1162 9,

195 1190 232 1230 α
261 1185 372 1255 ep.
424 1165 488 1252 7,
525 1164 639 1233 lib.
685 1165 792 1253 10,
816 1187 922 1260 ep.
976 1169 1038 1238 1.
1071 1168 1164 1240 De
1206 1183 1515 1266 perpetua
1564 1178 1869 1262 castitate,
1908 1180 2029 1252 lib.
2084 1185 2153 1273 5,
2198 1209 2303 1278 ep.
2354 1190 2468 1272 24,

196 1307 238 1346 a
271 1279 372 1349 De
403 1281 772 1372 stabilitate,
809 1281 930 1354 lib.
968 1286 1031 1370 1,
1058 1309 1160 1380 ep.
1205 1288 1318 1372 34,
1357 1291 1471 1360 lib.
1517 1291 1585 1378 2,
1636 1315 1739 1385 ep.
1778 1294 1894 1366 28.
1926 1297 2021 1368 De
2070 1311 2467 1394 paupertate,

195 1419 232 1458 α
261 1394 537 1464 castitate
559 1403 623 1465 et
643 1397 1018 1489 stabilitate,
1043 1400 1162 1470 lib.
1196 1405 1262 1492 1,
1287 1426 1391 1495 ep.
1428 1406 1495 1472 4.
1538 1431 1575 1474 ‚‚

275 1507 744 1581 Verumtamen
787 1520 929 1604 post
971 1519 1372 1609 praescriptas
1420 1541 1459 1588 a
1503 1519 1572 1590 S.
1622 1521 1972 1594 Benedieto
2002 1527 2277 1621 aliisque
2314 1534 2469 1604 reli·
2532 1583 2541 1590 ·

181 1625 368 1711 giosae
439 1624 870 1717 professionis
935 1635 1380 1718 caeremonias,
1445 1636 1786 1726 pristinam
1859 1641 1997 1710 vim
2066 1666 2251 1716 suam
2309 1649 2467 1720 adeo
2573 1654 2588 1664 “

181 1758 308 1808 non
349 1741 574 1810 amisit
621 1743 818 1812 tacita
869 1745 1202 1835 professio,
1259 1756 1333 1817 ut
1379 1751 1593 1838 potius
1644 1753 2219 1842 (quemadmodum
2270 1784 2465 1855 supra
2576 1784 2583 1792 ·

179 1853 584 1946 videbamus)
645 1859 936 1930 nimium
999 1862 1391 1953 quandoque
1444 1875 1817 1956 exaggerata
1878 1869 2074 1938 fuisse
2142 1873 2457 1946 videatur.

181 1965 356 2036 Sane
399 1969 842 2062 perlegitimus
880 1997 1016 2048 esse
1059 1979 1338 2068 perrexit
1373 1978 1789 2070 professionis
1821 1983 2079 2068 modus,
2116 2005 2273 2054 cum
2314 1991 2463 2076 quis

181 2082 252 2149 in
295 2089 446 2173 apta
502 2093 704 2175 aetate,
753 2112 886 2161 non
941 2099 1279 2162 recusante
1327 2095 1687 2187 superiore,
1734 2102 1975 2166 vestem
2027 2099 2461 2190 professorum

181 2199 248 2264 in
293 2201 588 2272 coenobio
641 2206 1008 2278 assumebat
1051 2210 1262 2280 sciens
1297 2216 1361 2281 et
1399 2211 1644 2299 volens,
1681 2212 1926 2304 absque
1968 2221 2269 2284 votorum
2312 2239 2459 2308 pro·
2532 2241 2543 2252 ·

181 2315 622 2387 nuntiatione:
665 2341 798 2410 quo
829 2304 1098 2412 quidem
1148 2345 1328 2408 casu,
1357 2326 1585 2396 saltem
1624 2349 1702 2398 ex
1743 2349 1875 2420 quo
1912 2330 2025 2420 jus
2065 2333 2456 2402 canonicum

183 2429 540 2503 universale
589 2434 900 2528 obtinuit,
956 2442 1254 2512 coenobio
1303 2450 1416 2514 aut
1466 2445 1768 2536 religioni
1820 2466 1955 2515 non
2000 2445 2233 2516 licebat
2284 2449 2342 2537 ej
2352 2471 2455 2516 us-

182 2544 356 2613 modi
395 2549 762 2640 professum
819 2553 1101 2626 invitum
1141 2557 1506 2648 dimittere3
1566 2561 1731 2630 dum
1777 2567 1999 2630 contra
2044 2561 2204 2653 ipse,
2275 2566 2460 2634 tacite

187 2661 488 2748 protessus
535 2673 826 2756 tantum,
871 2669 1174 2762 religioso
1227 2675 1424 2745 statui
1485 2675 1557 2742 in
1606 2694 1841 2764 genere
1906 2675 2251 2744 obstrictus
2298 2687 2455 2758 erat,

189 2779 566 2870 poteratque,
606 2783 664 2852 si
709 2783 921 2870 vellet,
963 2785 1046 2854 ad
1089 2786 1268 2856 aliud
1304 2787 1684 2858 coenobium
1721 2786 1995 2856 aliamve
2043 2789 2451 2878 religionem,

187 2890 374 2961 etiam
413 2895 751 2984 laxiorem,
769 2901 1044 2970 transire
1102 2901 1158 2993 (i
1175 2903 1220 2993 ).
1251 2901 1443 2984 Quod
1492 2905 1547 2972 si
1588 2903 1781 2972 altius
1832 2904 1905 2972 in
1945 2901 2262 2992 religiosa}
2302 2904 2455 2973 vitae
2520 2943 2527 2954 ·

185 3008 546 3100 antiquitate
597 3015 1034 3102 ascendimus,
1065 3025 1333 3108 apparet
1381 3018 1555 3090 hanc
1598 3018 1963 3089 libertatem
2010 3016 2218 3084 multo
2260 3017 2451 3090 etiam

183 3121 362 3194 fuisse
405 3131 758 3219 majorem3
807 3135 872 3200 et
907 3130 1176 3221 quidem
1223 3139 1467 3202 tantam
1524 3140 1599 3204 ut
1650 3133 1917 3204 solitarii
1974 3133 2053 3201 ad
2105 3131 2453 3202 coenobitas

183 3246 250 3306 et
277 3245 576 3334 vicissim,
611 3247 966 3321 Orientales
1013 3272 1272 3342 quoque
1319 3250 1400 3320 ad
1448 3249 1717 3320 Latinos
1758 3256 1823 3318 et
1875 3250 2191 3335 vicissim,
2222 3251 2455 3318 transi-

179 3363 345 3443 rent,
397 3380 468 3428 ac
509 3363 752 3454 regulas
806 3386 926 3456 pro
975 3372 1142 3436 nutu
1207 3371 1536 3436 rectorum
1606 3371 2040 3452 mutarentur,
2092 3365 2197 3434 vel
2254 3367 2451 3436 etiam'

179 3474 362 3544 variae
391 3498 428 3545 a
467 3479 670 3549 variis
707 3481 952 3570 regulae
987 3481 1061 3551 iu
1106 3502 1244 3552 uno
1296 3482 1652 3573 eodemque
1695 3481 1989 3552 eoenobio
2026 3483 2448 3554 observaren-

177 3592 296 3658 tur.
353 3589 522 3662 Nam
569 3595 726 3665 ordo
769 3598 1164 3668 monasticus
1217 3597 1316 3689 (ut
1358 3603 1578 3689 postea
1618 3599 1813 3668 latius
1858 3598 2173 3688 dicemus)
2215 3597 2318 3668 vel
2368 3597 2450 3666 ad

179 3705 594 3779 undecimum
674 3733 883 3802 usque
953 3713 1300 3802 saeculum,
1377 3712 1531 3782 licet
1591 3713 1833 3804 regulae
1913 3721 2123 3786 essent
2198 3711 2441 3802 plures,

175 3837 345 3890 unus
389 3827 660 3895 omnino
707 3831 868 3910 erat,
921 3827 1020 3898 vel
1074 3831 1288 3920 potius
1339 3829 1611 3913 nullus;
1664 3851 1741 3901 ac
1798 3832 2059 3922 proprie
2124 3825 2445 3916 loquendo

179 3939 372 4006 status
413 3945 668 4012 tantum
710 3941 1054 4034 religiosus
1099 3946 1404 4016 existebat
1464 3947 1708 4037 absque
1756 3947 1909 4014 satis
1948 3945 2092 4013 fixis
2120 3951 2181 4010 et
2222 3938 2444 4012 Eccle-

184 4049 286 4120 siae
323 4056 566 4130 calculo
618 4059 904 4153 probatis
956 4060 1431 4155 discrepantiis,
1476 4062 1717 4155 quibus
1768 4082 1948 4132 nunc
1998 4057 2265 4130 diversae
2316 4057 2441 4129 Re-

247 4257 302 4316 tl)
326 4259 376 4310 C·
409 4263 665 4328 Consulti,
704 4265 760 4317 C.
801 4267 885 4318 Ex
923 4271 1092 4334 parte,
1121 4267 1185 4321 C.
1213 4268 1613 4330 &maimunde
1646 4263 1973 4330 Regulartbus
2000 4261 2107 4329 (ub.
2137 4269 2185 4328 3,
2212 4267 2292 4316 tit.
2326 4267 2431 4325 31).

196 4343 249 4392 C·
275 4345 703 4418 Constitutionem,
723 4356 792 4410 de
823 4355 1152 4422 Regulartbus
1175 4361 1228 4410 tn
1244 4358 1396 4410 Sexto
1414 4357 1515 4419 (ltb.
1543 4359 1590 4416 3,
1609 4357 1693 4408 ut.
1724 4357 1823 4418 14).
1852 4351 1958 4406 cfr.
1991 4353 2196 4417 suarez,
2219 4357 2363 4406 tract.
2388 4359 2441 4418 ⁸1,

181 4426 271 4480 111³.
297 4437 336 4494 0,
369 4451 472 4505 cap.
501 4447 581 4495 21.
