2834 4959
1136 345 1286 393 rans
1329 347 1569 394 rearis.
2363 347 2485 406 329

1289 607 1413 698 gl.

207 840 719 894 conservator-iorum
739 838 946 889 nomine
969 835 1324 902 comprehendi
1357 836 1522 890 solent
1547 841 1823 892 conventus
1848 851 2023 896 omnes
2042 843 2353 908 monialium,
2374 849 2487 900 abs·

732 937 829 990 qus
851 922 1086 978 chum
1105 928 1158 976 et
1173 925 1306 976 votis
1328 923 1637 977 solemnibus
1664 927 1971 992 degentium.

295 1148 589 1218 luditum
639 1146 825 1215 initio
870 1144 1125 1216 videtur
1169 1145 1373 1216 hocce
1419 1151 1893 1218 conservator-ii
1934 1173 2175 1223 nomen
2224 1156 2305 1226 iis
2335 1157 2485 1226 solis

207 1265 546 1344 domibus,
601 1263 666 1331 in
709 1263 954 1353 quibus
1002 1260 1475 1352 colligebantur
1528 1263 1761 1356 puellae
1812 1287 2147 1358 pauperes,
2197 1275 2487 1362 parenti-

207 1381 340 1450 bus
369 1380 622 1462 orbatae,
671 1383 746 1447 ut
775 1380 1068 1469 ipsarum
1115 1378 1497 1447 innocentiae
1529 1399 1601 1448 ac
1626 1379 1942 1449 honestati
1974 1384 2419 1456 consuleretur
2458 1412 2475 1455 :

205 1495 456 1586 quibus
499 1491 790 1584 regendis
829 1491 1132 1562 domibus
1184 1494 1541 1584 praepositae
1586 1499 1661 1563 ut
1704 1495 2069 1586 plurimum
2130 1499 2311 1569 fuere
2355 1503 2481 1592 piae

202 1609 540 1696 mulieres,
618 1607 1031 1696 collegialiter
1102 1605 1226 1675 sub
1294 1607 1511 1698 aliqua
1583 1609 1811 1700 regula
1876 1609 2185 1698 viventeS,
2240 1615 2482 1708 absque

201 1731 507 1800 clausura
563 1734 776 1798 tamen
811 1735 877 1798 et
919 1734 1217 1797 votorum
1263 1728 1687 1798 solemnitate.
1751 1753 1787 1796 α
1820 1729 2333 1822 conservatoria,
2382 1735 2483 1802 in-

213 1873 246 1912 «
267 1844 413 1936 quit
455 1843 960 1928 Monacellus...,
1011 1843 1364 1912 tolerantur
1422 1843 1503 1912 ad
1546 1844 2032 1914 custodiendam
2078 1846 2479 1918 honestatem

214 1987 248 2026 a
283 1960 654 2052 puellarum
682 1980 1042 2050 pauperum
1091 1959 1453 2049 virginum,
1506 1979 1581 2028 ac
1631 1965 1809 2049 patre
1858 1962 1959 2028 vel
2011 1967 2214 2030 matre
2258 1983 2483 2032 caren-

215 2105 248 2144 α
283 2079 473 2146 tium.
505 2101 542 2140 »
579 2073 792 2166 (Parte
823 2074 886 2160 1,
913 2074 1010 2142 tit.
1047 2073 1116 2162 6,
1139 2074 1419 2144 formula
1449 2075 1557 2164 19,
1592 2075 1913 2144 adnotatio
1944 2075 2085 2164 19.)

291 2193 578 2265 Invaluit
623 2201 842 2263 tamen
885 2215 1072 2276 usus,
1115 2199 1188 2261 ut
1224 2193 1667 2263 denominatio
1720 2193 1859 2264 haec
1912 2195 2361 2269 extenderetur
2404 2197 2485 2266 ad

203 2333 432 2382 omnes
476 2311 752 2380 omniuo
792 2315 1144 2378 conventus
1181 2308 1565 2396 mulierum,
1596 2309 1903 2380 adinstar
1926 2311 2344 2393 monialium,
2376 2319 2483 2382 sed

203 2428 448 2519 absque
477 2426 778 2497 clausura
821 2432 884 2495 et
917 2427 1083 2495 votis
1127 2424 1529 2495 solemnibus
1578 2426 1993 2518 degentium3
2047 2433 2109 2496 et
2156 2427 2289 2496 sive
2344 2449 2488 2496 mu-

201 2542 394 2614 lieres
449 2543 586 2610 istoe
627 2541 760 2610 sint
813 2537 1168 2624 Tertiariae,
1215 2542 1350 2609 sive
1400 2540 1669 2626 Oblatae,
1726 2543 1861 2610 sive
1891 2543 2155 2612 alterius
2204 2543 2482 2614 instituti

204 2659 572 2751 cujuslibet.
629 2659 786 2729 Esse
833 2659 1269 2730 communiter
1313 2679 1349 2725 a
1389 2659 1737 2726 canonistis
1780 2667 1841 2727 et
1874 2661 2048 2750 apud
2088 2661 2157 2731 S.
2200 2663 2487 2752 Congre-

209 2775 506 2864 gationes
539 2773 852 2844 Romanas
875 2781 1195 2862 receptam
1220 2770 1591 2862 generalem
1618 2771 1790 2840 hanc
1811 2774 1987 2840 vocis
2014 2779 2487 2844 conservatoria·

209 2889 676 2980 acceptionem,
757 2888 942 2960 facile
997 2895 1407 2979 compertum
1466 2883 1734 2954 habebit
1786 2886 1987 2955 lector
2045 2891 2483 2977 percurrendo

208 3003 384 3095 apud
434 3003 864 3074 Benedictum
903 3003 1084 3084 XIV,
1134 3001 1546 3074 Cardinalem
1601 3001 1793 3072 Petra
1850 3007 1913 3070 et
1963 3001 2121 3071 alios
2168 3002 2479 3091 doctores,

207 3121 388 3190 varia
433 3121 596 3204 loca,
639 3121 708 3188 in
754 3120 996 3211 quibus
1037 3119 1117 3188 de
1143 3117 1633 3195 conservatoriis
1666 3118 1905 3208 agimt3
1945 3137 2063 3208 pro
2104 3117 2347 3207 quibus
2378 3141 2483 3186 re-

207 3237 538 3326 periendis
589 3237 772 3322 locis,
823 3237 974 3307 satis
1037 3237 1160 3306 erit
1213 3236 1284 3306 in
1323 3235 1703 3305 eorumdem
1764 3241 2106 3302 auctorum
2164 3233 2485 3302 indicibus

205 3347 632 3439 alphabeticis
659 3351 834 3422 adire
861 3350 1334 3422 conservator-ii
1351 3351 1767 3421 vocabulum.
1792 3347 1917 3418 Hic
1942 3370 2152 3418 unum
2181 3350 2489 3420 duntaxat

205 3484 244 3530 e
295 3465 760 3536 recentioribus
807 3465 1146 3538 adduxisse
1195 3466 1346 3536 satis
1390 3465 1513 3534 erit
1561 3489 1578 3532 ε
1650 3490 1687 3531 α
1718 3463 2225 3548 Conservatoria,
2274 3467 2487 3554 inquit

209 3607 244 3644 ι
276 3579 562 3665 Ferrari,
625 3587 780 3650 sunt
821 3581 1118 3672 quiedam
1169 3581 1701 3671 congregationes
1742 3577 2107 3671 puellarum
2152 3581 2287 3646 sive
2337 3599 2487 3647 mu-

210 3695 538 3781 «ilerum,
601 3719 748 3787 quae
799 3697 1027 3768 habitu
1085 3697 1396 3789 peculiari
1466 3695 1737 3776 indutae,
1802 3694 1925 3764 sub
1990 3692 2209 3782 aliqua
2260 3691 2487 3782 regula

211 3835 246 3874 a
281 3831 400 3900 pro
480 3832 706 3880 earum
779 3811 1118 3882 securitate
1179 3810 1599 3902 collegialiter
1666 3810 1921 3896 vivunt,
1979 3807 2178 3878 nullis
2234 3807 2485 3876 emissis

207 3949 244 3986 «
297 3923 484 4008 votis,
539 3925 642 3994 vel
691 3927 854 3996 votis
903 3933 1156 3996 tantum
1209 3927 1615 4019 simplicibus
1666 3925 1935 4012 emissiS,
1988 3923 2100 3994 sed
2158 3920 2296 3990 sine
2344 3919 2485 4008 lege

209 4065 244 4104 a
275 4037 618 4111 clausum.
655 4038 1052 4132 Huiusmodi
1081 4041 1547 4112 conservatoria
1586 4041 1915 4131 quandam
1946 4035 2483 4108 monasteriorum

213 4181 250 4218 (ι
287 4153 728 4224 imitationem
785 4158 1158 4248 continent3
1211 4157 1320 4227 sed
1361 4179 1573 4247 neque
1610 4177 1925 4248 expresse,
1972 4175 2182 4244 neque
2230 4151 2415 4220 tacite
2450 4170 2489 4216 a

211 4293 249 4332 «
281 4265 352 4336 S.
409 4269 572 4340 Sede
629 4271 1013 4362 probantur,
1077 4293 1152 4344 eo
1201 4274 1378 4364 quod
1430 4273 1843 4346 adversantur
1894 4269 2091 4340 bullae
2144 4267 2212 4338 S.
2267 4265 2367 4334 Pii
2420 4264 2480 4335 V

216 4408 250 4446 «
295 4384 494 4454 Circa
537 4361 992 4477 basta-alis...
1025 4387 1150 4458 Sed
1180 4387 1609 4460 nihilominus
1635 4390 1717 4459 ab
1745 4387 1967 4458 eadem
2011 4385 2080 4457 S.
2128 4382 2291 4454 Sede
2324 4381 2491 4452 tole-
