<?xml version="1.0" encoding="UTF-8"?>
<!DOCTYPE html PUBLIC "-//W3C//DTD XHTML 1.0 Transitional//EN"
    "http://www.w3.org/TR/xhtml1/DTD/xhtml1-transitional.dtd">
<html xmlns="http://www.w3.org/1999/xhtml" xml:lang="en" lang="en">
 <head>
  <title>
</title>
<meta http-equiv="Content-Type" content="text/html;charset=utf-8" />
  <meta name='ocr-system' content='tesseract 3.04.00' />
  <meta name='ocr-capabilities' content='ocr_page ocr_carea ocr_par ocr_line ocrx_word'/>
</head>
<body>
  <div class='ocr_page' id='page_1' title='image "./tractatusdejure01unkngoog_0314.png"; bbox 0 0 2834 4959; ppageno 0'>
   <div class='ocr_carea' id='block_1_1' title="bbox 410 322 2111 388">
    <p class='ocr_par' dir='ltr' id='par_1_1' title="bbox 410 322 2111 388">
     <span class='ocr_line' id='line_1_1' title="bbox 410 322 2111 388; baseline -0.001 -9"><span class='ocrx_word' id='word_1_1' title='bbox 410 322 533 381; x_wconf 73' lang='lat'><strong>296</strong></span> <span class='ocrx_word' id='word_1_2' title='bbox 996 334 1335 383; x_wconf 62' lang='lat' dir='ltr'><strong>‘rasc&#39;raws</strong></span> <span class='ocrx_word' id='word_1_3' title='bbox 1378 334 1459 381; x_wconf 77' lang='lat' dir='ltr'><strong>nn</strong></span> <span class='ocrx_word' id='word_1_4' title='bbox 1503 334 1654 381; x_wconf 66' lang='lat' dir='ltr'><strong>amin</strong></span> <span class='ocrx_word' id='word_1_5' title='bbox 1695 332 2111 388; x_wconf 67' lang='lat' dir='ltr'><strong>assumtum.</strong></span> 
     </span>
    </p>
   </div>
   <div class='ocr_carea' id='block_1_2' title="bbox 406 450 2710 2391">
    <p class='ocr_par' dir='ltr' id='par_1_2' title="bbox 406 450 2710 2391">
     <span class='ocr_line' id='line_1_2' title="bbox 408 450 2710 548; baseline -0.003 -23"><span class='ocrx_word' id='word_1_6' title='bbox 408 454 677 538; x_wconf 79' lang='lat' dir='ltr'><strong>Quando</strong></span> <span class='ocrx_word' id='word_1_7' title='bbox 728 458 907 529; x_wconf 81' lang='lat' dir='ltr'><strong>enim</strong></span> <span class='ocrx_word' id='word_1_8' title='bbox 958 457 1137 527; x_wconf 83' lang='lat' dir='ltr'><strong>sedes</strong></span> <span class='ocrx_word' id='word_1_9' title='bbox 1194 456 1561 548; x_wconf 87' lang='lat' dir='ltr'><strong>Apostolica</strong></span> <span class='ocrx_word' id='word_1_10' title='bbox 1605 454 1982 547; x_wconf 86' lang='lat' dir='ltr'><strong>religiosum</strong></span> <span class='ocrx_word' id='word_1_11' title='bbox 2039 454 2324 543; x_wconf 78' lang='lat' dir='ltr'><strong>aliquem</strong></span> <span class='ocrx_word' id='word_1_12' title='bbox 2383 450 2710 521; x_wconf 81' lang='lat' dir='ltr'><strong>ordinem.</strong></span> 
     </span>
     <span class='ocr_line' id='line_1_3' title="bbox 406 567 2686 664; baseline -0.001 -25"><span class='ocrx_word' id='word_1_13' title='bbox 406 569 743 662; x_wconf 80' lang='lat' dir='ltr'><strong>approbat,</strong></span> <span class='ocrx_word' id='word_1_14' title='bbox 790 572 1015 663; x_wconf 82' lang='lat' dir='ltr'><strong>utique</strong></span> <span class='ocrx_word' id='word_1_15' title='bbox 1064 571 1253 641; x_wconf 92' lang='lat' dir='ltr'><strong>illum</strong></span> <span class='ocrx_word' id='word_1_16' title='bbox 1304 570 1616 664; x_wconf 79' lang='lat' dir='ltr'><strong>approbat</strong></span> <span class='ocrx_word' id='word_1_17' title='bbox 1655 576 1978 661; x_wconf 87' lang='lat' dir='ltr'><strong>quatenus</strong></span> <span class='ocrx_word' id='word_1_18' title='bbox 2017 567 2246 640; x_wconf 88' lang='lat' dir='ltr'><strong>domos</strong></span> <span class='ocrx_word' id='word_1_19' title='bbox 2295 576 2358 636; x_wconf 89' lang='lat' dir='ltr'><strong>et</strong></span> <span class='ocrx_word' id='word_1_20' title='bbox 2401 588 2686 637; x_wconf 83' lang='lat' dir='ltr'><strong>conven-</strong></span> 
     </span>
     <span class='ocr_line' id='line_1_4' title="bbox 410 684 2684 779; baseline 0 -26"><span class='ocrx_word' id='word_1_21' title='bbox 410 690 515 753; x_wconf 86' lang='lat' dir='ltr'><strong>tus</strong></span> <span class='ocrx_word' id='word_1_22' title='bbox 539 686 723 775; x_wconf 83' lang='lat' dir='ltr'><strong>juxta</strong></span> <span class='ocrx_word' id='word_1_23' title='bbox 767 688 1017 779; x_wconf 90' lang='lat' dir='ltr'><strong>proprii</strong></span> <span class='ocrx_word' id='word_1_24' title='bbox 1062 688 1341 757; x_wconf 88' lang='lat' dir='ltr'><strong>instituti</strong></span> <span class='ocrx_word' id='word_1_25' title='bbox 1380 706 1682 757; x_wconf 89' lang='lat' dir='ltr'><strong>normam</strong></span> <span class='ocrx_word' id='word_1_26' title='bbox 1727 684 2181 755; x_wconf 79' lang='lat' dir='ltr'><strong>fundaturum.</strong></span> <span class='ocrx_word' id='word_1_27' title='bbox 2233 684 2406 754; x_wconf 88' lang='lat' dir='ltr'><strong>Cum</strong></span> <span class='ocrx_word' id='word_1_28' title='bbox 2445 704 2684 774; x_wconf 80' lang='lat' dir='ltr'><strong>nempe</strong></span> 
     </span>
     <span class='ocr_line' id='line_1_5' title="bbox 410 798 2684 893; baseline -0.001 -24"><span class='ocrx_word' id='word_1_29' title='bbox 410 800 509 869; x_wconf 87' lang='lat' dir='ltr'><strong>illi</strong></span> <span class='ocrx_word' id='word_1_30' title='bbox 544 800 827 893; x_wconf 83' lang='lat' dir='ltr'>religiosi</span> <span class='ocrx_word' id='word_1_31' title='bbox 864 803 1137 874; x_wconf 89' lang='lat' dir='ltr'><strong>debeant</strong></span> <span class='ocrx_word' id='word_1_32' title='bbox 1177 804 1619 873; x_wconf 90' lang='lat' dir='ltr'><strong>communiter</strong></span> <span class='ocrx_word' id='word_1_33' title='bbox 1649 801 1890 891; x_wconf 80' lang='lat' dir='ltr'><strong>vivere,</strong></span> <span class='ocrx_word' id='word_1_34' title='bbox 1929 822 2136 893; x_wconf 86' lang='lat' dir='ltr'><strong>neque</strong></span> <span class='ocrx_word' id='word_1_35' title='bbox 2173 800 2388 869; x_wconf 82' lang='lat' dir='ltr'><strong>vivere</strong></span> <span class='ocrx_word' id='word_1_36' title='bbox 2426 798 2684 869; x_wconf 74' lang='lat' dir='ltr'><strong>valeant</strong></span> 
     </span>
     <span class='ocr_line' id='line_1_6' title="bbox 408 915 2686 1008; baseline -0 -24"><span class='ocrx_word' id='word_1_37' title='bbox 408 915 532 985; x_wconf 78' lang='lat' dir='ltr'><strong>sub</strong></span> <span class='ocrx_word' id='word_1_38' title='bbox 569 918 703 1003; x_wconf 90' lang='lat' dir='ltr'><strong>dio,</strong></span> <span class='ocrx_word' id='word_1_39' title='bbox 754 940 873 988; x_wconf 89' lang='lat' dir='ltr'><strong>nec</strong></span> <span class='ocrx_word' id='word_1_40' title='bbox 916 918 987 989; x_wconf 90' lang='lat' dir='ltr'><strong>in</strong></span> <span class='ocrx_word' id='word_1_41' title='bbox 1026 939 1195 1005; x_wconf 87' lang='lat' dir='ltr'><strong>aere,</strong></span> <span class='ocrx_word' id='word_1_42' title='bbox 1240 940 1361 988; x_wconf 88' lang='lat' dir='ltr'><strong>nec</strong></span> <span class='ocrx_word' id='word_1_43' title='bbox 1403 917 1530 987; x_wconf 90' lang='lat' dir='ltr'><strong>sub</strong></span> <span class='ocrx_word' id='word_1_44' title='bbox 1586 925 1778 1001; x_wconf 88' lang='lat' dir='ltr'><strong>terra,</strong></span> <span class='ocrx_word' id='word_1_45' title='bbox 1827 938 2083 987; x_wconf 86' lang='lat' dir='ltr'><strong>necesse</strong></span> <span class='ocrx_word' id='word_1_46' title='bbox 2124 937 2390 1008; x_wconf 88' lang='lat' dir='ltr'><strong>prorsus</strong></span> <span class='ocrx_word' id='word_1_47' title='bbox 2443 924 2566 1001; x_wconf 87' lang='lat' dir='ltr'><strong>est,</strong></span> <span class='ocrx_word' id='word_1_48' title='bbox 2611 927 2686 984; x_wconf 89' lang='lat' dir='ltr'><strong>ut</strong></span> 
     </span>
     <span class='ocr_line' id='line_1_7' title="bbox 410 1031 2686 1123; baseline -0.001 -22"><span class='ocrx_word' id='word_1_49' title='bbox 410 1031 576 1101; x_wconf 89' lang='lat' dir='ltr'><strong>sicut</strong></span> <span class='ocrx_word' id='word_1_50' title='bbox 621 1032 733 1102; x_wconf 87' lang='lat' dir='ltr'><strong>alii</strong></span> <span class='ocrx_word' id='word_1_51' title='bbox 774 1034 1073 1104; x_wconf 84' lang='lat' dir='ltr'><strong>homines</strong></span> <span class='ocrx_word' id='word_1_52' title='bbox 1119 1032 1531 1123; x_wconf 81' lang='lat' dir='ltr'><strong>collegialiter</strong></span> <span class='ocrx_word' id='word_1_53' title='bbox 1573 1033 1896 1123; x_wconf 86' lang='lat' dir='ltr'><strong>degentes,</strong></span> <span class='ocrx_word' id='word_1_54' title='bbox 1943 1031 2108 1101; x_wconf 73' lang='lat' dir='ltr'><strong>indes</strong></span> <span class='ocrx_word' id='word_1_55' title='bbox 2151 1052 2268 1101; x_wconf 90' lang='lat' dir='ltr'><strong>seu</strong></span> <span class='ocrx_word' id='word_1_56' title='bbox 2319 1037 2686 1101; x_wconf 81' lang='lat' dir='ltr'><strong>conventus</strong></span> 
     </span>
     <span class='ocr_line' id='line_1_8' title="bbox 408 1146 2675 1241; baseline -0 -25"><span class='ocrx_word' id='word_1_57' title='bbox 408 1146 709 1217; x_wconf 80' lang='lat' dir='ltr'><strong>habeant.</strong></span> <span class='ocrx_word' id='word_1_58' title='bbox 755 1148 895 1219; x_wconf 89' lang='lat' dir='ltr'><strong>lmo</strong></span> <span class='ocrx_word' id='word_1_59' title='bbox 928 1150 1369 1241; x_wconf 85' lang='lat' dir='ltr'><strong>approbantur</strong></span> <span class='ocrx_word' id='word_1_60' title='bbox 1406 1154 1727 1240; x_wconf 85' lang='lat' dir='ltr'><strong>quatenus</strong></span> <span class='ocrx_word' id='word_1_61' title='bbox 1751 1148 2051 1219; x_wconf 73' lang='lat' dir='ltr'><strong>ecclosias</strong></span> <span class='ocrx_word' id='word_1_62' title='bbox 2097 1168 2211 1215; x_wconf 90' lang='lat' dir='ltr'><strong>seu</strong></span> <span class='ocrx_word' id='word_1_63' title='bbox 2237 1146 2522 1215; x_wconf 86' lang='lat' dir='ltr'><strong>oratoria</strong></span> <span class='ocrx_word' id='word_1_64' title='bbox 2550 1168 2675 1238; x_wconf 91' lang='lat' dir='ltr'><strong>pu-</strong></span> 
     </span>
     <span class='ocr_line' id='line_1_9' title="bbox 406 1261 2684 1355; baseline -0 -25"><span class='ocrx_word' id='word_1_65' title='bbox 406 1261 577 1332; x_wconf 86' lang='lat' dir='ltr'><strong>blica</strong></span> <span class='ocrx_word' id='word_1_66' title='bbox 623 1264 933 1349; x_wconf 88' lang='lat' dir='ltr'><strong>habituri,</strong></span> <span class='ocrx_word' id='word_1_67' title='bbox 980 1264 1241 1355; x_wconf 85' lang='lat' dir='ltr'><strong>quando</strong></span> <span class='ocrx_word' id='word_1_68' title='bbox 1282 1266 1361 1335; x_wconf 93' lang='lat' dir='ltr'><strong>de</strong></span> <span class='ocrx_word' id='word_1_69' title='bbox 1390 1264 1472 1334; x_wconf 87' lang='lat' dir='ltr'><strong>iis</strong></span> <span class='ocrx_word' id='word_1_70' title='bbox 1515 1269 1692 1349; x_wconf 89' lang='lat' dir='ltr'><strong>sunt,</strong></span> <span class='ocrx_word' id='word_1_71' title='bbox 1732 1264 1849 1354; x_wconf 86' lang='lat' dir='ltr'><strong>qui</strong></span> <span class='ocrx_word' id='word_1_72' title='bbox 1885 1285 1962 1332; x_wconf 86' lang='lat' dir='ltr'><strong>ex</strong></span> <span class='ocrx_word' id='word_1_73' title='bbox 1997 1262 2292 1332; x_wconf 85' lang='lat' dir='ltr'><strong>instituto</strong></span> <span class='ocrx_word' id='word_1_74' title='bbox 2319 1282 2502 1331; x_wconf 87' lang='lat' dir='ltr'><strong>sacra</strong></span> <span class='ocrx_word' id='word_1_75' title='bbox 2551 1262 2684 1329; x_wconf 87' lang='lat' dir='ltr'><strong>mi-</strong></span> 
     </span>
     <span class='ocr_line' id='line_1_10' title="bbox 410 1376 2684 1449; baseline -0 -5"><span class='ocrx_word' id='word_1_76' title='bbox 410 1376 657 1445; x_wconf 86' lang='lat' dir='ltr'><strong>nisterii</strong></span> <span class='ocrx_word' id='word_1_77' title='bbox 711 1379 942 1447; x_wconf 88' lang='lat' dir='ltr'><strong>munia</strong></span> <span class='ocrx_word' id='word_1_78' title='bbox 996 1400 1287 1447; x_wconf 83' lang='lat' dir='ltr'><strong>exercere</strong></span> <span class='ocrx_word' id='word_1_79' title='bbox 1342 1378 1603 1449; x_wconf 88' lang='lat' dir='ltr'><strong>debent.</strong></span> <span class='ocrx_word' id='word_1_80' title='bbox 1659 1376 1802 1447; x_wconf 81' lang='lat' dir='ltr'><strong>Jam</strong></span> <span class='ocrx_word' id='word_1_81' title='bbox 1863 1386 2018 1448; x_wconf 70' lang='lat' dir='ltr'><strong>voto</strong></span> <span class='ocrx_word' id='word_1_82' title='bbox 2071 1382 2462 1447; x_wconf 77' lang='lat' dir='ltr'><strong>conventum</strong></span> <span class='ocrx_word' id='word_1_83' title='bbox 2527 1397 2684 1447; x_wconf 88' lang='lat' dir='ltr'><strong>cum</strong></span> 
     </span>
     <span class='ocr_line' id='line_1_11' title="bbox 408 1490 2685 1585; baseline -0 -24"><span class='ocrx_word' id='word_1_84' title='bbox 408 1492 674 1562; x_wconf 89' lang='lat' dir='ltr'><strong>ecclesia</strong></span> <span class='ocrx_word' id='word_1_85' title='bbox 719 1491 985 1583; x_wconf 88' lang='lat' dir='ltr'><strong>publica</strong></span> <span class='ocrx_word' id='word_1_86' title='bbox 1027 1492 1264 1563; x_wconf 87' lang='lat' dir='ltr'><strong>nullibi</strong></span> <span class='ocrx_word' id='word_1_87' title='bbox 1307 1493 1546 1562; x_wconf 89' lang='lat' dir='ltr'><strong>habere</strong></span> <span class='ocrx_word' id='word_1_88' title='bbox 1581 1499 1872 1585; x_wconf 82' lang='lat' dir='ltr'><strong>possunt,</strong></span> <span class='ocrx_word' id='word_1_89' title='bbox 1905 1493 2069 1584; x_wconf 85' lang='lat' dir='ltr'><strong>quin</strong></span> <span class='ocrx_word' id='word_1_90' title='bbox 2103 1492 2230 1561; x_wconf 88' lang='lat' dir='ltr'><strong>hoc</strong></span> <span class='ocrx_word' id='word_1_91' title='bbox 2269 1492 2406 1583; x_wconf 88' lang='lat' dir='ltr'><strong>ipso</strong></span> <span class='ocrx_word' id='word_1_92' title='bbox 2451 1490 2685 1561; x_wconf 89' lang='lat' dir='ltr'><strong>immi-</strong></span> 
     </span>
     <span class='ocr_line' id='line_1_12' title="bbox 417 1604 2684 1701; baseline 0.001 -28"><span class='ocrx_word' id='word_1_93' title='bbox 417 1613 617 1676; x_wconf 88' lang='lat' dir='ltr'><strong>neant</strong></span> <span class='ocrx_word' id='word_1_94' title='bbox 642 1606 769 1675; x_wconf 90' lang='lat' dir='ltr'><strong>loci</strong></span> <span class='ocrx_word' id='word_1_95' title='bbox 799 1607 977 1676; x_wconf 89' lang='lat' dir='ltr'><strong>illius</strong></span> <span class='ocrx_word' id='word_1_96' title='bbox 1006 1608 1289 1701; x_wconf 84' lang='lat' dir='ltr'><strong>parocho</strong></span> <span class='ocrx_word' id='word_1_97' title='bbox 1316 1608 1696 1701; x_wconf 80' lang='lat' dir='ltr'><strong>praejudicia</strong></span> <span class='ocrx_word' id='word_1_98' title='bbox 1731 1609 1813 1678; x_wconf 91' lang='lat' dir='ltr'><strong>de</strong></span> <span class='ocrx_word' id='word_1_99' title='bbox 1837 1608 2078 1699; x_wconf 88' lang='lat' dir='ltr'><strong>quibus</strong></span> <span class='ocrx_word' id='word_1_100' title='bbox 2113 1606 2460 1699; x_wconf 85' lang='lat' dir='ltr'><strong>loquimur.</strong></span> <span class='ocrx_word' id='word_1_101' title='bbox 2497 1604 2684 1675; x_wconf 89' lang='lat' dir='ltr'><strong>Cum</strong></span> 
     </span>
     <span class='ocr_line' id='line_1_13' title="bbox 409 1721 2681 1825; baseline 0.001 -38"><span class='ocrx_word' id='word_1_102' title='bbox 409 1742 647 1813; x_wconf 87' lang='lat' dir='ltr'><strong>nempe</strong></span> <span class='ocrx_word' id='word_1_103' title='bbox 690 1722 990 1795; x_wconf 86' lang='lat' dir='ltr'><strong>fidelibus</strong></span> <span class='ocrx_word' id='word_1_104' title='bbox 1040 1722 1321 1792; x_wconf 86' lang='lat' dir='ltr'><strong>liberum</strong></span> <span class='ocrx_word' id='word_1_105' title='bbox 1372 1724 1456 1793; x_wconf 85' lang='lat' dir='ltr'><strong>sit</strong></span> <span class='ocrx_word' id='word_1_106' title='bbox 1501 1725 1572 1791; x_wconf 91' lang='lat' dir='ltr'><strong>in</strong></span> <span class='ocrx_word' id='word_1_107' title='bbox 1631 1744 2020 1825; x_wconf 80' lang='lat' dir='ltr'><strong>quocunque</strong></span> <span class='ocrx_word' id='word_1_108' title='bbox 2080 1721 2338 1815; x_wconf 84' lang='lat' dir='ltr'><strong>publico</strong></span> <span class='ocrx_word' id='word_1_109' title='bbox 2392 1724 2681 1791; x_wconf 88' lang='lat' dir='ltr'><strong>oratorio</strong></span> 
     </span>
     <span class='ocr_line' id='line_1_14' title="bbox 408 1837 2684 1931; baseline 0.001 -26"><span class='ocrx_word' id='word_1_110' title='bbox 408 1837 710 1906; x_wconf 89' lang='lat' dir='ltr'><strong>audiendi</strong></span> <span class='ocrx_word' id='word_1_111' title='bbox 760 1840 925 1908; x_wconf 89' lang='lat' dir='ltr'><strong>sacri</strong></span> <span class='ocrx_word' id='word_1_112' title='bbox 974 1846 1293 1931; x_wconf 83' lang='lat' dir='ltr'><strong>praecepto</strong></span> <span class='ocrx_word' id='word_1_113' title='bbox 1340 1839 1720 1925; x_wconf 82' lang='lat' dir='ltr'><strong>satisfacere,</strong></span> <span class='ocrx_word' id='word_1_114' title='bbox 1771 1838 1964 1909; x_wconf 90' lang='lat' dir='ltr'><strong>multi</strong></span> <span class='ocrx_word' id='word_1_115' title='bbox 2010 1838 2410 1929; x_wconf 83' lang='lat' dir='ltr'><strong>regularium</strong></span> <span class='ocrx_word' id='word_1_116' title='bbox 2463 1837 2684 1908; x_wconf 89' lang='lat' dir='ltr'><strong>eccle-</strong></span> 
     </span>
     <span class='ocr_line' id='line_1_15' title="bbox 410 1952 2677 2046; baseline 0 -25"><span class='ocrx_word' id='word_1_117' title='bbox 410 1952 573 2021; x_wconf 82' lang='lat' dir='ltr'><strong>siam</strong></span> <span class='ocrx_word' id='word_1_118' title='bbox 598 1952 895 2040; x_wconf 87' lang='lat' dir='ltr'><strong>adibunt‚</strong></span> <span class='ocrx_word' id='word_1_119' title='bbox 922 1962 985 2023; x_wconf 90' lang='lat' dir='ltr'><strong>et</strong></span> <span class='ocrx_word' id='word_1_120' title='bbox 1010 1956 1105 2025; x_wconf 89' lang='lat' dir='ltr'><strong>sic</strong></span> <span class='ocrx_word' id='word_1_121' title='bbox 1131 1956 1347 2025; x_wconf 91' lang='lat' dir='ltr'><strong>minor</strong></span> <span class='ocrx_word' id='word_1_122' title='bbox 1370 1958 1494 2025; x_wconf 86' lang='lat' dir='ltr'><strong>crit</strong></span> <span class='ocrx_word' id='word_1_123' title='bbox 1519 1957 1591 2023; x_wconf 88' lang='lat' dir='ltr'><strong>in</strong></span> <span class='ocrx_word' id='word_1_124' title='bbox 1619 1954 1980 2046; x_wconf 86' lang='lat' dir='ltr'><strong>parochiali</strong></span> <span class='ocrx_word' id='word_1_125' title='bbox 2005 1952 2272 2023; x_wconf 86' lang='lat' dir='ltr'><strong>ecclesia</strong></span> <span class='ocrx_word' id='word_1_126' title='bbox 2297 1972 2677 2023; x_wconf 82' lang='lat' dir='ltr'><strong>concursus.</strong></span> 
     </span>
     <span class='ocr_line' id='line_1_16' title="bbox 414 2066 2682 2160; baseline 0 -23"><span class='ocrx_word' id='word_1_127' title='bbox 414 2066 577 2137; x_wconf 84' lang='lat' dir='ltr'><strong>Item</strong></span> <span class='ocrx_word' id='word_1_128' title='bbox 622 2070 809 2139; x_wconf 80' lang='lat' dir='ltr'><strong>facile</strong></span> <span class='ocrx_word' id='word_1_129' title='bbox 862 2073 1189 2158; x_wconf 87' lang='lat' dir='ltr'><strong>continget</strong></span> <span class='ocrx_word' id='word_1_130' title='bbox 1234 2076 1308 2139; x_wconf 90' lang='lat' dir='ltr'><strong>ut</strong></span> <span class='ocrx_word' id='word_1_131' title='bbox 1356 2068 1604 2160; x_wconf 87' lang='lat' dir='ltr'><strong>aliquid</strong></span> <span class='ocrx_word' id='word_1_132' title='bbox 1662 2071 1742 2141; x_wconf 90' lang='lat' dir='ltr'><strong>de</strong></span> <span class='ocrx_word' id='word_1_133' title='bbox 1785 2069 2008 2139; x_wconf 89' lang='lat' dir='ltr'><strong>liberis</strong></span> <span class='ocrx_word' id='word_1_134' title='bbox 2056 2066 2494 2137; x_wconf 85' lang='lat' dir='ltr'><strong>oblationibus</strong></span> <span class='ocrx_word' id='word_1_135' title='bbox 2542 2091 2682 2158; x_wconf 80' lang='lat' dir='ltr'><strong>quae</strong></span> 
     </span>
     <span class='ocr_line' id='line_1_17' title="bbox 416 2182 2683 2275; baseline -0 -23"><span class='ocrx_word' id='word_1_136' title='bbox 416 2186 702 2274; x_wconf 85' lang='lat' dir='ltr'><strong>parocho</strong></span> <span class='ocrx_word' id='word_1_137' title='bbox 756 2187 901 2254; x_wconf 83' lang='lat' dir='ltr'><strong>fieri</strong></span> <span class='ocrx_word' id='word_1_138' title='bbox 950 2185 1263 2271; x_wconf 88' lang='lat' dir='ltr'><strong>solebant,</strong></span> <span class='ocrx_word' id='word_1_139' title='bbox 1314 2185 1395 2256; x_wconf 90' lang='lat' dir='ltr'><strong>ad</strong></span> <span class='ocrx_word' id='word_1_140' title='bbox 1439 2192 1830 2255; x_wconf 85' lang='lat' dir='ltr'><strong>conventum</strong></span> <span class='ocrx_word' id='word_1_141' title='bbox 1891 2183 2329 2255; x_wconf 81' lang='lat' dir='ltr'><strong>transferatur.</strong></span> <span class='ocrx_word' id='word_1_142' title='bbox 2399 2182 2578 2275; x_wconf 88' lang='lat' dir='ltr'><strong>Ergo</strong></span> <span class='ocrx_word' id='word_1_143' title='bbox 2633 2186 2683 2251; x_wconf 92' lang='lat' dir='ltr'><strong>si</strong></span> 
     </span>
     <span class='ocr_line' id='line_1_18' title="bbox 410 2296 2680 2391; baseline 0.002 -26"><span class='ocrx_word' id='word_1_144' title='bbox 410 2296 662 2365; x_wconf 78' lang='lat' dir='ltr'><strong>valeant</strong></span> <span class='ocrx_word' id='word_1_145' title='bbox 690 2299 979 2387; x_wconf 87' lang='lat' dir='ltr'><strong>parochi,</strong></span> <span class='ocrx_word' id='word_1_146' title='bbox 1022 2298 1107 2367; x_wconf 91' lang='lat' dir='ltr'><strong>ob</strong></span> <span class='ocrx_word' id='word_1_147' title='bbox 1152 2299 1271 2369; x_wconf 86' lang='lat' dir='ltr'><strong>ista</strong></span> <span class='ocrx_word' id='word_1_148' title='bbox 1302 2300 1706 2391; x_wconf 66' lang='lat' dir='ltr'><strong>praejudicia,</strong></span> <span class='ocrx_word' id='word_1_149' title='bbox 1738 2299 1997 2391; x_wconf 79' lang='lat' dir='ltr'><strong>jurium</strong></span> <span class='ocrx_word' id='word_1_150' title='bbox 2037 2298 2520 2390; x_wconf 85' lang='lat' dir='ltr'><strong>parochialium</strong></span> <span class='ocrx_word' id='word_1_151' title='bbox 2556 2322 2680 2369; x_wconf 89' lang='lat' dir='ltr'><strong>non</strong></span> 
     </span>
    </p>
   </div>
   <div class='ocr_carea' id='block_1_3' title="bbox 416 2409 2801 2507">
    <p class='ocr_par' dir='ltr' id='par_1_3' title="bbox 416 2409 2801 2507">
     <span class='ocr_line' id='line_1_19' title="bbox 416 2409 2801 2507; baseline 0.003 -29"><span class='ocrx_word' id='word_1_152' title='bbox 416 2409 656 2498; x_wconf 81' lang='lat' dir='ltr'><strong>laesiva,</strong></span> <span class='ocrx_word' id='word_1_153' title='bbox 678 2418 1117 2481; x_wconf 76' lang='lat' dir='ltr'><strong>conventuum</strong></span> <span class='ocrx_word' id='word_1_154' title='bbox 1143 2412 1552 2483; x_wconf 79' lang='lat' dir='ltr'><strong>fundationes</strong></span> <span class='ocrx_word' id='word_1_155' title='bbox 1568 2413 1905 2507; x_wconf 88' lang='lat' dir='ltr'><strong>impedire,</strong></span> <span class='ocrx_word' id='word_1_156' title='bbox 1935 2416 2130 2485; x_wconf 84' lang='lat' dir='ltr'><strong>etiam</strong></span> <span class='ocrx_word' id='word_1_157' title='bbox 2151 2414 2476 2505; x_wconf 87' lang='lat' dir='ltr'><strong>impedire</strong></span> <span class='ocrx_word' id='word_1_158' title='bbox 2505 2422 2677 2507; x_wconf 87' lang='lat' dir='ltr'><strong>pote-</strong></span> <span class='ocrx_word' id='word_1_159' title='bbox 2800 2456 2801 2466; x_wconf 27' lang='grc' dir='ltr'><strong>κ</strong></span> 
     </span>
    </p>
   </div>
   <div class='ocr_carea' id='block_1_4' title="bbox 414 2528 2682 2969">
    <p class='ocr_par' dir='ltr' id='par_1_4' title="bbox 414 2528 2682 2969">
     <span class='ocr_line' id='line_1_20' title="bbox 414 2528 2682 2622; baseline 0.002 -27"><span class='ocrx_word' id='word_1_160' title='bbox 414 2534 572 2595; x_wconf 87' lang='lat' dir='ltr'><strong>runt</strong></span> <span class='ocrx_word' id='word_1_161' title='bbox 597 2547 681 2595; x_wconf 91' lang='lat' dir='ltr'><strong>ne</strong></span> <span class='ocrx_word' id='word_1_162' title='bbox 712 2533 1171 2618; x_wconf 79' lang='lat' dir='ltr'><strong>propagentur,</strong></span> <span class='ocrx_word' id='word_1_163' title='bbox 1202 2528 1339 2598; x_wconf 88' lang='lat' dir='ltr'><strong>imo</strong></span> <span class='ocrx_word' id='word_1_164' title='bbox 1365 2549 1449 2598; x_wconf 90' lang='lat' dir='ltr'><strong>ne</strong></span> <span class='ocrx_word' id='word_1_165' title='bbox 1485 2529 1676 2599; x_wconf 90' lang='lat' dir='ltr'><strong>ullibi</strong></span> <span class='ocrx_word' id='word_1_166' title='bbox 1704 2530 1834 2600; x_wconf 78' lang='lat' dir='ltr'><strong>iere</strong></span> <span class='ocrx_word' id='word_1_167' title='bbox 1871 2532 2140 2601; x_wconf 80' lang='lat' dir='ltr'><strong>existant</strong></span> <span class='ocrx_word' id='word_1_168' title='bbox 2180 2530 2512 2622; x_wconf 85' lang='lat' dir='ltr'><strong>ejusmodi</strong></span> <span class='ocrx_word' id='word_1_169' title='bbox 2545 2530 2682 2599; x_wconf 86' lang='lat' dir='ltr'><strong>reli·</strong></span> 
     </span>
     <span class='ocr_line' id='line_1_21' title="bbox 418 2638 2678 2735; baseline 0.001 -29"><span class='ocrx_word' id='word_1_170' title='bbox 418 2638 585 2729; x_wconf 90' lang='lat' dir='ltr'><strong>giosi·</strong></span> <span class='ocrx_word' id='word_1_171' title='bbox 604 2639 883 2710; x_wconf 83' lang='lat' dir='ltr'><strong>ordines.</strong></span> <span class='ocrx_word' id='word_1_172' title='bbox 916 2640 1087 2732; x_wconf 86' lang='lat' dir='ltr'><strong>Ergo</strong></span> <span class='ocrx_word' id='word_1_173' title='bbox 1111 2646 1411 2733; x_wconf 87' lang='lat' dir='ltr'><strong>poterunt</strong></span> <span class='ocrx_word' id='word_1_174' title='bbox 1434 2642 1702 2734; x_wconf 86' lang='lat' dir='ltr'><strong>parochi</strong></span> <span class='ocrx_word' id='word_1_175' title='bbox 1729 2646 1998 2715; x_wconf 88' lang='lat' dir='ltr'><strong>inanem</strong></span> <span class='ocrx_word' id='word_1_176' title='bbox 2027 2645 2294 2715; x_wconf 87' lang='lat' dir='ltr'><strong>reddere</strong></span> <span class='ocrx_word' id='word_1_177' title='bbox 2319 2644 2678 2735; x_wconf 85' lang='lat' dir='ltr'><strong>quamlibet</strong></span> 
     </span>
     <span class='ocr_line' id='line_1_22' title="bbox 416 2754 2682 2853; baseline 0.001 -28"><span class='ocrx_word' id='word_1_178' title='bbox 416 2754 581 2825; x_wconf 85' lang='lat' dir='ltr'><strong>sedis</strong></span> <span class='ocrx_word' id='word_1_179' title='bbox 606 2757 991 2848; x_wconf 83' lang='lat' dir='ltr'><strong>Apostolicae</strong></span> <span class='ocrx_word' id='word_1_180' title='bbox 1016 2758 1339 2849; x_wconf 89' lang='lat' dir='ltr'><strong>ejusmodi</strong></span> <span class='ocrx_word' id='word_1_181' title='bbox 1378 2760 1688 2829; x_wconf 88' lang='lat' dir='ltr'><strong>ordinum</strong></span> <span class='ocrx_word' id='word_1_182' title='bbox 1720 2760 2288 2851; x_wconf 81' lang='lat' dir='ltr'><strong>approbationem3</strong></span> <span class='ocrx_word' id='word_1_183' title='bbox 2323 2782 2468 2845; x_wconf 90' lang='lat' dir='ltr'><strong>seu,</strong></span> <span class='ocrx_word' id='word_1_184' title='bbox 2523 2758 2682 2853; x_wconf 91' lang='lat' dir='ltr'><strong>quod</strong></span> 
     </span>
     <span class='ocr_line' id='line_1_23' title="bbox 420 2872 2682 2969; baseline 0.002 -29"><span class='ocrx_word' id='word_1_185' title='bbox 420 2872 593 2941; x_wconf 89' lang='lat' dir='ltr'><strong>idem</strong></span> <span class='ocrx_word' id='word_1_186' title='bbox 623 2881 740 2954; x_wconf 89' lang='lat' dir='ltr'><strong>est,</strong></span> <span class='ocrx_word' id='word_1_187' title='bbox 772 2882 1073 2965; x_wconf 89' lang='lat' dir='ltr'><strong>poterunt</strong></span> <span class='ocrx_word' id='word_1_188' title='bbox 1098 2877 1416 2967; x_wconf 90' lang='lat' dir='ltr'><strong>impedire</strong></span> <span class='ocrx_word' id='word_1_189' title='bbox 1439 2898 1522 2945; x_wconf 93' lang='lat' dir='ltr'><strong>ne</strong></span> <span class='ocrx_word' id='word_1_190' title='bbox 1549 2876 1816 2945; x_wconf 85' lang='lat' dir='ltr'><strong>existant</strong></span> <span class='ocrx_word' id='word_1_191' title='bbox 1841 2883 1905 2945; x_wconf 89' lang='lat' dir='ltr'><strong>et</strong></span> <span class='ocrx_word' id='word_1_192' title='bbox 1931 2883 2370 2969; x_wconf 88' lang='lat' dir='ltr'><strong>propagentur</strong></span> <span class='ocrx_word' id='word_1_193' title='bbox 2397 2878 2682 2968; x_wconf 82' lang='lat' dir='ltr'><strong>religiosi</strong></span> 
     </span>
    </p>
   </div>
   <div class='ocr_carea' id='block_1_5' title="bbox 421 2987 2797 3099">
    <p class='ocr_par' dir='ltr' id='par_1_5' title="bbox 421 2987 2797 3099">
     <span class='ocr_line' id='line_1_24' title="bbox 421 2987 2797 3099; baseline 0.003 -46"><span class='ocrx_word' id='word_1_194' title='bbox 421 2987 701 3074; x_wconf 86' lang='lat' dir='ltr'><strong>ordines,</strong></span> <span class='ocrx_word' id='word_1_195' title='bbox 742 3010 905 3079; x_wconf 88' lang='lat' dir='ltr'><strong>quos</strong></span> <span class='ocrx_word' id='word_1_196' title='bbox 947 2988 1233 3059; x_wconf 85' lang='lat' dir='ltr'><strong>Ecclesia</strong></span> <span class='ocrx_word' id='word_1_197' title='bbox 1271 2990 1412 3059; x_wconf 81' lang='lat' dir='ltr'><strong>vult</strong></span> <span class='ocrx_word' id='word_1_198' title='bbox 1455 2990 1720 3059; x_wconf 83' lang='lat' dir='ltr'><strong>existere</strong></span> <span class='ocrx_word' id='word_1_199' title='bbox 1753 2995 1818 3058; x_wconf 86' lang='lat' dir='ltr'><strong>et</strong></span> <span class='ocrx_word' id='word_1_200' title='bbox 1851 2992 2216 3083; x_wconf 87' lang='lat' dir='ltr'><strong>propagari.</strong></span> <span class='ocrx_word' id='word_1_201' title='bbox 2259 2990 2454 3073; x_wconf 85' lang='lat' dir='ltr'><strong>Quod</strong></span> <span class='ocrx_word' id='word_1_202' title='bbox 2489 3011 2677 3083; x_wconf 86' lang='lat' dir='ltr'><strong>quam</strong></span> <span class='ocrx_word' id='word_1_203' title='bbox 2796 3094 2797 3099; x_wconf 5' lang='grc' dir='ltr'>ἵ</span> 
     </span>
    </p>
   </div>
   <div class='ocr_carea' id='block_1_6' title="bbox 416 3103 2682 3895">
    <p class='ocr_par' dir='ltr' id='par_1_6' title="bbox 416 3103 1473 3185">
     <span class='ocr_line' id='line_1_25' title="bbox 416 3103 1473 3185; baseline -0.001 -12"><span class='ocrx_word' id='word_1_204' title='bbox 416 3103 734 3173; x_wconf 86' lang='lat' dir='ltr'><strong>absonum</strong></span> <span class='ocrx_word' id='word_1_205' title='bbox 760 3106 867 3185; x_wconf 89' lang='lat' dir='ltr'><strong>sit,</strong></span> <span class='ocrx_word' id='word_1_206' title='bbox 898 3124 1091 3173; x_wconf 87' lang='lat' dir='ltr'><strong>nemo</strong></span> <span class='ocrx_word' id='word_1_207' title='bbox 1117 3126 1249 3175; x_wconf 90' lang='lat' dir='ltr'><strong>non</strong></span> <span class='ocrx_word' id='word_1_208' title='bbox 1276 3106 1473 3175; x_wconf 81' lang='lat' dir='ltr'><strong>videt.</strong></span> 
     </span>
    </p>

    <p class='ocr_par' dir='ltr' id='par_1_7' title="bbox 420 3217 2682 3895">
     <span class='ocr_line' id='line_1_26' title="bbox 507 3217 2682 3312; baseline -0 -25"><span class='ocrx_word' id='word_1_209' title='bbox 507 3217 642 3287; x_wconf 91' lang='lat' dir='ltr'><strong>Nec</strong></span> <span class='ocrx_word' id='word_1_210' title='bbox 688 3218 1055 3308; x_wconf 86' lang='lat' dir='ltr'><strong>objiciatur,</strong></span> <span class='ocrx_word' id='word_1_211' title='bbox 1108 3220 1490 3312; x_wconf 86' lang='lat' dir='ltr'><strong>dispositum</strong></span> <span class='ocrx_word' id='word_1_212' title='bbox 1524 3244 1563 3291; x_wconf 89' lang='lat' dir='ltr'><strong>a</strong></span> <span class='ocrx_word' id='word_1_213' title='bbox 1608 3222 1990 3293; x_wconf 88' lang='lat' dir='ltr'><strong>Tridentina</strong></span> <span class='ocrx_word' id='word_1_214' title='bbox 2043 3220 2288 3310; x_wconf 73' lang='lat' dir='ltr'><strong>synodo</strong></span> <span class='ocrx_word' id='word_1_215' title='bbox 2333 3222 2554 3303; x_wconf 81' lang='lat' dir='ltr'><strong>fuisse,</strong></span> <span class='ocrx_word' id='word_1_216' title='bbox 2611 3228 2682 3287; x_wconf 88' lang='lat' dir='ltr'><strong>ut</strong></span> 
     </span>
     <span class='ocr_line' id='line_1_27' title="bbox 420 3337 2678 3410; baseline 0.002 -9"><span class='ocrx_word' id='word_1_217' title='bbox 420 3352 740 3401; x_wconf 80' lang='lat' dir='ltr'><strong>novorum</strong></span> <span class='ocrx_word' id='word_1_218' title='bbox 797 3343 1229 3405; x_wconf 84' lang='lat' dir='ltr'><strong>conventuum</strong></span> <span class='ocrx_word' id='word_1_219' title='bbox 1288 3338 1524 3407; x_wconf 88' lang='lat' dir='ltr'><strong>erectio</strong></span> <span class='ocrx_word' id='word_1_220' title='bbox 1582 3361 1621 3408; x_wconf 91' lang='lat' dir='ltr'><strong>a</strong></span> <span class='ocrx_word' id='word_1_221' title='bbox 1685 3338 1939 3410; x_wconf 88' lang='lat' dir='ltr'><strong>licentia</strong></span> <span class='ocrx_word' id='word_1_222' title='bbox 1997 3338 2498 3409; x_wconf 78' lang='lat' dir='ltr'><strong>ordinariorum</strong></span> <span class='ocrx_word' id='word_1_223' title='bbox 2567 3337 2678 3405; x_wconf 91' lang='lat' dir='ltr'><strong>de·-</strong></span> 
     </span>
     <span class='ocr_line' id='line_1_28' title="bbox 422 3449 2672 3547; baseline 0.003 -32"><span class='ocrx_word' id='word_1_224' title='bbox 422 3449 761 3538; x_wconf 81' lang='lat' dir='ltr'><strong>penderet3</strong></span> <span class='ocrx_word' id='word_1_225' title='bbox 816 3458 879 3521; x_wconf 87' lang='lat' dir='ltr'><strong>et</strong></span> <span class='ocrx_word' id='word_1_226' title='bbox 924 3459 1139 3521; x_wconf 85' lang='lat' dir='ltr'><strong>tamen</strong></span> <span class='ocrx_word' id='word_1_227' title='bbox 1190 3454 1257 3522; x_wconf 94' lang='lat' dir='ltr'><strong>id</strong></span> <span class='ocrx_word' id='word_1_228' title='bbox 1309 3476 1442 3523; x_wconf 89' lang='lat' dir='ltr'><strong>non</strong></span> <span class='ocrx_word' id='word_1_229' title='bbox 1499 3456 1814 3546; x_wconf 89' lang='lat' dir='ltr'><strong>impedire</strong></span> <span class='ocrx_word' id='word_1_230' title='bbox 1865 3456 2027 3547; x_wconf 89' lang='lat' dir='ltr'><strong>quin</strong></span> <span class='ocrx_word' id='word_1_231' title='bbox 2073 3456 2473 3526; x_wconf 82' lang='lat' dir='ltr'><strong>sufficienter</strong></span> <span class='ocrx_word' id='word_1_232' title='bbox 2527 3453 2672 3525; x_wconf 88' lang='lat' dir='ltr'><strong>reli-</strong></span> 
     </span>
     <span class='ocr_line' id='line_1_29' title="bbox 422 3564 2672 3663; baseline 0.002 -32"><span class='ocrx_word' id='word_1_233' title='bbox 422 3564 585 3653; x_wconf 89' lang='lat' dir='ltr'><strong>giosi</strong></span> <span class='ocrx_word' id='word_1_234' title='bbox 608 3564 865 3635; x_wconf 88' lang='lat' dir='ltr'><strong>ordines</strong></span> <span class='ocrx_word' id='word_1_235' title='bbox 892 3575 1348 3659; x_wconf 85' lang='lat' dir='ltr'><strong>propagentur.</strong></span> <span class='ocrx_word' id='word_1_236' title='bbox 1386 3568 1556 3639; x_wconf 89' lang='lat' dir='ltr'><strong>Nam</strong></span> <span class='ocrx_word' id='word_1_237' title='bbox 1585 3570 1890 3663; x_wconf 87' lang='lat' dir='ltr'><strong>Episcopi</strong></span> <span class='ocrx_word' id='word_1_238' title='bbox 1915 3572 2244 3641; x_wconf 88' lang='lat' dir='ltr'><strong>licentiam</strong></span> <span class='ocrx_word' id='word_1_239' title='bbox 2273 3572 2456 3641; x_wconf 89' lang='lat' dir='ltr'><strong>illam</strong></span> <span class='ocrx_word' id='word_1_240' title='bbox 2489 3571 2672 3641; x_wconf 86' lang='lat' dir='ltr'><strong>dene-</strong></span> 
     </span>
     <span class='ocr_line' id='line_1_30' title="bbox 420 3683 2670 3774; baseline 0.001 -28"><span class='ocrx_word' id='word_1_241' title='bbox 420 3698 572 3769; x_wconf 89' lang='lat' dir='ltr'><strong>gare</strong></span> <span class='ocrx_word' id='word_1_242' title='bbox 603 3687 957 3771; x_wconf 84' lang='lat' dir='ltr'><strong>nequeunt,</strong></span> <span class='ocrx_word' id='word_1_243' title='bbox 996 3683 1227 3753; x_wconf 85' lang='lat' dir='ltr'><strong>nisiex</strong></span> <span class='ocrx_word' id='word_1_244' title='bbox 1251 3686 1426 3774; x_wconf 83' lang='lat' dir='ltr'><strong>justa</strong></span> <span class='ocrx_word' id='word_1_245' title='bbox 1455 3706 1686 3772; x_wconf 83' lang='lat' dir='ltr'><strong>causa3</strong></span> <span class='ocrx_word' id='word_1_246' title='bbox 1739 3693 1804 3755; x_wconf 88' lang='lat' dir='ltr'><strong>et</strong></span> <span class='ocrx_word' id='word_1_247' title='bbox 1835 3706 2028 3756; x_wconf 87' lang='lat' dir='ltr'><strong>causa</strong></span> <span class='ocrx_word' id='word_1_248' title='bbox 2063 3686 2202 3755; x_wconf 81' lang='lat' dir='ltr'><strong>haec</strong></span> <span class='ocrx_word' id='word_1_249' title='bbox 2233 3708 2368 3755; x_wconf 87' lang='lat' dir='ltr'><strong>non</strong></span> <span class='ocrx_word' id='word_1_250' title='bbox 2406 3702 2670 3774; x_wconf 86' lang='lat' dir='ltr'><strong>semper,</strong></span> 
     </span>
     <span class='ocr_line' id='line_1_31' title="bbox 420 3796 2676 3895; baseline 0.002 -32"><span class='ocrx_word' id='word_1_251' title='bbox 420 3796 557 3865; x_wconf 91' lang='lat' dir='ltr'><strong>imo</strong></span> <span class='ocrx_word' id='word_1_252' title='bbox 588 3817 737 3866; x_wconf 90' lang='lat' dir='ltr'><strong>raro</strong></span> <span class='ocrx_word' id='word_1_253' title='bbox 772 3798 969 3867; x_wconf 92' lang='lat' dir='ltr'><strong>adest.</strong></span> <span class='ocrx_word' id='word_1_254' title='bbox 1016 3799 1105 3869; x_wconf 88' lang='lat' dir='ltr'><strong>At</strong></span> <span class='ocrx_word' id='word_1_255' title='bbox 1132 3821 1281 3869; x_wconf 87' lang='lat' dir='ltr'><strong>vero</strong></span> <span class='ocrx_word' id='word_1_256' title='bbox 1310 3802 1363 3869; x_wconf 90' lang='lat' dir='ltr'><strong>si</strong></span> <span class='ocrx_word' id='word_1_257' title='bbox 1392 3803 1659 3894; x_wconf 87' lang='lat' dir='ltr'><strong>parochi</strong></span> <span class='ocrx_word' id='word_1_258' title='bbox 1698 3802 1990 3895; x_wconf 85' lang='lat' dir='ltr'><strong>legitime</strong></span> <span class='ocrx_word' id='word_1_259' title='bbox 2018 3802 2272 3871; x_wconf 75' lang='lat' dir='ltr'><strong>valeant</strong></span> <span class='ocrx_word' id='word_1_260' title='bbox 2311 3825 2495 3873; x_wconf 80' lang='lat' dir='ltr'><strong>novae</strong></span> <span class='ocrx_word' id='word_1_261' title='bbox 2537 3800 2676 3869; x_wconf 81' lang='lat' dir='ltr'><strong>fun-</strong></span> 
     </span>
    </p>
   </div>
   <div class='ocr_carea' id='block_1_7' title="bbox 420 3909 2791 4005">
    <p class='ocr_par' dir='ltr' id='par_1_8' title="bbox 420 3909 2791 4005">
     <span class='ocr_line' id='line_1_32' title="bbox 420 3909 2791 4005; baseline 0.004 -27"><span class='ocrx_word' id='word_1_262' title='bbox 420 3909 665 3980; x_wconf 86' lang='lat' dir='ltr'><strong>dationi</strong></span> <span class='ocrx_word' id='word_1_263' title='bbox 734 3913 983 3983; x_wconf 87' lang='lat' dir='ltr'><strong>obstare</strong></span> <span class='ocrx_word' id='word_1_264' title='bbox 1010 3967 1029 3998; x_wconf 87' lang='lat'><strong>,</strong></span> <span class='ocrx_word' id='word_1_265' title='bbox 1114 3913 1200 3984; x_wconf 88' lang='lat' dir='ltr'><strong>ob</strong></span> <span class='ocrx_word' id='word_1_266' title='bbox 1281 3925 1650 3989; x_wconf 86' lang='lat' dir='ltr'><strong>secuturam</strong></span> <span class='ocrx_word' id='word_1_267' title='bbox 1731 3918 2256 3989; x_wconf 89' lang='lat' dir='ltr'><strong>imminutionem</strong></span> <span class='ocrx_word' id='word_1_268' title='bbox 2335 3934 2670 3989; x_wconf 85' lang='lat' dir='ltr'><strong>concursus</strong></span> <span class='ocrx_word' id='word_1_269' title='bbox 2789 3966 2791 4005; x_wconf 35' lang='lat' dir='ltr'>j</span> 
     </span>
    </p>
   </div>
   <div class='ocr_carea' id='block_1_8' title="bbox 412 4022 2791 4475">
    <p class='ocr_par' dir='ltr' id='par_1_9' title="bbox 412 4022 2791 4475">
     <span class='ocr_line' id='line_1_33' title="bbox 417 4022 2791 4129; baseline 0.002 -35"><span class='ocrx_word' id='word_1_270' title='bbox 417 4027 639 4116; x_wconf 88' lang='lat' dir='ltr'><strong>populi</strong></span> <span class='ocrx_word' id='word_1_271' title='bbox 668 4028 743 4097; x_wconf 88' lang='lat' dir='ltr'><strong>in</strong></span> <span class='ocrx_word' id='word_1_272' title='bbox 770 4030 1119 4121; x_wconf 88' lang='lat' dir='ltr'><strong>parochiali</strong></span> <span class='ocrx_word' id='word_1_273' title='bbox 1144 4033 1428 4123; x_wconf 91' lang='lat' dir='ltr'><strong>ecclesia,</strong></span> <span class='ocrx_word' id='word_1_274' title='bbox 1462 4037 1714 4127; x_wconf 85' lang='lat' dir='ltr'><strong>aliaque</strong></span> <span class='ocrx_word' id='word_1_275' title='bbox 1737 4039 1795 4127; x_wconf 92' lang='lat' dir='ltr'><strong>ej</strong></span> <span class='ocrx_word' id='word_1_276' title='bbox 1805 4038 2058 4107; x_wconf 89' lang='lat' dir='ltr'><strong>usmodi</strong></span> <span class='ocrx_word' id='word_1_277' title='bbox 2082 4035 2488 4129; x_wconf 82' lang='lat' dir='ltr'><strong>praejudicia,</strong></span> <span class='ocrx_word' id='word_1_278' title='bbox 2515 4051 2672 4101; x_wconf 79' lang='lat' dir='ltr'><strong>sem·</strong></span> <span class='ocrx_word' id='word_1_279' title='bbox 2790 4022 2791 4060; x_wconf 64' lang='lat'>³</span> 
     </span>
     <span class='ocr_line' id='line_1_34' title="bbox 412 4143 2670 4244; baseline 0.003 -36"><span class='ocrx_word' id='word_1_280' title='bbox 412 4162 534 4229; x_wconf 84' lang='lat' dir='ltr'><strong>per</strong></span> <span class='ocrx_word' id='word_1_281' title='bbox 580 4143 869 4215; x_wconf 77' lang='lat' dir='ltr'><strong>obstandi</strong></span> <span class='ocrx_word' id='word_1_282' title='bbox 923 4170 1185 4219; x_wconf 88' lang='lat' dir='ltr'><strong>causam</strong></span> <span class='ocrx_word' id='word_1_283' title='bbox 1232 4152 1478 4239; x_wconf 83' lang='lat' dir='ltr'><strong>justam</strong></span> <span class='ocrx_word' id='word_1_284' title='bbox 1531 4152 1908 4237; x_wconf 82' lang='lat' dir='ltr'><strong>habebunt3</strong></span> <span class='ocrx_word' id='word_1_285' title='bbox 1965 4174 2086 4222; x_wconf 89' lang='lat' dir='ltr'><strong>nec</strong></span> <span class='ocrx_word' id='word_1_286' title='bbox 2125 4152 2398 4244; x_wconf 89' lang='lat' dir='ltr'><strong>proinde</strong></span> <span class='ocrx_word' id='word_1_287' title='bbox 2447 4146 2670 4241; x_wconf 88' lang='lat' dir='ltr'><strong>poterit</strong></span> 
     </span>
     <span class='ocr_line' id='line_1_35' title="bbox 414 4256 2789 4369; baseline 0.005 -47"><span class='ocrx_word' id='word_1_288' title='bbox 414 4256 589 4326; x_wconf 91' lang='lat' dir='ltr'><strong>ullus</strong></span> <span class='ocrx_word' id='word_1_289' title='bbox 630 4256 1234 4355; x_wconf 89' lang='lat' dir='ltr'><strong>Dominicanorum,</strong></span> <span class='ocrx_word' id='word_1_290' title='bbox 1262 4264 2320 4365; x_wconf 24' lang='lat' dir='ltr'><strong>Franciscanorum,·.lesuitarum,</strong></span> <span class='ocrx_word' id='word_1_291' title='bbox 2361 4266 2668 4335; x_wconf 85' lang='lat' dir='ltr'><strong>aliorum·</strong></span> <span class='ocrx_word' id='word_1_292' title='bbox 2787 4352 2789 4369; x_wconf 43' lang='grc' dir='ltr'>Ι</span> 
     </span>
     <span class='ocr_line' id='line_1_36' title="bbox 418 4370 2789 4475; baseline 0.002 -36"><span class='ocrx_word' id='word_1_293' title='bbox 418 4390 543 4457; x_wconf 87' lang='lat' dir='ltr'><strong>que</strong></span> <span class='ocrx_word' id='word_1_294' title='bbox 576 4376 797 4443; x_wconf 85' lang='lat' dir='ltr'><strong>activae</strong></span> <span class='ocrx_word' id='word_1_295' title='bbox 828 4386 941 4446; x_wconf 89' lang='lat' dir='ltr'><strong>aut</strong></span> <span class='ocrx_word' id='word_1_296' title='bbox 976 4383 1195 4451; x_wconf 86' lang='lat' dir='ltr'><strong>mixtae</strong></span> <span class='ocrx_word' id='word_1_297' title='bbox 1235 4384 1385 4452; x_wconf 80' lang='lat' dir='ltr'><strong>vitae</strong></span> <span class='ocrx_word' id='word_1_298' title='bbox 1417 4382 1822 4455; x_wconf 89' lang='lat' dir='ltr'><strong>addictorum</strong></span> <span class='ocrx_word' id='word_1_299' title='bbox 1861 4385 2266 4475; x_wconf 85' lang='lat' dir='ltr'><strong>regularium</strong></span> <span class='ocrx_word' id='word_1_300' title='bbox 2316 4383 2667 4455; x_wconf 78' lang='lat' dir='ltr'><strong>conventus</strong></span> <span class='ocrx_word' id='word_1_301' title='bbox 2787 4370 2789 4378; x_wconf 70' lang='grc'>’</span> 
     </span>
    </p>
   </div>
  </div>
 </body>
</html>
