2834 4959
1180 412 1333 463 PARS
1379 416 1622 466 TERTIA.
2411 420 2536 477 365

246 557 385 607 non
438 535 659 626 agitur
712 533 795 604 de
834 554 1003 605 novo
1052 535 1363 627 erigendo
1411 546 1760 622 conventu,
1800 542 1910 611 sed
1949 543 2032 613 de
2081 548 2532 637 transferendo

244 654 519 744 antiquo
554 652 637 721 ad
672 649 881 721 alium
922 654 1125 723 situm
1170 656 1468 746 ejusdem
1515 657 1668 739 loci,
1700 665 1950 730 certum
1993 668 2090 731 est
2122 684 2256 733 non
2284 667 2528 757 requiri

242 768 583 840 licentiam
621 766 981 856 ordinarii,
1022 790 1145 839 nec
1187 770 1355 840 sedis
1380 773 1768 862 Apostolicae
1795 775 2189 868 facultatem,
2226 800 2346 850 nec
2373 782 2530 852 alias

244 884 643 956 conditiones
685 903 805 975 pro
866 882 1191 972 erigendis
1246 886 1434 954 novis
1484 888 1906 959 conventibus
1967 912 2006 959 a
2043 893 2191 981 jure
2232 899 2529 983 praescri-

244 1006 413 1093 ptas.
460 997 527 1067 ld
579 1019 777 1089 supra
826 997 1241 1087 probavimus
1290 999 1492 1089 (parte
1544 1000 1612 1087 2,
1671 1010 1824 1072 sect.
1879 1008 1950 1089 2,
2007 1026 2152 1098 cap.
2206 1008 2268 1091 1,
2337 1010 2378 1101 ἓ
2433 1011 2525 1103 7).

240 1114 645 1204 intelligitur
676 1119 896 1183 autem
933 1118 1285 1185 conventus
1312 1116 1644 1187 transferri
1668 1117 1749 1186 ad
1776 1118 1979 1200 alium
2011 1121 2209 1192 situm
2237 1124 2525 1215 ejusdem

242 1231 397 1319 loci,
457 1230 723 1322 quando
770 1230 1184 1299 constituitur
1234 1232 1307 1299 in
1358 1233 1586 1302 eadem
1636 1234 1913 1317 civitate,
1965 1242 2080 1305 aut
2153 1241 2250 1327 in·
2293 1222 2519 1309 eodem

242 1368 435 1438 pago,
498 1350 611 1415 aut
656 1345 731 1413 in
784 1345 1013 1415 eodem
1050 1344 1345 1417 districtu
1382 1348 1468 1437 (la
1515 1349 1728 1417 meme
1767 1352 2164 1442 commune).
2203 1353 2348 1423 Jam
2377 1378 2528 1427 vero

240 1459 569 1549 regulares
611 1458 694 1530 de
746 1460 989 1550 quibus
1041 1462 1325 1550 agimus,
1378 1461 1550 1531 nihil
1609 1462 1788 1533 aliud
1835 1472 2267 1555 exequuntur,
2320 1492 2522 1559 quam

232 1577 344 1645 sui
395 1580 748 1645 conventus
802 1574 1288 1645 translationem
1334 1577 1415 1645 ad
1465 1577 1670 1647 alium
1737 1581 1939 1648 situm
2010 1582 2302 1670 ejusdem
2365 1585 2515 1655 loci.

238 1692 413 1762 Cum
462 1716 699 1785 nempe
743 1696 860 1782 jus
905 1692 1218 1763 haberent
1260 1694 1358 1785 (ex
1404 1696 1768 1786 hypothesi)
1817 1698 2117 1788 antiquas
2167 1722 2316 1770 suas
2363 1702 2527 1773 aedes

230 1808 591 1893 incolendi,
640 1808 797 1877 alias
840 1807 967 1877 sibi
1012 1814 1417 1899 comparant,
1477 1810 1588 1877 sed
1645 1811 1713 1877 in
1757 1810 1979 1879 eadem
2021 1815 2300 1899 civitate,
2331 1838 2520 1907 pago,

232 1929 361 1991 aut
386 1923 699 1992 districtu.
738 1922 908 2013 Ergo
958 1944 1377 2013 nequaquam
1419 1923 1758 2013 subjacent
1800 1924 2277 1995 conditionibus
2305 1935 2370 1997 et
2393 1934 2524 2001 for·
2638 1976 2644 1983 ·

234 2036 663 2124 malitatibus,
718 2060 834 2130 pro
891 2060 1211 2135 novorum
1288 2044 1734 2115 conventuum
1793 2040 2113 2107 erectione
2165 2041 2512 2131 requisitis.

224 2152 413 2241 Ergo
440 2152 662 2241 nequit
682 2152 1067 2245 Episcopus,
1090 2138 1426 2223 licentiam
1453 2152 1858 2243 denegando,
1888 2152 2204 2246 impedire
2229 2158 2392 2245 quin
2418 2178 2518 2225 re-

226 2265 491 2355 gulares
506 2266 630 2351 illi,
658 2266 714 2335 si
736 2266 1033 2357 antiquas
1051 2288 1201 2337 suas
1222 2268 1390 2338 aedes
1414 2268 1698 2337 incolere
1725 2266 1936 2337 nolint
1958 2275 2222 2337 autnon
2245 2270 2514 2359 possint,

224 2380 301 2448 in
353 2378 503 2449 aliis
558 2380 861 2471 praedicto
914 2380 1106 2452 modo
1152 2389 1546 2453 conventum
1595 2404 1792 2453 suum
1853 2388 2132 2452 statuere
2176 2382 2350 2453 licite
2404 2406 2522 2453 va·

222 2494 525 2565 leant21n
556 2518 749 2566 causa
776 2497 1162 2567 Hieracemi
1181 2499 1251 2591 (6
1280 2500 1636 2570 decembris
1665 2500 1865 2584 1760,
1887 2498 2256 2569 Thesaurus
2281 2500 2511 2586 resol.,

224 2617 277 2680 t.
330 2612 444 2700 29,
468 2634 617 2704 pag.
673 2612 859 2705 289),
908 2614 1253 2696 moniales,
1296 2636 1442 2704 quae
1479 2615 1561 2682 ad
1599 2636 1795 2683 novas
1837 2615 2004 2685 oedes
2043 2618 2504 2705 migraverant,

228 2730 701 2819 exemptionem
760 2735 824 2797 et
874 2728 1001 2797 alia
1056 2730 1205 2819 jura
1274 2726 1516 2818 quibus
1595 2725 1667 2793 in
1734 2727 2122 2795 monasterio
2201 2730 2512 2798 derelicto

224 2841 633 2928 fruebantur,
674 2844 1103 2914 defendebant
1148 2868 1186 2911 α
1230 2864 1305 2913 ex
1351 2841 1640 2911 efficacia
1682 2840 2116 2909 translationis
2148 2865 2166 2924 ;
2197 2842 2351 2928 quia
2381 2862 2509 2909 non

231 2985 271 3026 (ι
302 2960 463 3029 situs
513 2966 575 3028 et
621 2960 949 3029 materiale
1002 2958 1353 3027 aedificium
1416 2954 1674 3045 antiqui
1713 2954 2082 3022 monasterii
2129 2961 2507 3046 exemptum

226 3101 265 3141 a
294 3079 455 3162 erat,
506 3073 616 3142 sed
666 3095 901 3165 corpus
944 3074 1297 3164 mysticum
1344 3079 1409 3142 et
1450 3071 1881 3142 communitas
1929 3070 2336 3157 monialium,
2363 3094 2510 3161 quae

228 3196 265 3256 (ἑ
296 3184 525 3257 eadem
562 3210 813 3281 semper
850 3194 971 3275 est,
1002 3189 1138 3257 sive
1184 3190 1251 3256 in
1280 3209 1439 3275 uno,
1488 3186 1620 3254 sive
1669 3185 1737 3253 in
1779 3185 1906 3253 alio
1959 3183 2125 3270 1000,
2175 3188 2249 3250 ut
2288 3189 2511 3251 notant

226 3332 265 3371 a
297 3303 557 3375 Pichler
586 3305 679 3396 (in
718 3308 837 3375 Jus
882 3326 1066 3394 can„
1104 3304 1152 3372 l.
1191 3304 1259 3389 5,
1294 3305 1391 3373 tit.
1438 3302 1550 3386 33,
1587 3302 1628 3393 ἓ
1678 3301 1746 3384 3,
1791 3322 1859 3369 n.
1912 3299 2054 3390 29),
2085 3304 2149 3367 et
2175 3296 2514 3369 Schmalz-

222 3446 261 3487 κ
295 3420 575 3512 grueber
618 3419 823 3513 (parte
886 3420 957 3504 3,
1004 3419 1103 3489 tit.
1162 3418 1274 3503 33,
1328 3421 1369 3509 ξ
1415 3418 1482 3501 5,
1535 3414 1784 3486 n.·148
1826 3422 1887 3501 et
1932 3414 2123 3507 serp).
2183 3414 2265 3485 Et
2321 3434 2518 3507 prop-

224 3560 261 3600 α
292 3542 469 3606 terea
515 3536 917 3606 arbitrantur
976 3534 1365 3624 (moniales),
1415 3534 1636 3623 vigore
1694 3527 2130 3599 translationis
2177 3533 2512 3596 monaste·

220 3678 259 3719 α
288 3652 378 3721 rii
428 3652 720 3722 formalis
753 3674 865 3722 seu
908 3650 1397 3721 communitatis
1451 3648 1768 3737 religiosa}
1819 3647 1892 3713 in
1947 3663 2184 3712 novam
2239 3640 2504 3709 clausu-

224 3792 264 3833 «
288 3788 465 3856 ram,
507 3767 578 3835 in
624 3767 925 3835 eamdem
976 3764 1278 3835 translata
1334 3762 1530 3832 fuisse
1580 3766 1733 3854 Jura
1783 3782 2040 3851 quoque
2081 3764 2144 3827 et
2177 3754 2532 3846 qualitates-

226 3906 267 3948 α
297 3902 523 3951 omnes
566 3882 806 3974 prioris
853 3881 1251 3966 monasterii,
1306 3880 1388 3948 ad
1432 3877 1662 3947 tradita
1709 3897 1824 3968 per
1872 3873 2350 3945 Tamburinum
2409 3866 2515 3961 (de

164 4072 171 4079 ,
220 4022 261 4065 «
290 4000 451 4066 Iure
480 3998 833 4083 abbatum,
872 3998 920 4068 l.
954 3996 1023 4081 3,
1056 3996 1297 4087 disput.
1337 3996 1404 4079 5,
1433 4000 1656 4085 quaest.
1706 3995 1772 4077 7,
1807 4014 1878 4059 n.
1934 3990 2025 4080 1),
2079 3985 2513 4078 Pignatellum

218 4140 257 4182 α
284 4115 609 4206 (Consult.
642 4114 756 4200 74,
790 4137 859 4183 n.
910 4112 950 4183 3
990 4121 1054 4183 et
1090 4113 1159 4198 4,
1199 4112 1359 4181 tomi
1397 4110 1530 4202 10),
1563 4115 1626 4179 et
1655 4114 1882 4179 Rotam
1913 4105 2158 4195 (coram
2205 4101 2502 4185 MolineS,

220 4253 258 4295 a
289 4228 485 4299 decis.
518 4229 683 4315 849,
710 4252 783 4299 n.
824 4228 917 4319 4).
950 4253 987 4294 ι)
2451 4228 2459 4235 ’

303 4343 651 4415 Probatur
669 4348 739 4414 2⁰
760 4342 1107 4413 doctorum
1123 4338 1640 4413 Lovaniensium
1656 4333 2076 4407 auctoritate.
2101 4370 2193 4385 -
2215 4330 2308 4401 De
2331 4331 2517 4423 ipsis-

208 4459 383 4528 sima
404 4461 770 4551 quaestione
819 4481 1023 4549 quam
1063 4455 1489 4548 expendimus
1531 4450 1911 4525 sententiam
1964 4450 2184 4542 rogati·
2231 4450 2500 4518 fuerunt
