2834 4959
1015 388 1167 437 PARS
1210 390 1450 438 TERTIA.
1561 390 1582 427 ἲ
2240 391 2274 447 3
2287 392 2354 450 71

112 515 327 583 iterum
384 511 777 580 constituere
796 561 819 592 ,
882 510 955 577 in
1000 510 1365 579 civitatibus
1390 563 1411 598 ,
1469 511 1650 600 pagis
1695 517 1758 580 et
1795 512 2188 586 districtibus
2215 571 2236 603 ,
2295 520 2365 589 in

112 628 332 719 quibus
376 625 545 694 olim
574 624 1080 694 conventualiter
1108 623 1434 715 degerant.
1485 622 1795 705 Quamvis
1848 628 2026 697 enim
2071 632 2363 721 ipsorum

112 743 255 811 aedes
281 741 524 809 fuerint
547 738 837 829 legitime
863 738 1178 826 alienatae,
1219 740 1271 807 si
1298 738 1407 829 jus
1446 740 1832 811 retinuerint
1860 748 2368 818 conventualiter

112 856 405 926 existendi
436 856 508 923 in
535 854 768 923 iisdem
798 852 1186 941 civitatibus,
1220 856 1404 944 pagis
1441 861 1504 923 et
1525 855 1948 943 districtibus,
1988 858 2154 930 bene
2189 870 2366 953 pote-

112 976 283 1053 runt,
316 970 553 1060 absque
604 989 771 1038 nova
814 970 1095 1053 licentia,
1142 969 1299 1038 alias
1328 969 1423 1037 ibi
1459 970 1624 1039 aedes
1659 971 1786 1041 sibi
1830 993 2230 1067 comparare,
2261 988 2373 1049 aut

114 1087 291 1155 etiam
339 1086 637 1175 antiquas
683 1085 885 1176 pretio
930 1082 1270 1165 redimere,
1318 1090 1510 1175 atque
1563 1088 1892 1178 propriam
1943 1091 2220 1162 instituti
2269 1097 2371 1163 sui

114 1200 585 1269 conventualem
638 1200 835 1267 vitam
877 1199 1257 1267 instaurare.
1301 1197 1427 1268 Pro
1467 1222 1596 1290 qua
1650 1201 1954 1273 solvenda
2000 1205 2373 1277 difficultate

116 1318 187 1385 sit
210 1337 472 1405 sequens
489 1316 1009 1407 propositionum
1036 1317 1255 1384 series.

201 1430 567 1501 Pnorosrrro
590 1430 662 1499 1⁸.
692 1469 784 1482 —
804 1433 924 1498 Jus
952 1432 1482 1501 conventualiter
1521 1434 1846 1504 existmdi
1864 1436 1936 1505 in
1961 1436 2189 1528 aliqua
2217 1440 2373 1507 civi-

120 1559 265 1635 tate,
272 1557 498 1639 potest
514 1544 943 1638 reqularibus
965 1546 1233 1615 concedi
1250 1546 1323 1615 in
1343 1570 1416 1616 eo
1441 1570 1654 1631 sensu,
1681 1550 1862 1642 quod
1880 1551 2146 1621 valeant
2171 1554 2372 1623 etiam

123 1662 645 1731 communitatem
690 1682 881 1729 suam
914 1660 991 1729 de
1030 1684 1165 1730 uno
1208 1662 1281 1730 in
1308 1662 1520 1731 alium
1565 1664 1856 1735 civitatis
1898 1668 2140 1755 locum,
2159 1680 2372 1760 prout

122 1778 269 1847 utile
300 1778 643 1862 dit-zerim,
696 1778 1077 1868 transferre.
1122 1815 1214 1830 —
1260 1774 1432 1845 Nam
1484 1778 1658 1868 quod
1707 1781 1832 1849 hoc
1879 1784 2072 1852 modo
2117 1786 2373 1873 regula-

122 1893 285 1961 ribus
335 1894 719 1962 concedatur
762 1897 873 1984 jus
920 1899 984 1961 et
1044 1892 1305 1962 licentia
1358 1899 1752 1962 conventum
1807 1894 2088 1965 habendi
2133 1898 2202 1964 in
2255 1897 2376 1965 ali-

118 2031 245 2098 qua
283 2008 560 2093 civitate,
610 2030 733 2077 non
779 2015 1035 2078 tantum
1083 2007 1383 2099 possibile
1436 2008 1939 2100 concipitur,·et
1980 2010 2230 2079 nullam
2279 2012 2376 2078 in·

23 2214 25 2217 y
120 2124 301 2192 volvit
372 2125 870 2214 repugnantiam
898 2176 917 2212 ‚
974 2122 1083 2192 sed
1152 2122 1347 2190 etiam
1422 2122 1608 2193 valde
1677 2129 2118 2215 opportunum
2194 2125 2376 2195 facile

23 2292 26 2299 .
127 2240 519 2331 perspicitur.
560 2237 849 2310 Decursu
882 2239 1061 2308 enim
1110 2238 1417 2331 temporis
1465 2217 1838 2331 contingere
1881 2247 2083 2331 potest
2123 2247 2196 2311 ut
2239 2243 2378 2333 pri-

126 2376 285 2425 mum
334 2356 536 2427 electa
584 2354 763 2425 sedes
815 2354 1040 2425 multis
1089 2354 1315 2425 evadat
1357 2356 1792 2429 incommodis
1831 2356 2123 2427 obnoxia.
2185 2358 2368 2429 Tunc

126 2492 255 2540 vero
296 2472 715 2564 regularibus
756 2470 939 2540 valde
983 2472 1143 2540 utile
1188 2476 1281 2540 est
1329 2479 1400 2540 ut
1439 2472 1550 2564 jus
1597 2473 1876 2545 habeant
1917 2475 1998 2543 ad
2040 2473 2243 2545 alium
2287 2477 2379 2545 ci-

122 2588 313 2659 vitatis
339 2592 541 2659 situm
588 2585 941 2677 migrandi.
986 2585 1119 2656 Nec
1169 2606 1446 2678 parvum
1485 2589 1804 2658 damnum
1844 2590 2232 2681 quandoque
2261 2615 2364 2662 se-

123 2710 434 2793 queretur,
462 2704 519 2773 si
560 2703 868 2774 deberent
890 2708 1051 2773 tunc
1080 2722 1314 2771 novam
1342 2700 1670 2770 Ordinarii
1698 2702 2022 2771 licentiam
2051 2706 2363 2791 obtinere,

124 2827 179 2886 et
222 2826 473 2889 caeteras
505 2842 621 2912 pro
662 2820 817 2889 novi
860 2824 1214 2889 conventus
1250 2816 1570 2886 erectione
1595 2815 1932 2906 requisitas
1957 2818 2370 2889 formalitates

125 2937 487 3028 adimplere.
524 2935 711 3007 Unde
739 2957 961 3004 revera
1003 2932 1323 3025 possibile
1349 2931 1572 3000 saltem
1607 2936 1701 2999 est
1729 2933 1842 3022 jus
1871 2932 2272 3021 regularium
2307 2936 2373 3002 in

126 3073 295 3123 seusu
321 3054 639 3144 exposito;
669 3052 757 3120 ita
780 3072 1015 3141 nempe
1048 3057 1119 3118 ut
1152 3051 1263 3138 jus
1290 3046 1453 3116 illud
1484 3044 1990 3115 conventualiter
2017 3046 2086 3113 in
2126 3048 2375 3120 civitate

126 3166 411 3236 existendi
450 3187 584 3235 non
610 3163 1148 3253 restringatur-ad
1178 3160 1682 3230 determinatum
1711 3158 1972 3249 aliquod
2005 3158 2379 3247 ae·lificium‚

130 3300 229 3349 nec
284 3283 364 3351 ad
416 3280 603 3350 illam
649 3286 831 3362 terrae
902 3275 1315 3368 superficiem
1344 3328 1362 3359 ‚
1425 3296 1619 3365 super
1669 3294 1800 3363 qua
1848 3274 2198 3343 aedificium
2250 3276 2374 3345 hoc

127 3402 501 3466 exstructum
548 3400 679 3477 est3
721 3395 831 3465 sed
876 3391 1255 3462 extendatur
1303 3391 1385 3458 ad
1428 3388 1786 3480 quemlibet
1823 3387 2096 3460 civitatis
2129 3391 2378 3481 locum,

128 3530 301 3597 quem
328 3512 457 3581 sibi
501 3509 825 3601 regulares
861 3509 957 3577 illi
986 3504 1486 3597 comparabunt,
1517 3511 1578 3573 et
1609 3505 1677 3572 in
1715 3525 1912 3595 quem
1941 3511 2376 3577 communita·

130 3632 237 3695 tem
266 3650 459 3698 suam
491 3626 898 3697 transferent.

194 3740 569 3815 Pnorosmo
596 3742 702 3812 11·.
734 3778 825 3794 —
848 3744 969 3809 Ius
995 3735 1528 3808 conventualiter
1558 3734 1941 3805 existendi
1913 3758 1986 3804 m
2014 3734 2254 3825 aliqua
2282 3738 2374 3803 ci-

124 3855 345 3945 vitate,
377 3882 509 3927 mm
552 3868 821 3927 tantum
848 3865 1068 3947 potest
1100 3854 1171 3921 in
1186 3849 1514 3943 proedicto
1541 3868 1735 3919 sensu
1773 3850 2191 3955 regularibus
2229 3873 2375 3919 con·
2402 3862 2424 3869 “

126 3970 267 4059 oedz,
300 3972 421 4043 sed
443 3973 519 4042 de
531 3979 716 4065 facto
739 3972 841 4040 ita
867 3970 1027 4063 ipsis
1050 3964 1483 4037 conceditur:
1508 3986 1588 4034 ac
1604 3944 2012 4056 proindejus
2039 3964 2223 4034 illud
2243 3987 2378 4035 non

124 4100 205 4154 est
226 4089 589 4181 alliqatum
610 4087 815 4157 alicui
840 4083 1279 4155 determinato
1306 4079 1598 4151 civitatis
1619 4078 1900 4171 oedificio
1928 4090 2052 4147 aut
2087 4080 2251 4149 loco.
2294 4116 2375 4133 —

128 4188 271 4265 Nam
306 4198 387 4265 de
416 4199 569 4287 jure
610 4193 954 4265 communi
1002 4188 1410 4281 regularibus
1459 4187 1717 4256 licitum
1754 4192 1868 4265 est,
1927 4186 2171 4276 absque
2218 4174 2382 4257 nova

126 4307 433 4381 ordinarii
474 4313 739 4381 licentia
776 4315 839 4379 et
869 4308 1113 4397 absque
1155 4302 1654 4375 formalitatibus
1698 4300 1779 4370 ad
1830 4302 1984 4370 novi
2031 4311 2382 4373 conventus

128 4430 497 4497 erectionem
550 4426 920 4518 requisitis,
972 4422 1510 4493 communitatem
1568 4437 1754 4487 suam
1807 4416 1887 4485 ad
1937 4416 2138 4487 alium
2187 4419 2382 4489 situm
