2834 4959
1146 350 1297 399 PARS
1338 352 1578 401 nuria.
2388 350 2422 405 3
2435 352 2464 403 ’ἶ
2476 351 2505 403 7

212 482 297 553 ad
350 474 905 549 conscientiarum
954 473 1488 565 tranquillitatem
1547 473 1654 564 (ob
1713 495 1912 565 quam
1987 476 2284 547 alienatio
2339 478 2504 549 facta

212 595 337 685 est)
364 591 699 663 sufficiens
725 590 923 659 fuerit
946 590 1273 658 bonorum
1292 588 1751 680 temporalium
1781 592 2006 661 cessio.

306 710 501 781 Unde
546 706 835 793 tandem,
872 706 1150 775 alienato
1194 705 1608 790 monasterio,
1637 727 1758 775 nec
1789 728 1866 775 ex
1899 706 2069 777 facto
2093 708 2234 797 ipso
2261 708 2502 777 aliena-

213 824 453 911 tionis,
486 843 607 891 nec
632 844 709 891 ex
737 822 1030 912 legitime
1057 827 1452 913 praesumpta
1494 820 1776 891 Romani
1800 820 2129 893 pontificis
2147 824 2500 907 voluntate,

212 940 635 1031 perimuntur
661 944 887 1007 coetera
914 916 1319 1027 regularium
1342 939 1518 1028 jura.
1552 936 1864 1007 Remanet
1887 940 2154 1031 proinde
2182 941 2504 1031 regulari-

214 1057 376 1139 bus,
402 1052 853 1146 quamtumvis
894 1054 1223 1145 dispersis,
1248 1060 1313 1120 et
1364 1059 1511 1143 post
1537 1053 1832 1143 legitime
1859 1054 2054 1124 etiam
2079 1056 2354 1124 alienata
2383 1056 2503 1147 ip-

212 1192 447 1241 sorum
488 1171 905 1253 monasteria,
941 1171 1055 1260 jus
1102 1169 1616 1239 conventualiter
1657 1172 1968 1240 existendi
1995 1173 2066 1239 in
2105 1173 2499 1263 civitatibus,

216 1285 411 1376 pagis
434 1290 501 1354 et
550 1284 979 1369 districtibus,
1025 1284 1095 1351 in
1124 1285 1367 1375 quibus
1414 1291 1601 1353 antea
1635 1287 1950 1355 canonice
1979 1289 2308 1356 constituti
2361 1288 2503 1359 fue-

212 1406 393 1469 rant.
442 1398 723 1468 Possunt
766 1418 946 1487 ergo,
984 1398 1227 1489 absque
1257 1419 1426 1467 nova
1447 1397 1780 1469 Ordinarii
1833 1400 2122 1488 licentia,
2167 1407 2230 1468 et
2259 1400 2501 1493 absque

214 1514 721 1585 formalitatibus
747 1514 829 1582 ad
856 1515 1006 1581 novi
1028 1520 1387 1583 conventus
1411 1515 1804 1583 erectionem
1831 1514 2188 1605 requisitis,
2222 1515 2293 1584 in
2313 1517 2500 1585 dictis

208 1631 375 1701 loeis
398 1630 525 1699 sibi
550 1630 719 1699 sedes
742 1650 1119 1722 comparare
1134 1632 1206 1698 in
1226 1630 1470 1720 quibus
1495 1630 1733 1698 iterum
1758 1632 1959 1699 vitam
1990 1632 2491 1700 conventualem

216 1750 444 1836 agant,
481 1766 637 1814 cum
666 1745 893 1836 priscis
922 1747 1059 1815 suis
1092 1745 1405 1816 omnibus
1428 1744 1696 1835 juribus
1723 1751 1788 1813 et
1813 1744 2196 1836 privilegiis,
2237 1750 2499 1836 excepto

216 1860 363 1931 solo
394 1860 469 1927 iu
506 1858 677 1927 bona
696 1842 970 1929 alienata
991 1859 1163 1952 jure.
1673 1876 1680 1881 ·

1275 2124 1452 2214 §iv

218 2349 291 2400 De
316 2346 655 2413 regularibus,
697 2360 919 2412 quorum
949 2352 1255 2403 monasteria
1284 2352 1337 2402 tn
1365 2350 1542 2403 Gallus
1567 2354 1620 2402 et
1643 2350 1812 2415 Belgio
1849 2347 2058 2403 ruerunt
2085 2350 2322 2412 alienata,
2345 2352 2504 2413 etqui

276 2438 433 2516 hodie
456 2437 645 2502 {denuo
676 2439 731 2489 tn
749 2438 813 2490 tls
836 2442 1123 2504 regiontbus
1168 2440 1349 2495 domos
1383 2441 1478 2495 sibi
1519 2445 1834 2507 comparant,
1855 2454 1916 2493 ae
1937 2438 2323 2494 conventualem
2347 2442 2504 2491 vitam

282 2530 575 2579 instaurant
610 2529 700 2590 (1).

316 2732 689 2805 Paorosmo
715 2736 795 2803 1⁸.
816 2772 905 2787 —
929 2734 1417 2817 Concordatum
1448 2736 1616 2803 anni
1644 2734 1842 2821 1801,
1869 2736 2279 2823 monasteria
2307 2759 2505 2823 requ-
2627 2722 2640 2737 ⁰

224 2845 479 2915 lam'um
520 2847 900 2937 alienandO,
939 2872 1056 2917 nec
1090 2848 1432 2941 requlares
1453 2848 1630 2941 ipsos
1655 2848 2042 2939 suppressit,
2084 2868 2200 2915 nec
2226 2848 2506 2913 sustulit

218 2962 368 3031 ulla
396 2964 873 3056 ipsorum-jura
892 2976 1014 3033 aut
1038 2966 1426 3057 privileqia,
1456 2974 1723 3055 excepto
1745 2962 1888 3031 solo
1917 2962 1988 3030 in
2015 2960 2187 3029 bona
2210 2959 2504 3029 alienata

212 3069 389 3157 jure.
410 3108 505 3123 —
526 3070 835 3155 Quamvis
862 3094 938 3141 ex
971 3073 1319 3163 praemissis
1348 3072 1764 3163 generalibus
1792 3066 2316 3138 conclusionibus
2351 3070 2502 3137 satis

218 3187 504 3277 perspici
548 3189 747 3277 possit
773 3187 1058 3257 conditio
1085 3188 1395 3256 canonica
1423 3188 1854 3279 regularium,
1888 3185 2006 3276 qui
2031 3182 2222 3251 hodie
2245 3185 2314 3249 in
2344 3180 2500 3251 Gal-

218 3298 307 3368 lia
330 3306 395 3369 et
430 3300 660 3393 Belgio
689 3308 1043 3372 conventus
1072 3324 1222 3371 suos
1253 3305 1636 3387 instaurant,
1667 3303 1748 3370 de
1777 3301 1933 3392 ipsis
1963 3301 2178 3367 tamen
2215 3297 2506 3391 inparti-

220 3412 433 3484 culari
462 3418 873 3505 expendenda
902 3418 1168 3508 quaestio
1192 3417 1328 3485 visa
1370 3424 1488 3485 est.
1522 3416 1776 3485 Etenim
1823 3414 1981 3482 oriri
2015 3420 2218 3503 posset
2247 3414 2506 3483 dubita-

218 3520 330 3610 tio,
364 3544 529 3591 num
562 3524 770 3614 quoad
817 3524 987 3617 ipsos
1032 3524 1341 3617 speciales
1379 3522 1846 3592 intervenerint
1897 3518 2370 3610 dispositiones,
2423 3518 2507 3586 ob

214 3658 379 3726 quas
408 3637 641 3729 dejecti
670 3638 975 3709 censendi
1023 3640 1233 3709 forent
1259 3662 1296 3707 a
1318 3640 1469 3729 jure
1513 3637 1626 3706 illo
1653 3657 1846 3728 supra
1895 3640 2152 3719 assert0,
2187 3633 2353 3701 aedes
2381 3632 2506 3701 sibi

215 3755 643 3843 comparandi
690 3756 759 3823 in
785 3755 1151 3825 civitatibus
1188 3760 1253 3822 et
1278 3751 1702 3839 districtibuS,
1725 3753 1794 3819 in
1824 3750 2065 3841 quibus
2092 3747 2254 3816 olim
2283 3768 2508 3816 mona·

218 3870 419 3937 steria
432 3869 826 3961 habuerunt3
855 3877 1048 3963 atque
1068 3871 1188 3955 ibi,
1209 3870 1452 3961 absque
1475 3889 1639 3937 nova
1664 3865 1995 3936 Ordinarii
2027 3862 2307 3953 licentia,
2342 3883 2508 3931 con-

218 3984 594 4057 ventualem
627 3989 829 4056 'vitam
850 3986 1112 4078 agendi,
1141 4010 1292 4057 cum
1322 3985 1546 4078 priscis
1574 3984 1708 4052 suis
1723 3982 1988 4074 juribus
2019 4002 2094 4049 ac
2123 3978 2500 4071 privilegiis.

218 4098 525 4171 Dicimus
554 4108 770 4173 autem
806 4102 981 4173 nihil
1011 4102 1227 4192 quoad
1254 4102 1427 4195 ipsos
1456 4098 1823 4188 contigisse,
1857 4118 1988 4187 quo
2019 4091 2278 4163 fundari
2305 4092 2507 4161 valeat

276 4340 342 4403 (1)
380 4340 663 4403 Loquimur
686 4341 935 4391 duntaxat
958 4338 1021 4391 de
1038 4338 1196 4389 Gallia
1221 4339 1273 4389 et
1296 4334 1466 4400 Belgio
1480 4356 1493 4396 ;
1518 4334 1606 4385 sed
1627 4334 1859 4399 quaestto,
1885 4334 1945 4382 ut
1968 4335 2128 4396 patet,
2155 4328 2278 4381 allas
2311 4327 2510 4391 respiclt
2535 4342 2546 4352 ·

210 4430 467 4493 regiones,
496 4444 549 4482 v.
576 4442 627 4495 g.
664 4430 974 4497 Hispaniam,
994 4429 1241 4481 Sardiniae
1266 4438 1506 4491 regnum,
1537 4429 1638 4476 etc.
