2834 4959
1011 345 1168 395 Pus
1219 345 1439 394 Pam.
2274 344 2355 400 99

121 471 392 556 tationes,
429 467 800 536 scholastici
843 467 964 553 illi,
1011 469 1308 556 quamvis
1351 474 1492 558 post
1516 469 1753 538 emissa
1780 471 1901 540 tria
1928 475 2072 538 vota
2102 473 2359 562 simpli—

119 588 222 670 cia,
265 583 448 652 nulla
497 603 570 650 re
615 586 928 672 tanquam
973 583 1236 674 propria
1281 583 1378 651 uti
1415 585 1685 674 possint,
1722 583 2045 654 bonorum
2096 607 2362 658 suorum

117 699 462 770 dominium
507 703 810 780 servant3
851 703 915 766 et
941 697 1374 768 nihilominus
1422 719 1717 790 expresse
1744 721 1783 767 a
1808 699 1955 768 sede
1997 701 2367 791 Apostolica

119 817 484 885 declaratum
525 819 650 899 est,
679 834 788 882 eos
818 835 1004 884 veros
1050 835 1184 884 esse
1221 813 1581 905 religiosos,
1630 822 1693 884 et
1718 821 1793 884 ut
1828 819 1979 885 tales
2011 817 2361 886 habendos.

121 931 290 1000 Unde
311 930 662 1000 tenendum
695 929 968 1000 omnino
999 936 1114 1016 est,
1148 951 1563 1021 nequaquam
1605 931 1909 1023 impediri
1946 938 2185 1002 statum
2213 934 2371 1002 reli-

121 1047 366 1133 giosum
394 1066 503 1135 per
519 1045 948 1114 retentionem
975 1044 1277 1126 dominii,
1309 1045 1569 1136 quando
1612 1045 1971 1137 religiosae,
2010 1047 2127 1116 etsi
2154 1047 2373 1116 domi-

127 1161 308 1228 nium
341 1161 638 1246 retinens,
678 1159 860 1229 nulla
883 1166 1100 1230 tamen
1131 1183 1200 1228 re
1227 1159 1400 1229 licite
1432 1161 1527 1229 uti
1556 1160 1724 1230 valet
1750 1167 2061 1252 tanquam
2088 1164 2372 1252 propria,

125 1275 234 1342 sed
261 1275 546 1344 duntaxat
575 1297 652 1344 ex
679 1275 940 1345 licentia
961 1277 1331 1367 superioris.
1359 1275 1582 1367 Neque
1608 1285 1819 1368 posset
1841 1278 1905 1346 id
1928 1278 2115 1348 hodie
2138 1278 2381 1368 absque

129 1391 456 1458 temeritate
481 1391 706 1480 negari
731 1397 843 1459 aut
869 1390 938 1458 in
967 1389 1248 1460 dubium
1275 1392 1589 1462 revocari.

209 1503 296 1574 De
338 1527 468 1596 quo
515 1511 582 1574 et
625 1504 814 1575 facile
865 1511 1036 1597 patet
1075 1507 1258 1576 ratio.
1310 1507 1479 1576 Nam
1520 1507 1889 1578 dominium
1934 1508 2219 1591 nudum,
2272 1529 2385 1578 seu

131 1627 420 1712 qnatenus
448 1641 487 1688 a
507 1621 662 1704 jure
693 1627 756 1688 et
791 1620 1089 1692 facultate
1115 1620 1318 1692 libere
1345 1621 1731 1714 disponendi
1769 1629 1835 1691 et
1878 1624 2101 1693 utendi
2132 1645 2387 1716 separa·

135 1741 277 1819 tum,
318 1757 468 1804 vere
503 1741 566 1804 et
611 1735 872 1828 proprie
916 1736 1252 1807 hominem
1291 1737 1555 1807 divitem
1594 1759 1726 1806 non
1768 1738 1999 1807 reddit.
2052 1738 2181 1818 Qui
2212 1741 2387 1808 enim

137 1851 488 1921 dominium
513 1853 584 1920 in
609 1851 782 1920 bona
807 1853 1028 1922 omnia
1053 1853 1286 1920 mundi
1311 1852 1602 1939 haberet,
1623 1858 1689 1919 at
1716 1852 1886 1920 nihil
1922 1853 2047 1920 sibi
2081 1873 2393 1943 usurpare

137 1971 336 2054 posset
361 1971 422 2033 et
447 1965 516 2032 in
541 1966 830 2057 proprios
859 1988 1012 2035 usus
1039 1971 1435 2050 convertere,
1472 1985 1600 2034 non
1632 1963 1851 2033 minus
1894 1987 2138 2056 pauper
2184 1986 2399 2055 reapse

139 2077 310 2166 foret,
343 2101 538 2171 quam
567 2082 682 2171 qui
701 2081 868 2150 nihil
892 2082 1162 2151 omnino
1186 2080 1559 2171 possideret.
1590 2079 1755 2162 Quia
1786 2081 2041 2149 tandem
2076 2080 2399 2171 possidere

140 2215 288 2280 rem,
319 2202 380 2264 et
401 2218 533 2265 non
561 2197 800 2266 hahere
815 2198 926 2288 jus
958 2195 1068 2266 illa
1103 2196 1326 2266 utendi
1352 2203 1416 2266 et
1440 2195 1521 2266 de
1547 2197 1660 2265 illa
1686 2197 2096 2288 disponendi,
2130 2196 2397 2286 perinde

141 2317 222 2378 est
241 2333 314 2382 ao
339 2310 524 2380 illam
553 2332 684 2380 non
713 2311 1060 2403 possidere.

215 2426 382 2496 ldem
409 2427 708 2517 sequitur
744 2448 822 2497 ex
850 2428 986 2519 ipsa
1030 2432 1228 2496 status
1256 2427 1544 2517 religiosi
1588 2429 1882 2498 essentia.
1930 2427 2095 2497 Nam
2126 2428 2404 2520 requirit

149 2544 388 2630 quidem
427 2543 542 2612 ille
570 2549 770 2612 status
810 2543 1198 2634 paupertatis
1242 2550 1493 2612 votum.
1541 2543 1657 2612 Ast
1698 2545 1843 2612 ideo
1886 2545 2189 2614 duntaxat
2237 2544 2401 2613 illud

147 2659 416 2747 requirit,
463 2666 542 2729 ut
587 2665 926 2728 arceantur
969 2679 1168 2745 curat,
1217 2657 1685 2727 sollicitudines
1727 2663 1791 2727 et
1834 2660 2188 2729 inordinati
2242 2659 2398 2728 affe·

156 2779 310 2858 ctus,
360 2776 588 2866 quibus
638 2775 956 2866 implicari
1007 2775 1214 2844 solent
1256 2775 1584 2844 honorum
1643 2774 2104 2864 temporalium
2153 2795 2401 2864 posses·

155 2907 342 2974 soles3
387 2913 512 2981 quo
561 2897 766 2960 stante
827 2889 1295 2982 impedimento
1345 2911 1478 2958 non
1535 2889 1685 2958 satis
1735 2887 1899 2956 liber
1954 2894 2018 2956 et
2072 2888 2400 2978 expeditus

155 3002 304 3073 foret
345 3007 678 3098 religiosus
721 3007 802 3076 ad
853 3006 1362 3098 prosequendam
1407 3003 1888 3096 perfectionem.
1944 3001 2145 3072 Porro
2186 3002 2403 3074 effica-

151 3121 295 3190 citer
333 3130 632 3192 arcentur
674 3111 992 3213 ejusmo‘di
1039 3119 1505 3211 impedimenta
1554 3141 1669 3211 per
1716 3126 1933 3188 votum
1985 3119 2401 3211 paupertatis,

147 3257 272 3323 quo
293 3239 594 3329 spoliatur
628 3237 963 3328 religiosus
1007 3237 1300 3307 facultate
1351 3237 1577 3306 utendi
1630 3236 1823 3306 rebus
1877 3257 1994 3326 pro
2028 3235 2301 3306 arbitrio
2342 3246 2404 3306 et

145 3359 442 3441 tanquam
482 3353 640 3423 suis.
675 3351 986 3433 Quamvis
1037 3352 1216 3420 enim
1261 3351 1633 3419 dominium
1676 3350 1745 3417 in
1794 3371 1894 3418 res
1937 3349 2076 3418 illas
2129 3351 2403 3421 retinere

146 3475 376 3558 pergat,
401 3490 550 3538 cum
587 3488 809 3536 earum
841 3465 1308 3535 administratio
1329 3471 1392 3533 et
1422 3464 1725 3556 quaelibet
1760 3464 1839 3534 de
1878 3464 2005 3534 illis
2044 3466 2400 3559 dispositio,

147 3601 262 3650 non
305 3585 446 3672 jam
500 3603 698 3675 penos
747 3583 964 3672 ipsum
1016 3581 1122 3662 sit,
1181 3580 1290 3648 sed
1348 3601 1543 3670 penes
1599 3582 1741 3670 ejus
1789 3583 2213 3672 superiorem,
2272 3600 2399 3646 non

68 3717 71 3796 ἐ
150 3695 340 3786 magis
357 3698 712 3766 tentatione
745 3695 1103 3786 impellitur
1129 3694 1209 3763 ad
1245 3692 1609 3762 habendam
1652 3694 1823 3764 circa
1854 3717 1955 3764 res
1986 3695 2125 3763 illas
2157 3692 2402 3761 sollici-

70 3813 73 3840 '
151 3811 426 3884 tudinem
453 3820 516 3882 et
545 3811 832 3880 nimium
867 3809 1198 3891 affectum,
1229 3831 1429 3900 quam
1457 3829 1609 3898 erga
1636 3815 1893 3878 steteras
1921 3807 2403 3878 communitatis

153 3930 583 4014 possessiones,
631 3929 701 3997 in
749 3947 908 4017 quas
953 3926 1216 3995 nullum
1264 3925 1633 3994 dominium
1674 3907 1897 3993 habet.
1959 3921 2139 3990 Unde
2184 3939 2403 3989 revera

157 4041 326 4128 plene
371 4043 610 4112 sufficit
659 4042 741 4112 ad
784 4048 1020 4112 statum
1047 4040 1425 4132 religiosum
1468 4038 1993 4111 constituendum
2040 4036 2261 4105 tertius
2296 4036 2403 4106 ille

161 4163 532 4250 paupertatis
559 4158 816 4249 gradus.

233 4271 540 4363 Expositae
594 4271 985 4362 caeteroquiu
1059 4272 1366 4340 doctrinae
1430 4269 1759 4339 adhaerent
1828 4264 2115 4335 doctores
2168 4265 2406 4335 unani-

163 4387 360 4456 miter.
396 4387 562 4460 lnter
603 4411 766 4480 quos
801 4387 1146 4479 praeclarus
1192 4380 1794 4474 Schmalzgrueber‚
1829 4390 2165 4475 postquam
2196 4383 2397 4450 adno-
