2834 4959
1052 376 1205 423 PARS
1248 376 1488 428 TERTIA.
2285 378 2404 436 339

162 500 303 569 dicta
366 498 514 588 lege
591 494 1121 588 approbationem
1185 496 1596 567 Pontificiam
1676 492 1989 591 erigente,
2060 508 2190 572 tota
2243 512 2406 577 stare

158 620 339 704 posset
410 612 655 702 absque
709 609 1168 701 approbatione
1224 610 1363 700 illa,
1431 619 1628 685 status
1679 616 1962 707 religiosi
2025 620 2400 693 substantia.

158 726 217 795 ld
255 748 447 820 supra
488 725 908 817 probavimus
937 725 1137 817 (parte
1186 728 1251 812 1,
1308 728 1586 799 sectione
1639 730 1709 816 2,
1760 732 2194 824 propositione
2245 736 2404 830 10);

158 842 257 911 ubi
298 852 361 913 et
400 852 546 913 rem
589 842 1055 913 illustravimus
1100 843 1391 933 exemplo
1440 844 1896 936 impedimenti
1941 848 2412 920 clandestinita-

155 961 227 1028 tis
264 960 516 1030 relative
562 960 645 1029 ad
692 959 1213 1029 matrimonium.
1266 958 1622 1030 Publicitas
1660 983 1736 1031 ex
1771 967 2040 1033 essentia
2077 968 2410 1037 matrimo—

155 1074 242 1143 nii
287 1097 413 1145 non
472 1074 855 1165 requiritur.
920 1073 1009 1141 At
1060 1074 1263 1165 posita
1316 1072 1462 1164 lege
1523 1075 1973 1167 ecclesiastica,
2033 1104 2176 1172 quae
2230 1082 2412 1153 illam

156 1191 343 1281 exigat
387 1190 511 1260 snb
558 1201 751 1282 poena
797 1188 1115 1259 nullitatis
1166 1188 1598 1276 matrimonii,
1633 1192 1772 1281 jam
1819 1196 2167 1264 necessaria
2207 1199 2417 1267 evadit

154 1306 225 1374 ad
254 1304 745 1375 matrimonialis
774 1310 1139 1374 contractus
1178 1305 1493 1374 valorem.
1525 1304 1773 1377 Pariter
1820 1310 2197 1400 approbatio
2239 1312 2415 1383 Pon-

156 1420 343 1490 tificia
382 1421 459 1491 ad
490 1421 833 1491 essentiam
872 1424 1071 1488 status
1106 1419 1400 1510 religiosi
1444 1442 1579 1491 non
1621 1422 1921 1512 pertinet.
1967 1424 2415 1498 Nihilominus

152 1538 205 1603 si
252 1536 531 1606 Ecclesia
577 1534 940 1627 quamlibet
982 1534 1320 1625 prohibeat
1360 1542 1562 1605 status
1607 1536 1895 1629 religiosi
1937 1540 2211 1611 formam
2261 1566 2298 1613 a
2353 1568 2417 1613 se

39 1704 42 1731 ,
152 1672 271 1720 non
305 1652 754 1745 approbatam,
804 1649 929 1719 sub
967 1649 1151 1717 nulla
1186 1650 1397 1718 forma
1436 1653 1600 1720 stare
1641 1654 1872 1742 poterit
1907 1662 2103 1725 status
2133 1657 2419 1749 religiosi

152 1772 434 1849 essentia,
488 1768 620 1835 nisi
666 1766 840 1836 dicta
897 1765 1270 1856 approbatio
1328 1765 1688 1835 accesserit.
1738 1766 1820 1835 Et
1862 1771 2418 1857 quemadmodum

148 1884 393 1953 sublato
442 1880 965 1951 clandestinitatis
1017 1878 1516 1971 impedimento,
1568 1880 1812 1950 iterum
1860 1884 1996 1951 dari
2055 1893 2264 1974 posset
2311 1909 2424 1956 ve-

146 2023 301 2070 rum
352 2001 840 2071 matrimonium
886 2000 1130 2089 absque
1176 1998 1586 2093 publicitate,
1630 2002 1720 2069 ita
1755 2003 1812 2070 si
1858 2011 2276 2073 revocaretur
2312 2029 2426 2076 ec-

147 2118 495 2188 clesiastica
554 2117 651 2187 lex
720 2116 1141 2185 Pontificiam
1214 2114 1742 2205 approbationem
1821 2119 2115 2208 exigen8‚
2187 2122 2427 2194 iterum

146 2241 301 2304 stare
341 2238 553 2327 posset
604 2232 847 2322 absque
900 2230 1013 2301 illa
1057 2230 1522 2322 approbatione
1572 2252 1764 2301 verus
1810 2240 2008 2303 status
2055 2236 2419 2327 religiosus.

146 2348 219 2416 Et
241 2350 411 2419 hanc
439 2350 809 2419 doctrinam
834 2352 1105 2416 tuentur
1126 2346 1417 2415 doctores
1449 2368 1650 2437 quam
1679 2346 1973 2440 plurimi.
2009 2350 2200 2421 Unde
2229 2360 2428 2423 status

144 2466 420 2558 religiosi
478 2465 753 2536 essentia
818 2463 901 2533 ob
969 2462 1291 2531 defectum
1349 2460 1828 2553 approbationis
1885 2466 2238 2539 Pontificiae
2291 2493 2424 2541 non

143 2582 513 2675 impeditur,
564 2580 695 2649 nisi
742 2577 876 2649 sola
926 2578 995 2647 vi
1039 2578 1203 2667 legis
1256 2576 1737 2664 ecclesiasticae-3
1787 2603 1934 2670 quae
1981 2584 2079 2653 lex
2129 2586 2426 2657 eeclesia-

139 2698 297 2765 stiea
338 2698 398 2765 si
446 2718 579 2765 non
628 2696 952 2777 existeret,
1013 2699 1146 2762 tota
1196 2700 1361 2759 stare
1419 2698 1628 2781 posset
1675 2699 1873 2762 status
1922 2697 2210 2786 religiosi
2262 2702 2423 2769 sub-

39 2868 49 2899 ,
136 2812 379 2881 stantia
410 2812 479 2881 in
517 2812 733 2901 aliquo
772 2810 1069 2880 instituto
1111 2828 1248 2877 non
1288 2806 1667 2898 approbato.
1710 2807 1778 2873 2⁰
1815 2806 2016 2877 Dictae
2053 2811 2185 2902 legi
2220 2816 2427 2883 eccle-

134 2928 407 2998 siasticae
458 2928 837 3017 derogatum
888 2929 985 2994 est
1036 2923 1248 3014 quoad
1320 2919 1710 2990 monialium
1769 2926 2293 3013 congregationes
2345 2928 2424 2995 de

134 3044 379 3132 quibus
406 3044 767 3133 loquimur.
799 3038 969 3110 Nam
994 3036 1522 3127 congregationes
1541 3036 1679 3105 istae
1709 3044 1859 3105 sunt
1886 3038 2086 3106 simul
2121 3038 2427 3111 toleratae

130 3165 191 3225 et
215 3182 362 3229 non
397 3158 812 3251 approbatae.
860 3154 1034 3243 Ergo
1064 3152 1357 3222 Ecclesia
1392 3150 1534 3221 vult
1560 3174 1665 3220 eas
1697 3166 1837 3221 esse
1863 3153 2094 3240 licitaS,
2126 3156 2423 3244 quamvis

132 3296 267 3342 non
334 3274 766 3367 approbatas:
838 3291 993 3361 ergo
1058 3268 1271 3359 quoad
1342 3268 1515 3359 ipsas
1568 3274 1822 3338 revocat
1890 3268 2416 3360 prohibitionem,

126 3412 269 3479 qua
308 3390 605 3459 illicitam
652 3394 836 3459 antea
879 3388 1118 3455 fecerat
1163 3382 1522 3473 quamlibet
1576 3404 1707 3452 non
1752 3382 2170 3474 approbatam
2224 3396 2422 3459 status

126 3505 425 3595 religiosi
455 3506 739 3574 formam
772 3528 790 3572 z
830 3523 987 3591 ergo
1020 3500 1098 3569 de
1133 3490 1403 3569 illarum
1442 3499 2022 3587 congregationum
2053 3505 2419 3574 conditione

116 3622 569 3711 judicandum
622 3627 715 3691 est
765 3618 1033 3711 perinde
1083 3638 1160 3686 ac
1208 3617 1264 3684 si
1311 3636 1444 3684 non
1480 3614 1774 3683 existeret
1826 3615 2251 3686 ecclesiastica
2309 3618 2420 3686 illa
2551 3614 2578 3639 ⁸

118 3738 221 3807 lex
262 3736 808 3829 approbationem
850 3733 1131 3825 exigens.
1181 3728 1353 3799 Cum
1397 3749 1552 3820 ergo
1579 3728 1841 3799 aliunde
1881 3737 2105 3799 caetera
2143 3732 2421 3802 habeant

118 3854 201 3921 ad
235 3852 589 3920 oesentiam
618 3854 818 3919 status
841 3846 1127 3937 religiosi
1154 3844 1487 3937 requisita,
1520 3846 1768 3913 censeri
1799 3844 2032 3916 debent
2060 3848 2194 3913 veri
2223 3854 2419 3915 status

114 3966 429 4058 religiosi
456 3965 877 4037 substantiam
909 3961 1254 4055 possidere.

202 4083 541 4153 Remanet
582 4087 659 4151 ut
692 4079 1054 4149 rationibus
1112 4079 1184 4147 in
1234 4077 1639 4147 contrarium
1684 4076 1890 4145 allatis
1931 4077 2410 4169 respondeatur.

118 4203 179 4267 1⁰
232 4199 361 4269 Ad
402 4198 821 4269 ratiocinium
864 4217 994 4287 quo
1026 4194 1384 4279 dicebatur,
1427 4194 1506 4261 de
1539 4193 1691 4283 jure
1734 4192 1955 4259 saltem
1997 4192 2418 4266 ecclesiastico

106 4315 391 4406 requiri
443 4313 855 4384 Pontificiam
914 4308 1440 4402 approbationem
1460 4360 1481 4391 ,
1537 4313 1611 4375 ut
1661 4312 1826 4375 stare
1881 4308 2076 4395 possit
2134 4310 2415 4400 religiosi

106 4438 341 4501 status
393 4430 695 4518 essentia3
755 4427 866 4498 illa
905 4436 1121 4496 autem
1178 4421 1634 4515 approbatione
1675 4420 1932 4490 destitui
1977 4430 2416 4515 congregatio-
