2834 4959
415 302 542 358 120
987 309 1326 358 TRAGTATUS
1373 310 1454 356 m:
1498 309 1649 356 JURE
1695 307 2117 358 REGULARIUM.
2218 327 2223 332 ·

413 432 899 522 Argumentum
957 429 1122 498 illud
1175 430 1390 522 potins
1442 429 1813 519 indigitare,
1864 447 2065 519 quam
2126 426 2415 497 evolvere
2466 430 2651 502 inten-

404 545 648 616 dimus.
683 545 796 614 Est
835 544 1014 614 e'nim
1052 545 1466 630 historicum,
1492 549 1558 612 et
1594 543 1856 614 nonnisi
1904 545 2099 635 pleno
2148 541 2651 617 documentorum

411 662 750 732 volumine
823 661 1248 752 peremptorie
1293 663 1515 752 urgeri
1558 681 1743 752 posse
1790 659 1959 727 mihi
2024 659 2305 728 videtur.
2366 658 2561 740 Quare
2598 663 2651 730 id

407 777 680 848 eruditis
727 777 1200 868 expediendum
1248 776 1573 867 relinquo.
1590 775 1769 845 Mihi
1826 775 2006 844 enim
2054 775 2233 843 haud
2286 775 2439 843 satis
2472 775 2651 866 explo-

407 901 546 964 rata
583 901 679 962 est
714 893 838 961 hac
885 893 966 962 de
1019 915 1090 961 re
1135 893 1485 984 antiquitas
1519 916 1536 961 :
1586 898 1663 961 ut
1712 891 1871 960 adeo
1921 911 2041 960 nec
2090 911 2365 960 asserere
2417 890 2647 960 audeam
2745 929 2746 932 π

407 1029 592 1102 posse
633 1009 990 1097 rigor-osam
1033 1008 1186 1076 inde
1231 1008 1435 1098 repeti
1478 1005 1949 1098 probationem.
1979 1005 2124 1075 Non
2174 1024 2381 1096 pauca
2432 1008 2645 1098 prisco·

411 1143 565 1191 rum
595 1129 962 1214 temporum
1015 1118 1407 1191 documenta
1443 1122 1513 1189 in
1550 1121 1845 1188 medium
1891 1113 2165 1190 'adducit
2210 1119 2531 1190 Suaresius
2567 1121 2647 1212 (de

415 1237 775 1328 Reliquum,
803 1251 977 1306 tomo
1024 1235 1092 1324 3,
1124 1237 1292 1306 libro
1340 1237 1409 1322 2,
1438 1257 1579 1327 cap.
1619 1236 1728 1319 14,
1762 1257 1832 1304 n.
1874 1234 2012 1326 15),
2043 1236 2291 1326 quibus
2342 1236 2491 1304 hinc
2528 1237 2645 1304 inde

411 1353 689 1437 libratis,
724 1353 1054 1422 concludit
1100 1352 1366 1443 quidem
1434 1351 1677 1441 absque
1723 1356 2020 1419 votorum
2070 1348 2469 1419 solemnitate
2520 1352 2644 1418 olim

415 1468 720 1536 exstitisse
775 1473 1015 1538 statum
1061 1468 1486 1558 religiosum;
1550 1472 1649 1536 ast
1700 1467 1901 1536 simul
1964 1467 2191 1536 innuit
2248 1467 2643 1557 probationem

413 1603 489 1650 ex
543 1582 670 1650 hoc
729 1583 935 1674 capite
987 1581 1328 1652 deductam
1379 1603 1515 1650 non
1568 1581 1695 1651 sibi
1742 1581 1947 1651 videri
1992 1580 2273 1650 omnino
2324 1585 2644 1727 perempto-

413 1696 612 1764 riam.
697 1728 705 1742 ι
759 1723 764 1733 ·

503 1810 726 1901 Apud·
747 1810 1130 1880 recentiores
1187 1810 1473 1879 eruditos
1518 1809 1886 1878 uberiorem
1936 1814 1999 1877 et
2042 1809 2261 1899 quoad
2306 1807 2644 1877 authentici-

415 1927 610 1990 tatem
660 1923 964 1992 tutiorem
1019 1922 1314 1992 existimo
1369 1922 1637 2013 reperiri
1694 1941 1880 2013 posse
1924 1920 2465 1991 documentorum
2510 1921 2642 2009 ejus-

416 2037 594 2106 modi
643 2045 950 2125 segetem.
975 2037 1078 2105 Ad
1127 2059 1268 2106 rem
1325 2038 1499 2118 facit,
1529 2036 1709 2104 verbi
1740 2037 1971 2124 gratia,
2004 2037 2183 2126 quod
2231 2038 2421 2106 refert
2458 2032 2645 2104 Mabil·

415 2151 636 2218 Ionius
717 2151 797 2218 de
859 2152 1334 2220 sanctimoniali
1405 2150 1823 2240 Aldegunda,
1881 2151 2005 2242 ipsi
2070 2173 2311 2242 nempe
2364 2150 2639 2240 copiosam

417 2264 718 2356 obtigisse
758 2267 1237 2352 haereditatem,
1219 2293 1234 2308 ·
1286 2269 1475 2356 cujus
1520 2265 1671 2334 facti
1714 2265 2047 2334 occasione
2080 2265 2367 2334 affirmat
2396 2261 2643 2333 Mabillo-

417 2380 567 2450 nius
595 2381 667 2448 in
701 2381 880 2449 hunc
917 2381 1243 2451 modum:
1283 2383 1451 2449 Tum
1487 2381 1664 2449 enim
1694 2379 2239 2474 propinquorum
2280 2377 2641 2450 lzaereditates

419 2495 687 2563 inibant
733 2497 1046 2565 monachi
1071 2509 1137 2566 et
1174 2497 1750 2566 sanctimoniales.
1792 2495 1874 2564 Et
1914 2497 1985 2563 in
2030 2517 2223 2588 opere
2262 2497 2368 2566 cui
2414 2493 2637 2563 titulus:

421 2608 836 2700 Diplomata,
871 2611 1172 2680 clear-tw..
1189 2611 1332 2681 ,ad
1353 2633 1456 2681 res
1484 2611 1870 2682 Franciscas
1895 2612 2269 2702 spectantia
2292 2605 2639 2732 (compilato-

415 2721 598 2792 ribus
645 2723 1015 2816 Brequigny
1038 2731 1106 2794 et
1131 2727 1221 2796 du
1246 2725 1470 2835 „Thefl’
1498 2735 1654 2798 tom.
1696 2729 1759 2812 1,
1800 2726 2195 2818 prolegom„
2228 2748 2387 2819 page
2417 2721 2551 2812 196)
2566 2737 2637 2787 su:

415 2841 664 2931 reperio
691 2840 1107 2910 adnotatum
1099 2867 1117 2912 z

515 2979 550 3018 α
569 2953 672 3024 On
721 2963 948 3025 trouve
987 2957 1150 3026 dans
1172 2964 1362 3026 notre
1391 2957 1730 3027 collection
1762 2957 2055 3046 quantite
2098 2955 2181 3026 de
2222 2957 2562 3026 testamenta
2592 2949 2638 3013 et

421 3090 460 3134 α
482 3068 562 3136 de
607 3067 743 3157 legs
795 3069 940 3139 faits
982 3091 1100 3161 par
1143 3072 1256 3140 des
1307 3070 1505 3142 abbes
1558 3079 1621 3140 et
1674 3070 1785 3139 des
1812 3069 2133 3139 abbesses.
2162 3071 2263 3140 On
2292 3091 2335 3160 y
2364 3071 2503 3161 peut
2528 3060 2637 3128 voit

421 3205 458 3244 α
485 3179 546 3250 18
593 3187 936 3253 testament
972 3185 1052 3254 de
1099 3189 1304 3256 sainte
1325 3231 1330 3240 -
1353 3186 1542 3272 Fare,
1568 3187 1706 3276 qui,
1744 3207 1829 3254 en
1880 3185 2041 3269 652,
2072 3185 2265 3275 legua
2303 3207 2385 3253 au
2422 3195 2635 3250 monas-

422 3318 459 3360 «
493 3295 630 3364 tere
679 3297 1046 3382 d’Eboriac‚
1072 3300 1232 3369 dont
1287 3302 1408 3370 elle
1450 3303 1604 3371 etait
1634 3301 1921 3390 abbesse‚
1956 3308 2019 3370 et
2060 3304 2179 3392 qui
2234 3301 2453 3393 depuis
2492 3295 2633 3386 porta

417 3433 456 3475 α
481 3429 599 3478 son
647 3433 802 3480 nom
857 3413 1372 3506 (Faremoutier)‚
1433 3417 1727 3508 quantita
1766 3417 1858 3485 ‘de
1905 3417 2092 3484 biens
2140 3417 2299 3487 dont
2338 3413 2455 3484 8118
2506 3404 2635 3477 avait

419 3547 458 3592 <t
489 3525 698 3595 berito
738 3528 818 3596 de
863 3551 1004 3597 son·
1027 3531 1201 3620 pere,
1235 3533 1815 3620 posterieurement
1858 3553 1941 3600 au
1990 3538 2199 3624 temps
2250 3531 2335 3600 οὺ
2380 3527 2491 3596 8118
2521 3519 2636 3592 §tait

417 3664 456 3706 ot
481 3641 772 3711 devenue
822 3642 1166 3712 abbesse...
1241 3643 1550 3716 Mabillon
1601 3647 1699 3714 dit
1744 3667 1873 3737 que
1932 3646 2145 3716 c'etait
2188 3647 2447 3734 l’usage,
2508 3653 2639 3706 non·

419 3779 455 3822 α
493 3757 850 3826 seulement
878 3779 963 3826 en
989 3757 1263 3846 France,
1286 3759 1450 3830 mais
1476 3761 1639 3830 dans
1684 3761 1779 3830 les
1822 3767 2037 3830 autres
2074 3743 2275 3846 Etats‚
2304 3775 2364 3827 et
2410 3773 2525 3846 que
2560 3749 2633 3816 ⁶⁶²

419 3893 454 3938 α
481 3893 676 3963 usage
701 3872 922 3967 n’e'tait
947 3874 1129 3964 point
1155 3875 1519 3946 condemno
1551 3899 1669 3967 par
1702 3877 1794 3945 les
1822 3877 1973 3970 plus
1996 3877 2195 3946 saints
2224 3881 2627 3966 personnagess

419 4010 456 4052 α
481 3996 735 4058 sul-tout
781 3988 1074 4079 lorsqu’il
1120 3990 1435 4080 s'agissait
1477 3993 1557 4061 de
1607 3992 1745 4082 legs
1792 3992 2008 4083 pieux.
2058 3991 2217 4062 Mais
2268 4011 2352 4058 on
2404 3973 2629 4053 donnait

417 4125 453 4170 ι(
476 4106 646 4171 aussi
701 4105 738 4172 a
781 4106 892 4174 des
946 4112 1225 4196 parents,
1269 4129 1524 4176 comme
1559 4129 1647 4177 on
1696 4107 1755 4176 le
1792 4101 1926 4176 voit
1976 4129 2091 4199 par
2134 4108 2192 4175 le
2227 4101 2543 4174 testament
2568 4089 2629 4156 de

411 4241 452 4283 ι
475 4218 682 4287 sainte
735 4217 917 4304 Fare,
953 4220 1040 4290 οὺ
1081 4220 1204 4290 8118
1253 4222 1369 4292 tait
1412 4224 1527 4292 des
1557 4222 1695 4314 legs
1728 4227 1767 4292 a
1816 4243 1914 4292 ses
1955 4223 2157 4294 freres
2196 4227 2260 4291 et
2284 4219 2322 4287 a
2362 4237 2429 4286 sa
2462 4223 2620 4280 soeur·

415 4357 452 4400 ι
482 4332 574 4404 Le
596 4335 767 4403 droit
809 4335 888 4405 de
935 4336 1094 4405 faire
1137 4337 1249 4408 des
1276 4338 1613 4410 donatione
1658 4339 2125 4432 n’appartenait
2160 4359 2272 4431 pas
2318 4317 2627 4402 seulement
