2834 4959
1098 370 1249 417 PARS
1294 368 1534 417 mum.
2322 364 2440 423 349

182 492 323 561 libet
373 486 719 577 religiosus
742 536 761 573 ,
802 506 881 554 ex
924 488 1341 577 praelatorum
1383 489 1645 559 licentia
1693 493 1757 555 et
1799 488 2214 580 deputatione
2234 544 2252 575 ,
2300 493 2436 562 haec

185 608 387 676 omnia
447 602 623 671 licite
665 606 729 669 et
777 601 987 671 valide
1040 625 1231 694 agere
1277 612 1504 697 potest.
1555 603 1634 672 Et
1681 604 2028 693 cujuslibet
2074 610 2444 677 monasterii

185 739 548 788 <economus
577 737 693 785 seu
734 722 1111 806 procurator
1156 720 1223 787 id
1270 719 1560 809 quotidie
1585 719 1740 809 agit.
1775 717 1850 786 ln
1878 740 2030 789 casu
2063 728 2280 790 autem
2327 745 2444 791 ne-

185 835 503 920 cessitatis,
571 832 744 899 idem
800 831 1101 921 religioso
1166 834 1351 921 licet,
1408 857 1484 903 ex
1539 835 1831 922 legitime
1885 844 2275 927 praesumpta
2326 839 2446 907 hac

183 950 435 1017 licentia
454 968 528 1015 ac
559 946 988 1037 deputatione.
1029 947 1227 1017 Porro
1254 952 1323 1017 in
1346 949 1744 1040 dispersione
1767 950 2096 1019 constituti
2125 952 2447 1040 regulares

186 1064 409 1129 merito
448 1059 777 1129 licentiam
824 1060 996 1130 hanc
1040 1068 1229 1153 atque
1270 1065 1752 1155 deputationem
1799 1074 2222 1156 praesumunt.
2261 1066 2446 1137 Unde

186 1186 329 1246 tunc
350 1176 805 1265 unusquisque
824 1177 965 1267 ipso
986 1178 1150 1246 facto
1173 1180 1516 1269 deputatur
1537 1181 1724 1269 quasi
1752 1181 1824 1247 in
1852 1180 2158 1271 suiipsius
2189 1204 2448 1253 oecono·

184 1286 403 1376 mum3
458 1296 520 1359 et
568 1290 863 1380 quandiu
906 1293 968 1360 ei
1009 1293 1347 1384 providere
1395 1294 1620 1383 nequit
1669 1294 1872 1385 ipsius
1923 1296 2241 1386 superior,
2287 1298 2456 1366 reli-.

188 1406 399 1494 giosus
424 1406 561 1496 ipse
600 1403 728 1473 sibi
772 1405 1064 1497 providet
1102 1408 1323 1477 eodem
1366 1410 1540 1497 Jure,
1591 1430 1722 1500 quo
1758 1429 2132 1478 oeconomus
2160 1409 2450 1498 legitime

190 1520 515 1611 deputatus
545 1520 740 1588 totius
770 1522 1139 1590 monasterii
1178 1542 1319 1591 rem
1352 1524 1778 1614 temporalem
1806 1530 1992 1592 curat
2017 1530 2210 1614 atque
2242 1523 2450 1594 admi·-

187 1636 427 1719 nistrat,
468 1658 725 1705 necnon
775 1635 855 1703 ad
900 1634 969 1705 id
998 1639 1384 1707 necessarios
1427 1646 1616 1728 atque
1649 1644 2046 1729 opportunos
2091 1644 2293 1723 actus,
2323 1659 2448 1707 no-

186 1752 355 1820 mine
386 1756 769 1833 conventus,
800 1752 1019 1820 exerit.

268 1866 645 1935 Pnorosmo
670 1866 779 1937 V'-
826 1904 919 1917 -
962 1868 1209 1958 Nequit
1245 1868 1630 1957 reliqiosus,
1675 1868 1754 1934 in
1782 1865 2108 1957 praedicto
2143 1866 2449 1957 dispersoe

192 1982 681 2051 communitatis
704 2004 843 2051 suoe
871 2006 1051 2067 casu,
1084 2005 1185 2051 res
1208 1983 1341 2051 sibi
1362 2004 1748 2075 comparare
1771 1982 1984 2049 statui
2000 2003 2116 2048 suo
2143 1982 2451 2071 reliqioso

186 2118 319 2165 non
344 2118 687 2187 conqruas’,
732 2108 821 2179 et,
868 2098 1144 2167 relative
1170 2096 1264 2167 ad
1294 2096 1832 2165 circumstantias
1867 2096 1943 2163 in
1969 2096 2208 2187 quibus
2235 2118 2453 2164 versa·

188 2224 311 2297 tur,
358 2212 760 2304 superflua&
792 2252 880 2267 --
921 2213 1208 2300 Etenim,
1256 2236 1331 2282 ex
1368 2213 1554 2283 dictis
1562 2264 1580 2300 ,
1635 2234 1738 2281 res
1789 2211 1916 2282 sibi
1965 2214 2346 2281 necessarias
2391 2218 2454 2282 et

187 2335 573 2418 opportunas
623 2330 849 2419 nequit
896 2330 1231 2419 acquirere
1282 2349 1398 2419 per
1449 2349 1632 2397 veros
1681 2330 1860 2397 act‘us
1905 2328 2206 2415 dominii,
2263 2330 2456 2417 cujus

184 2464 433 2533 semper
462 2443 735 2533 incapax
758 2450 1086 2529 remanet;
1120 2444 1229 2513 sed
1263 2443 1570 2513 duntaxat
1592 2466 1666 2511 ex
1686 2444 2100 2535 superiorum
2127 2443 2450 2529 facultate,

186 2556 251 2623 vi
276 2560 463 2647 cujus
504 2566 819 2648 tanquam
853 2562 955 2628 sui
1001 2560 1205 2649 ipsius
1240 2580 1638 2639 oeconomuS,
1674 2580 1776 2626 res
1815 2559 1958 2627 illas
1985 2560 2252 2627 nomine
2279 2580 2456 2628 com-

190 2673 521 2741 munitatis
550 2673 883 2763 acquirere
916 2680 1143 2765 potest,
1187 2680 1251 2741 et
1292 2672 1523 2741 iisdem
1565 2670 1744 2737 licite
1781 2673 1903 2739 uti.
1955 2671 2150 2741 Porro
2187 2674 2456 2743 facultas

190 2788 336 2855 haec
362 2788 645 2879 legitime
673 2791 901 2881 nequit
934 2788 1241 2882 praesumi
1269 2787 1436 2871 data,
1465 2787 1544 2853 ad
1585 2783 2019 2873 comparanda
2042 2786 2374 2876 superflua
2399 2794 2460 2854 et

190 2905 382 2974 statui
402 2907 699 2997 religioso
724 2905 1168 2998 repugnantia.
1204 2903 1372 2973 Hinc
1394 2902 1670 2969 dubium
1700 2919 1831 2967 non
1872 2904 1966 2965 est
2001 2900 2164 2987 quin
2196 2906 2462 2988 peccent

189 3020 501 3113 religiosi,
537 3044 671 3091 non
717 3021 1005 3091 obstante
1044 3018 1456 3111 dispersionis
1497 3014 2013 3103 circumstantia,
2047 3014 2102 3081 si
2138 3013 2208 3081 in
2251 3015 2450 3096 victu,

189 3138 445 3224 vestitu,
478 3137 809 3207 domicilio
845 3142 909 3206 et
940 3134 1343 3226 hujusmodi,
1378 3134 1676 3235 ingentes
1711 3135 2038 3221 sumptus,
2079 3127 2322 3217 absque
2349 3152 2459 3198 ra-

190 3254 489 3323 tionabili
551 3276 745 3323 causa
784 3258 1190 3322 consumant.
1240 3250 1371 3320 Nec
1426 3269 1530 3318 eos
1587 3252 1918 3317 excusaret
1973 3246 2147 3336 quod
2203 3246 2464 3317 abunde

189 3367 357 3457 ipsis
390 3388 425 3435 a
458 3369 837 3460 parentibus
882 3367 1103 3436 aliisve
1148 3364 1596 3447 subveniatur3
1647 3362 1800 3453 quia
1841 3359 1984 3428 haec
2023 3362 2182 3454 ipsis
2226 3363 2459 3447 oblata,

190 3504 335 3551 non
379 3482 524 3572 sibi,
576 3483 688 3551 sed
732 3482 1181 3553 communitati
1225 3480 1323 3571 (ut
1348 3477 1637 3569 sequenti
1680 3476 2116 3568 propositione
2142 3480 2462 3566 statuitur)

174 3600 573 3689 acquirunt3
616 3601 703 3667 ita
742 3604 817 3668 ut
846 3599 1001 3690 ipsis
1028 3594 1480 3669 tantummodo
1519 3594 1905 3663 concedatur
1942 3612 2140 3677 usus;
2176 3592 2468 3660 modera-

184 3722 295 3781 tus
336 3716 563 3805 utique
580 3766 601 3799 ‚
658 3723 722 3782 et
770 3715 885 3804 qui
934 3713 1309 3803 religiosum
1362 3715 1600 3779 statum
1652 3710 1890 3778 deceat.
1943 3705 2154 3788 Quem
2197 3705 2471 3795 proinde

184 3828 653 3912 sufficientem,
685 3851 805 3921 pro
836 3828 1472 3897 circumstantiarum
1504 3825 1770 3910 ratione,
1807 3844 2028 3911 usum,
2058 3822 2115 3891 si
2136 3821 2469 3903 excedant,

181 3942 425 4013 illicite
448 3945 672 4036 procul
706 3944 905 4014 dubio
927 3950 1152 4035 agunt.

278 4058 663 4157 Pnorosmo
702 4059 846 4131 Vl⁸.
878 4098 969 4113 —
1017 4056 1295 4141 Quando
1338 4058 1415 4125 in
1448 4054 1956 4148 perturbatione
1994 4052 2272 4142 politica
2311 4051 2477 4119 anni

183 4179 215 4243 1
232 4174 377 4243 793
406 4198 785 4268 suppressos
808 4174 1180 4245 declaravit
1207 4173 1546 4263 reliqiosos
1573 4168 1834 4239 ordines
1857 4166 2197 4236 saecularis
2221 4164 2472 4237 Gallice

162 4304 520 4387 potestas,
557 4301 920 4383 potuerunt
966 4288 1257 4383 reliyiosi
1298 4311 1378 4357 ac
1421 4285 1744 4355 moniales
1779 4283 1852 4351 in
1893 4281 2296 4373 dispersione
2335 4303 2473 4349 ver-

172 4420 448 4493 santes,
498 4420 643 4477 tum
682 4430 763 4477 ea:
806 4404 1223 4497 superiorum
1266 4424 1572 4495 expressa
1607 4397 1901 4484 licentia,
1953 4409 2096 4467 tum
2146 4398 2342 4467 etiam
2393 4418 2474 4465 ea:
