2834 4959
1048 322 1199 371 PARS
1243 322 1512 370 SECUNDA
1521 353 1535 367 .
2305 317 2342 371 2
2351 316 2386 373 9
2397 318 2432 370 9

154 442 304 533 apsis
342 440 709 524 darentur,
735 441 800 509 si
828 462 943 511 vos
964 464 1100 511 non
1128 444 1377 511 essetis.
1413 445 1500 513 At
1525 444 1875 534 reponebat
1901 442 2292 535 Seraphicus
2315 442 2438 513 Do-

152 566 279 625 ctor
306 557 643 641 (Libellus
656 558 1123 650 Apoloqetiem
1128 608 1265 630 .....
1296 568 1458 630 tom.
1493 562 1536 630 5
1561 580 1859 652 operum,
1895 582 2046 653 pag.
2093 560 2249 643 700,
2281 558 2434 629 edit.

154 671 375 743 Venet.
415 672 629 762 1754)
661 696 679 741 τ

236 814 275 853 α
316 787 575 857 Omnia
618 809 767 879 quae
808 788 967 880 ipsis
996 790 1149 880 J‘ure
1191 789 1512 859 debentur
1555 792 1625 859 in
1669 789 2128 876 oblationibus,
2171 790 2440 859 decimis

158 931 191 971 α
222 914 287 972 et
332 902 513 985 aliis,
590 902 694 971 vel
748 901 831 971 de
874 904 1229 995 approbata
1280 905 1373 973 eis
1427 905 1894 975 consuetudine
1951 905 2090 974 dari
2149 904 2356 973 solent
2402 925 2441 973 a

161 1044 195 1084 tt
233 1018 499 1109 populo,
559 1038 680 1087 nos
728 1018 947 1109 potius
990 1018 1337 1087 suademus
1358 1018 1467 1087 -eis
1515 1019 1680 1103 dari,
1722 1041 1923 1111 quam
1961 1018 2432 1111 impediamus;

160 1160 195 1199 α
225 1136 361 1203 imo
388 1134 747 1203 hortamur
783 1132 1105 1223 populum
1140 1134 1235 1201 eis
1269 1133 1389 1201 ista
1424 1154 1558 1202 non
1593 1133 1996 1216 subtrahere,
2034 1154 2154 1201 nec
2188 1134 2258 1200 in
2285 1132 2440 1201 alios

164 1276 201 1313 α
228 1250 369 1339 pios
406 1268 583 1319 usus
624 1268 915 1337 erogare,
949 1256 1015 1317 et
1045 1250 1155 1336 jus
1200 1268 1397 1317 suum
1437 1249 1678 1339 cuique
1717 1250 2024 1335 tribuere,
2071 1250 2266 1317 etiam
2294 1268 2442 1339 pec-

167 1388 205 1427 «
244 1364 465 1433 catori.
516 1362 592 1433 Si
638 1370 858 1431 autem
895 1363 1287 1454 quandoque
1327 1370 1631 1452 quaerunt
1665 1364 2012 1435 eonsilium
2057 1362 2172 1432 ubi
2215 1384 2444 1433 secun-

174 1504 207 1541 α
234 1477 389 1547 dum
428 1478 657 1549 Deum
702 1478 939 1547 melius
977 1478 1061 1548 sit
1102 1479 1255 1547 dare
1288 1479 1761 1569 eleemosynam
1803 1479 1885 1549 ad
1919 1498 2120 1569 quam
2161 1498 2296 1546 non
2339 1484 2444 1545 te-

170 1614 203 1653 «
239 1600 475 1663 nentur
526 1615 603 1661 ex
648 1592 891 1678 debito,
944 1592 1233 1662 dicimus
1276 1594 1480 1663 libere
1525 1592 1699 1684 quod
1753 1594 1844 1662 ibi
1899 1594 1983 1662 sit
2033 1592 2268 1663 melius
2319 1591 2438 1661 ubi

174 1734 203 1771 κ
230 1712 444 1799 major
485 1716 579 1779 est
604 1710 967 1801 indigentia
994 1710 1101 1779 vel
1132 1712 1346 1799 major
1372 1708 1494 1777 Dei
1527 1710 1738 1780 honor
1777 1709 2141 1796 exhibetur,
2183 1716 2248 1779 et
2287 1707 2444 1800 ipsis

176 1846 209 1885 «ι
237 1822 547 1895 dantibus
614 1825 843 1895 exinde
904 1826 1277 1895 efficaciora.
1324 1825 1692 1894 orationum
1747 1824 2051 1913 suffragia
2103 1823 2444 1911 provenire

186 1961 219 1999 κ
256 1939 631 2024 creduntur,
665 1940 772 2009 vel
812 1962 943 2031 quo
974 1942 1271 2031 ipsorum
1318 1939 1569 2008 devotio
1617 1939 1698 2007 ad
1743 1918 2292 2005 benefaciendum
2329 1955 2444 2024 pro

184 2074 219 2113 ιι
250 2047 385 2121 Deo
438 2052 783 2125 ferventius
832 2054 1215 2125 inclinatur.
1269 2079 1307 2121 n
1360 2054 1489 2124 Cui
1537 2052 1941 2144 responsioni
1991 2049 2224 2119 addere
2261 2049 2448 2138 juvat

174 2165 392 2255 aliam,
436 2190 565 2259 qua
605 2171 781 2239 idem
826 2176 1087 2241 sanctus
1134 2168 1436 2241 Ecclesiae
1480 2168 1718 2239 Doctor
1761 2170 2100 2257 sequentes
2147 2162 2447 2233 convellit

178 2278 657 2355 criminationes
698 2284 1035 2355 Fratribus
1071 2284 1436 2356 Minoribus
1479 2284 1761 2375 objectas
1790 2307 1808 2353 ε
1853 2308 1888 2351 α
1919 2281 2090 2351 Cum
2129 2279 2298 2349 nulli
2331 2278 2447 2347 de·-

192 2420 221 2457 ι
242 2396 471 2470 heretis
521 2401 725 2471 facere
764 2402 1075 2493 injuriam
1124 2403 1226 2473 vet
1262 2402 1584 2473 damnum
1635 2400 1903 2486 inferre,
1957 2400 2082 2468 hoc
2127 2419 2262 2467 non
2311 2418 2446 2464 ser-

192 2536 224 2575 ιι
248 2518 407 2585 ratis
440 2540 463 2587 ε
522 2518 681 2607 quia
734 2538 901 2610 saepe
949 2524 1175 2588 contra
1226 2519 1628 2587 voluntatem
1680 2517 2110 2606 plebanorum
2162 2512 2448 2604 recipitis

194 2654 225 2691 α
256 2630 473 2703 domos
500 2634 573 2701 in
621 2654 843 2703 eorum
868 2632 1233 2725 parochiis3
1268 2632 1448 2700 unde
1483 2632 1578 2699 eis
1615 2630 1900 2697 multum
1946 2630 2110 2719 perit
2135 2628 2216 2697 de
2264 2628 2452 2696 obla-

200 2745 541 2817 «tionibus
596 2756 661 2818 et
718 2749 865 2819 aliis
914 2748 1369 2840 proventibus,
1422 2746 1586 2814 dum
1631 2764 1744 2813 vos
1800 2747 2132 2833 occupatis
2175 2744 2316 2811 loca
2377 2746 2450 2811 in

199 2882 229 2923 «
252 2863 489 2951 quibus
521 2864 640 2933 alii
690 2864 1055 2934 habitarent
1104 2862 1223 2954 qui
1270 2861 1365 2930 eis
1412 2863 1535 2929 ista
1586 2855 2040 2949 porsolverent.
2087 2856 2246 2925 Item
2288 2876 2452 2945 saepe

200 3002 229 3039 α
252 2981 385 3048 sine
450 2981 717 3051 licentia
766 2980 1237 3075 Episcoporum
1302 2976 1558 3047 intratis
1616 2994 1844 3043 eorum
1907 2970 2231 3041 dioeceses.
2297 2969 2454 3039 Ali-

201 3116 231 3155 «
256 3096 536 3185 qmndo,
594 3096 980 3167 inconsultis
1026 3095 1309 3165 dominis
1340 3102 1526 3163 terrae
1581 3088 1684 3159 vel
1729 3088 2028 3172 civitatis,
2071 3083 2298 3155 domos
2343 3106 2457 3153 re-

204 3230 237 3269 «
262 3212 471 3303 cipitis
514 3214 590 3283 in
630 3194 899 3283 eisdem.
950 3236 987 3281 n
1046 3210 1155 3287 Ad
1188 3211 1303 3281 bas
1340 3208 1542 3301 igitur
1588 3203 1878 3296 querelas
1923 3200 2084 3291 quid
2135 3196 2454 3269 Sanctus?

210 3347 245 3386 α
272 3322 411 3395 Non
450 3330 699 3411 omnia,
748 3330 964 3419 inquit
1017 3327 1141 3419 (1),
1193 3348 1339 3421 quae
1392 3325 1568 3394 fiunt
1613 3324 1836 3391 contra
1890 3317 2286 3387 voluntatem
2313 3378 2318 3383 .
2343 3313 2459 3384 ali-

211 3444 466 3533 «cujus,
524 3444 611 3515 ad
670 3444 983 3534 injuriam
1044 3445 1183 3533 ejus
1252 3442 1441 3511 fiunt.
1501 3436 1673 3507 Cum
1735 3453 1889 3523 ergo
1959 3432 2128 3503 cives
2180 3432 2456 3520 alicujus

206 3580 237 3619 <t
272 3560 482 3650 oppidi
529 3582 649 3629 nos
696 3566 955 3645 vocant,
1000 3565 1065 3630 et
1106 3558 1323 3629 locant
1366 3576 1486 3625 nos
1536 3550 1708 3647 apud
1761 3571 1829 3618 se
1875 3548 1948 3617 in
1993 3547 2104 3617 tali
2153 3546 2290 3616 loco
2338 3542 2459 3611 ubi

206 3698 237 3733 (ι
266 3673 453 3746 etiam
498 3683 762 3769 possent
813 3674 1067 3745 Judaeos
1118 3673 1355 3756 locare,
1410 3668 1514 3739 vel
1559 3688 1778 3739 aream
1827 3684 1946 3756 pro
1995 3658 2170 3731 ludis
2203 3660 2456 3745 Tacere,

212 3808 245 3849 ει
272 3788 367 3857 vei
394 3790 627 3861 horrea
674 3812 791 3859 seu
828 3789 1103 3875 stabula,
1146 3788 1227 3858 de
1274 3785 1514 3878 quibus
1559 3781 1733 3853 nihil
1775 3778 2142 3872 proveniret
2186 3772 2460 3864 plebano

214 3922 247 3964 «
280 3899 421 3987 loci,
461 3905 659 3975 etiam
714 3904 771 3975 si
814 3924 937 3974 nos
984 3904 1081 3973 ibi
1119 3925 1253 3973 non
1304 3920 1614 3984 essemus,
1663 3917 1799 3965 non
1829 3894 2110 3964 facimus
2143 3886 2238 3957 eis
2287 3889 2463 3977 inju-

212 4048 241 4087 ιι
270 4023 431 4093 riam
489 4025 629 4095 ullo
688 4024 903 4095 modo.
964 4025 1205 4095 Sumus
1260 4024 1455 4093 etiam
1509 4040 1644 4087 non
1698 4014 2028 4085 deterioris
2075 4007 2461 4079 conditionis

213 4160 241 4201 τι
268 4161 461 4230 quam
502 4138 615 4209 alii
653 4138 1005 4209 Christiani
1044 4140 1151 4209 vel
1181 4136 1492 4229 religiosi,
1539 4129 1788 4227 quibus·
1823 4124 2200 4198 conceditur
2239 4124 2463 4195 domos

274 4412 331 4472 (ι)
350 4414 477 4465 Loco
500 4416 678 4475 cnuto,
706 4426 826 4477 pag.
860 4414 953 4463 '110
974 4415 1025 4463 et
1049 4415 1157 4462 711.
