2834 4959
1126 352 1279 403 PARS
1325 355 1586 413 onaan.
2353 354 2474 411 649

212 473 364 543 lieet
389 476 536 542 eam
574 472 784 543 irritet
827 473 924 543 uti
962 474 1349 562 solemnem,
1381 485 1443 546 et
1464 480 1562 548 uti
1607 479 2118 570 obstringentem
2153 483 2456 574 religioni

202 609 331 658 non
359 587 754 682 approbatae.

1122 924 1398 995 CAPUT
1441 926 1587 1000 ΧΠ.

204 1138 286 1183 AN
357 1138 552 1183 NULLA
627 1136 722 1181 SIT
788 1137 1106 1185 PROFESSIO
1168 1141 1413 1205 TACITA,
1485 1143 1726 1197 QUANDO
1782 1144 1882 1190 HT
1925 1142 2128 1191 ExTnA
2203 1144 2475 1192 commn-

252 1221 417 1293 Ἕως,
478 1234 587 1280 Pno
648 1214 1033 1281 {incrematus
1084 1238 1355 1286 Novrrns
1414 1242 1840 1289 AUCTORITATE
1891 1242 2259 1288 APOSTOLICA
2311 1244 2480 1289 DESI-

286 1332 547 1381 ema-os,

302 1530 385 1599 Vi
420 1533 821 1601 decretorum
873 1530 1227 1605 Clementis
1270 1530 1447 1622 vm,
1502 1533 1752 1603 ltaliam
1794 1542 1856 1603 et
1897 1534 2254 1628 adjacentes
2289 1538 2480 1606 insu·-

211 1648 303 1716 las
344 1649 853 1741 respicientium,
906 1648 1175 1718 nulliter
1219 1648 1291 1717 fit
1344 1652 1690 1719 novitiatus
1719 1656 1783 1719 et
1806 1653 2113 1743 professio
2163 1674 2476 1745 expressa,
2595 1636 2606 1649 ⁸

210 1765 265 1833 si
315 1764 427 1831 fiat
453 1772 623 1833 extra
660 1773 1016 1836 conventus
1044 1764 1416 1835 auctoritate
1455 1765 1794 1836 pontificia
1839 1768 1920 1837 ad
1979 1770 2042 1836 id
2089 1770 2474 1859 designatos,

211 1880 375 1947 Inde
419 1886 635 1948 autem
688 1888 874 1950 enata
910 1887 1004 1949 est
1054 1903 1182 1950 non
1228 1902 1428 1973 parva
1463 1881 1830 1951 difficultas,
1881 1882 2046 1951 Casu
2091 1906 2324 1974 nempe
2351 1904 2482 1974 quo

214 1993 499 2061 novitius
554 1994 820 2064 nulliter
865 2002 1037 2065 extra
1080 2003 1438 2065 conventus
1491 1996 1854 2086 designatos
1896 1998 2216 2088 professus
2259 2004 2376 2084 est,
2427 1998 2480 2065 si

212 2115 427 2198 postea
478 2110 547 2177 in
593 2111 904 2202 religione
942 2132 1375 2204 perseverans,
1402 2112 1758 2181 exercuerit
1794 2120 1976 2181 actus
2002 2114 2299 2205 professis
2321 2136 2479 2205 pro-

208 2224 413 2313 prioS,
445 2224 545 2293 vel
574 2226 867 2296 habitum
911 2228 1081 2297 ultra
1106 2228 1300 2297 unius
1328 2226 1484 2297 anni
1515 2230 1795 2319 spatium
1822 2228 2187 2319 gestaverit,
2219 2249 2299 2297 an
2335 2251 2480 2321 pro-

204 2340 399 2409 fessio
430 2342 621 2411 tacita
671 2364 746 2412 ex
796 2344 899 2412 his
927 2344 1178 2414 actibus
1204 2344 1493 2435 inducta,
1531 2366 1650 2437 pro
1704 2344 1887 2413 nulla
1937 2345 2134 2412 etiam
2185 2342 2481 2411 habenda
2535 2421 2540 2427 ,

203 2456 385 2525 erit?
434 2455 731 2525 Urbanus
782 2456 960 2545 vm,
1000 2464 1308 2549 tanquam
1366 2462 1587 2531 doctor
1640 2462 1954 2555 privatus,
2009 2458 2256 2553 putavit
2315 2458 2482 2527 hanc

204 2572 673 2664 professionem
736 2572 992 2639 tacitam
1041 2594 1177 2640 non
1220 2568 1548 2642 annullari
1590 2599 1704 2666 per
1733 2576 2213 2645 Clementinum
2261 2579 2484 2646 decre-

201 2695 356 2758 tum
390 2713 407 2772 3
465 2710 687 2758 casum
742 2694 960 2755 tamen
1013 2687 1223 2755 noluit
1267 2694 1342 2754 ut
1387 2687 1680 2756 Pontifex
1706 2688 2020 2759 decidere.
2077 2687 2200 2758 Sed
2231 2691 2486 2759 decreto

201 2826 331 2876 suo
358 2808 397 2874 5
420 2806 705 2892 januarii
732 2802 929 2887 1636,
954 2802 1275 2893 disposuit
1300 2801 1371 2868 in
1416 2802 1599 2869 hune
1623 2802 1892 2871 modum
1928 2827 1945 2871 z
2000 2805 2062 2870 1⁰
2097 2808 2171 2869 ut
2217 2803 2482 2871 nulliter

202 2921 481 3015 professi
532 2926 711 2989 extra
755 2924 1111 2988 conventus
1171 2919 1556 3009 designatos,
1609 2918 1663 2984 si
1713 2938 1824 3007 per
1855 2916 2385 3008 quinquennium
2413 2918 2482 2985 in

200 3038 531 3127 religione
586 3046 1117 3128 perseverassent,
1152 3037 1289 3126 J’am
1336 3055 1468 3103 non
1510 3038 1764 3125 possent
1807 3040 2027 3101 contra
2077 3032 2484 3125 professionis

200 3174 353 3226 suae
378 3152 657 3221 valorem
686 3152 1035 3222 reclamare
1066 3176 1083 3221 :
1112 3152 1181 3221 2⁰
1214 3158 1285 3219 ut
1323 3152 1618 3242 ipsorum
1664 3148 2059 3234 reclamati0‚
2091 3150 2257 3215 intra
2289 3146 2484 3235 quin-

197 3269 583 3363 quennium
610 3268 801 3355 facta,
824 3291 957 3338 non
985 3267 1494 3360 possetjudicari
1537 3266 1664 3335 nisi
1695 3288 1732 3333 a
1758 3264 1950 3333 Sacra
1975 3263 2486 3354 Congregatione

199 3382 515 3457 Coneilii.
567 3383 735 3453 Vide
794 3384 1201 3452 Cardinalem
1272 3383 1482 3465 Petra,
1539 3388 1716 3450 tomo
1783 3380 2042 3464 ultimo,
2102 3380 2171 3447 in
2226 3378 2481 3449 constit.

200 3496 251 3565 9
280 3491 445 3561 Sixti
494 3489 611 3571 lv,
643 3492 920 3559 sectione
966 3493 1185 3581 unica,
1226 3513 1295 3560 n.
1329 3490 1415 3559 23
1441 3512 1458 3573 ;
1489 3490 1604 3558 ubi
1633 3494 1696 3558 et
1718 3489 1990 3557 relatum
2021 3488 2296 3579 reperies
2321 3506 2488 3577 prae-

200 3615 425 3681 fatum
453 3604 696 3676 Urbani
721 3604 869 3676 vll!
894 3608 1250 3677 decretum.
