2834 4959
398 364 525 421 484
966 365 1307 415 ωῦῖλΐῦὸ
1348 364 1432 411 DE
1469 362 1622 411 lm
1665 358 2081 408 anonumum.

398 514 547 565 sum
576 494 689 575 sit;
712 493 824 583 qui
858 508 1095 579 nempe
1121 486 1305 557 bunc
1324 504 1592 554 sensnm
1639 482 1710 551 in
1737 480 1956 551 verbis
1979 478 2053 551 S.
2087 477 2382 569 Gregorii
2403 478 2524 549 sibi
2549 479 2652 547 vi·

398 609 551 677 dere
566 606 745 675 visus
780 604 885 673 sit.
918 600 1191 670 Etiamsi
1234 604 1456 688 aperte
1503 596 1764 665 dixisset
1813 593 1886 664 S.
1917 593 2274 685 Gregorius
2325 592 2652 686 imperiali

396 724 727 793 sanctione
738 716 1067 809 prohiberi
1087 713 1440 785 monachos
1465 716 1922 781 testamentum
1947 708 2298 792 conficere,
2327 706 2474 799 quid
2499 709 2648 777 inde

400 836 701 909 concludi
758 838 990 925 posset,
1033 832 1183 903 {nisi
1232 829 1407 919 quod
1481 848 1712 897 omnes
1779 826 2242 894 concluserunt
2273 846 2294 892 ε
2353 832 2650 915 receptam

400 972 637 1041 nempe
664 948 859 1017 fuisse
882 947 1050 1015 inter
1072 942 1532 1013 ecclesiasticas
1553 940 1734 1009 illam
1765 938 2118 1008 «iustiniani
2147 937 2655 1028 dispositionem!

400 1064 575 1149 Quid
602 1064 727 1133 boc
752 1063 832 1131 ad
852 1059 1301 1151 quaestionem,
1324 1078 1410 1126 an
1443 1076 1558 1146 per
1603 1076 1672 1125 se
1699 1053 1914 1124 solum
1949 1054 2090 1123 vim
2117 1051 2360 1124 babere
2397 1054 2660 1145 potnerit

258 1176 267 1183 ’
400 1181 437 1251 J
442 1181 881 1251 ustinianeum
906 1177 1108 1247 hocce
1126 1174 1458 1243 decretum
1473 1174 1508 1239 ‘i

494 1294 563 1365 3ο
602 1298 718 1365 Ast
762 1312 1029 1361 omnem
1076 1289 1580 1360 moderationem
1639 1284 1856 1377 palam
1901 1282 2150 1353 excedit
2175 1282 2486 1352 dominus
2509 1282 2656 1352 Car-

404 1412 597 1495 riere,
622 1410 783 1478 dum
818 1403 1307 1476 auctoritatibus
1328 1401 1626 1495 opinioni
1653 1420 1788 1469 suae
1817 1398 2338 1492 probabilitatem
2351 1398 2660 1469 vindicare

404 1530 626 1595 tentat.
650 1520 826 1602 Quid
850 1521 943 1589 rei
966 1524 1060 1589 est
1084 1518 1257 1588 boc?
1300 1515 1681 1587 Doctoribus
1707 1513 2066 1601 catholicis,
2093 1516 2162 1583 in
2195 1536 2270 1583 re
2289 1516 2661 1603 gravissima

402 1635 977 1723 consentientibus,
1006 1634 1279 1703 unicum
1304 1630 1584 1725 opponis
1603 1630 1834 1713 Collet,
1863 1630 1978 1699 etsi
2003 1631 2110 1721 (ut
2126 1630 2256 1721 ipse
2271 1628 2502 1719 lateris)
2519 1650 2652 1698 non

406 1752 675 1821 omnino
694 1760 920 1845 aperte
944 1745 1534 1819 contradicentem!
1587 1746 1670 1815 Et
1695 1745 1852 1816 inde
1877 1747 2034 1817 satis
2059 1744 2444 1836 probabilem
2485 1744 2651 1813 effici

408 1870 729 1939 existimas
752 1888 989 1937 novam
1016 1888 1217 1959 quam
1259 1864 1554 1934 obtrudis
1579 1862 2061 1954 opinationem?
2083 1860 2271 1931 Certe
2313 1862 2408 1931 vel
2441 1883 2514 1931 ex
2535 1864 2657 1933 boc

402 1988 545 2079 ipso
575 1984 749 2077 quod
774 1983 1059 2070 nullum,
1088 1982 1205 2073 qui
1225 1980 1522 2051 decenter
1550 1979 1734 2048 citari
1761 1976 1988 2059 valeat,
2030 1977 2151 2047 tibi
2195 1985 2540 2069 patronum
2565 2000 2660 2047 re-

409 2111 677 2203 pereris,
717 2108 973 2197 egregie
995 2104 1229 2199 probas
1254 2105 1456 2174 hocce
1486 2110 1674 2172 tuum
1699 2080 1978 2193 systema
1999 2104 2183 2172 omni
2233 2126 2488 2195 prorsus
2519 2126 2657 2193 pro-

410 2224 741 2291 babilitate
763 2242 1003 2289 carere.

504 2338 570 2405 4⁰
594 2332 781 2414 Quod
818 2333 1079 2401 tandem
1108 2332 1606 2402 additdominus
1629 2330 1940 2419 Carriare,
1983 2330 2119 2401 dici
2133 2354 2523 2424 posse,-non
2541 2332 2668 2401 sine

411 2446 1027 2527 verisimilitudine,
1057 2445 1496 2537 capacitatem
1533 2444 1827 2515 dominii
1851 2468 1982 2517 esse
2009 2446 2276 2539 aliquid
2317 2472 2490 2519 mere
2515 2460 2670 2517 tem-

407 2562 667 2653 porale,
721 2582 799 2630 ac
828 2556 1110 2651 proinde
1140 2558 1221 2628 dc
1235 2561 1385 2651 foro
1409 2560 1758 2654 principis,
1793 2561 1966 2630 nibil
1987 2562 2260 2647 valetjad
2291 2564 2668 2657 probandam

412 2678 685 2766 hujusce
708 2677 1035 2769 opinionis
1088 2675 1628 2769 probabilitatem.
1687 2677 1762 2745 Id
1815 2676 2136 2768 siquidem
2179 2682 2392 2768 gratis
2423 2678 2670 2749 omnino

416 2798 744 2865 asseritur.
804 2792 1003 2863 Porro
1049 2814 1181 2863 non
1226 2792 1469 2861 sufficit
1516 2790 1678 2863 illud
1715 2812 2022 2875 asserere,
2059 2812 2217 2863 cum
2243 2794 2342 2864 sit
2375 2795 2668 2887 ipsissima

414 2910 707 3001 quaestio.
740 2908 852 2979 Est
890 2930 1125 3001 nempe
1174 2906 1543 2977 communis
1565 2906 1906 2975 doctorum
1935 2910 2254 2977 sententia
2305 2908 2664 3000 incapacita-
2801 2864 2803 2961 Ῑ

414 3032 548 3094 tem
570 3023 843 3093 dominii
866 3023 936 3090 in
964 3020 1281 3111 religiosis
1302 3042 1439 3089 esse
1465 3040 1604 3089 rem
1637 3018 2174 3102 ecclesiasticam,
2215 3020 2304 3095 de
2329 3044 2457 3112 qua
2487 3020 2670 3111 valide

418 3144 691 3207 statuere
722 3156 851 3205 non
880 3138 1091 3227 potuit
1121 3132 1558 3222 Justinianus,
1583 3156 1660 3202 ex
1686 3133 1938 3203 defectu
1985 3133 2492 3224 jurisdictionis.
2523 3134 2590 3204 ld
2617 3135 2670 3202 si
2801 3204 2803 3241 ]

420 3273 654 3341 negare
680 3250 833 3319 velit
856 3249 1166 3318 dominus
1204 3248 1522 3337 Carriere,
1551 3248 1775 3317 afferat
1825 3245 2144 3317 rationem
2205 3248 2514 3342 aliquam,
2564 3247 2669 3315 aed
2802 3304 2803 3309 ,

420 3363 673 3433 nullam
694 3365 966 3433 omnino
992 3362 1197 3433 affert.

506 3478 867 3549 Annorum
890 3477 1027 3548 111·.
1042 3460 1503 3569 -Perp'eram
1521 3477 1861 3546 existimat
1879 3498 2070 3568 posse
2091 3479 2316 3546 statui
2327 3502 2374 3547 a
2391 3480 2674 3547 Romano

418 3594 768 3685 Pontifice,
796 3605 875 3663 ut
894 3606 1124 3663 votum
1160 3594 1584 3685 paupertatis
1624 3592 1910 3662 solemne
1935 3593 2024 3661 sit
2053 3592 2304 3683 absque
2349 3586 2672 3683 incapaci·
2802 3560 2803 3644 1

424 3720 563 3778 tate
602 3707 901 3778 dominii.
932 3744 1025 3761 --
1058 3732 1095 3774 α
1120 3706 1360 3792 Posset,
1385 3708 1624 3797 inquit,
1649 3728 1998 3796 agnoscere
2027 3714 2102 3775 ut
2145 3706 2443 3777 solemne
2469 3709 2670 3774 votum

429 3841 465 3881 α
494 3814 904 3908 paupertatis,
939 3817 1128 3881 etiam
1164 3820 1409 3883 retento
1437 3812 1753 3898 dominio,
1785 3820 1850 3882 et
1897 3813 2186 3882 abdicato
2211 3834 2336 3883 usu
2353 3814 2530 3904 juris
2547 3816 2676 3877 tan-

432 3956 469 3996 «
494 3938 661 3999 tum.
706 3954 741 3995 ›>
778 3928 896 4019 (De
932 3926 1235 4010 Iustitia,
1266 3949 1335 3998 n.
1376 3928 1538 4013 224,
1587 3937 1742 3997 tom.
1788 3928 1854 4012 1,
1886 3948 2035 4019 pag.
2085 3926 2242 4014 348,
2269 3928 2428 3997 edit.
2467 3919 2670 4007 1839.)

424 4046 623 4115 Porro
668 4046 731 4113 id
790 4044 1057 4113 omnino
1104 4042 1338 4111 falsum
1366 4050 1485 4126 est,
1517 4049 1582 4109 et
1615 4042 2046 4111 communiter
2073 4049 2398 4134 receptam
2425 4043 2502 4109 de
2519 4034 2668 4105 sub·

422 4159 705 4228 stantiali
728 4160 857 4227 voti
883 4157 1274 4249 paupertatis
1302 4156 1702 4228 solemnitate
1738 4156 2096 4227 doctrinam
2127 4156 2457 4227 subvertit.
2487 4150 2667 4226 Nam,

426 4279 616 4364 prout
650 4272 787 4342 fuse
824 4274 1117 4366 probavit.
1142 4272 1502 4357 Suaresius,
1561 4293 1696 4341 non
1721 4273 1984 4343 aliunde
2011 4271 2298 4341 solemne
2349 4272 2428 4339 fit
2463 4273 2664 4336 votum
2799 4328 2801 4335 .

424 4387 843 4476 paupertatis,
888 4408 1089 4477 quam
1134 4408 1209 4457 ex
1262 4384 1373 4457 illa
1420 4385 1697 4457 dominii
1759 4387 2212 4479 incapacitate.
2255 4386 2329 4455 Et
2373 4391 2472 4453 est
2513 4376 2669 4470 apud
