2834 4959
1107 369 1258 420 PARS
1300 371 1541 418 mam.
2336 363 2462 422 325

169 502 394 566 autem
456 479 639 564 hisce
696 490 1308 582 congregationibus
1350 513 1487 560 non
1526 490 1761 563 desunt
1808 489 1953 560 aliae
1986 490 2067 560 ad
2112 497 2311 561 status
2356 515 2463 564 re·-

169 610 388 702 ligiosi
449 608 768 678 rationem
835 605 1160 696 requisitae
1213 607 1653 694 conditiones3
1704 603 2054 696 siquidem,
2114 627 2190 677 ex
2252 605 2459 699 hypo-

165 725 366 810 thesi,
415 723 656 792 habent
705 720 941 813 triplex
991 727 1388 812 perpetuum
1440 725 1691 802 votum,
1748 721 1925 813 quod
1968 727 2031 790 et
2076 741 2115 790 a
2149 721 2463 811 legitimis

163 839 616 931 superioribus
668 841 1056 928 acceptatur.
1117 834 1294 925 Ergo
1324 841 1402 904 ,εἰ
1468 836 1540 906 in
1608 835 1795 906 dictis
1851 834 2461 926 congregationibus

161 953 576 1044 agnoscenda
627 957 722 1022 est
767 956 968 1020 status
1010 950 1292 1040 religiosi
1345 953 1635 1025 essentia.
1684 949 1817 1021 Nec
1862 950 2072 1020 obstat
2110 973 2305 1040 supra
2364 951 2458 1019 ci·

163 1075 306 1138 tata
349 1067 706 1138 Cardinalis
755 1067 834 1136 de
899 1065 1080 1134 Luca
1130 1064 1419 1150 assertio,
1470 1067 1792 1157 ejusmodi
1854 1067 2097 1136 scilicet
2152 1066 2461 1136 moniales

166 1207 310 1254 non
330 1205 466 1254 esse
489 1203 792 1274 personas
821 1180 1174 1272 reliqiosas
1198 1205 1222 1247 .·
1244 1202 1396 1248 nam
1419 1181 1513 1250 ibi
1534 1180 1833 1250 laudatus
1860 1188 2082 1250 auctor
2102 1182 2203 1249 rel
2208 1181 2455 1273 iqiosa-

167 1321 329 1368 rum
357 1297 745 1368 vocabulum
780 1298 984 1366 sumit
1008 1297 1080 1365 in
1106 1295 1425 1364 strictiori
1456 1295 1569 1366 illo
1616 1318 1837 1386 sensu,
1870 1317 2000 1388 quo
2044 1299 2311 1367 nomine
2332 1297 2457 1368 hoc

165 1409 504 1504 designari
539 1413 950 1505 peculiariter
1003 1410 1210 1479 solent
1246 1412 1558 1480 moniales
1593 1433 1711 1504 per
1756 1410 2069 1482 solemnia
2120 1419 2265 1482 vota
2311 1433 2463 1503 pro-

165 1531 380 1600 fossae.
429 1528 747 1598 Caeterum
795 1549 931 1597 non
973 1526 1222 1618 requiri
1271 1535 1568 1597 votorum
1615 1527 2087 1596 solemnitatem
2133 1528 2213 1596 ad
2255 1533 2457 1596 status

163 1649 866 1739 religiosiessentiam,
913 1671 1029 1717 seu
1080 1653 1153 1716 ut
1201 1669 1489 1738 persouae
1524 1649 1652 1716 sint
1692 1669 1839 1718 vere
1886 1653 1948 1717 et
1997 1647 2252 1740 proprie
2288 1647 2455 1716 reli·

162 1766 404 1857 yiosoe,
433 1765 708 1833 omnino
757 1771 1004 1832 certum
1075 1767 1193 1844 est,
1232 1769 1294 1830 et
1342 1762 1451 1854 (ut,
1476 1764 1659 1833 toties
1694 1763 1999 1854 diximus)
2048 1762 2170 1832 suit
2217 1786 2255 1831 a
2300 1763 2455 1833 Gre-

163 1884 356 1971 gorio
397 1877 552 1946 XlII
603 1879 812 1968 quoad
862 1876 1266 1946 scholasticos
1317 1878 1633 1948 societatis
1668 1875 1817 1944 Jesu
1858 1877 2224 1946 definitum.

1105 2212 1381 2284 CAPUT
1430 2210 1519 2280 111

203 2437 286 2483 DE
327 2435 698 2484 nemausus
747 2437 1002 2497 Galum,
1051 2437 1184 2489 QUAE
1229 2437 1306 2482 Ex
1349 2435 1671 2482 INSTITUTO
1730 2435 1987 2486 Tmnmx
2039 2435 2397 2482 PERPETUUM

929 2535 1135 2583 voum
1177 2535 1299 2581 NON
1342 2535 1678 2582 EMITTUNT.

220 2783 360 2864 ,Ex
419 2785 752 2877 principiis
807 2786 932 2855 sub
977 2785 1192 2877 prima
1241 2788 1551 2853 tractatus
1607 2787 1786 2873 parte
1836 2783 2163 2874 expositis,
2190 2788 2441 2851 certum

161 2905 264 2970 oet
311 2906 474 2968 stare
529 2922 662 2968 non
713 2921 901 2991 posse
947 2899 1228 2990 religiosi
1272 2903 1476 2967 status
1521 2897 1863 2966 essentiam
1916 2893 2159 2985 absque
2198 2896 2441 2988 triplici

165 3021 480 3106 perpetuo
537 3021 686 3085 voto
740 3014 1068 3104 castitatis,
1137 3013 1536 3106 paupertatis
1590 3017 1653 3082 et
1706 3010 2104 3082 obedientiae.
2162 3009 2254 3080 Ex
2313 3031 2445 3101 quo

163 3132 456 3220 rigorose
503 3129 1026 3200 concludendum
1085 3130 1314 3229 venit,
1343 3151 1382 3198 a
1430 3134 1630 3198 status
1686 3127 1970 3220 religiosi
2010 3131 2281 3196 essentia
2322 3125 2445 3196 de-

167 3251 366 3321 ficere
399 3273 507 3321 eas
537 3273 764 3322 omnes
795 3251 1184 3320 monialium
1213 3253 1767 3341 congregationes,
1808 3249 1879 3318 in
1920 3248 2131 3318 Gallia
2168 3267 2445 3318 numero

165 3371 496 3460 plurimoe,
549 3391 718 3462 quae,
767 3370 872 3440 vel
912 3372 1172 3442 nullum
1219 3393 1295 3440 ex
1347 3371 1639 3440 instituto
1686 3374 1913 3440 votum
1964 3370 2293 3452 emittunt,
2343 3368 2443 3437 vel

165 3489 248 3556 ad
318 3494 568 3579 tempus
636 3489 943 3558 duntaxat
1007 3495 1262 3568 vovent,
1329 3489 1431 3557 vel
1497 3511 1633 3587 uno
1691 3496 1805 3556 aut
1868 3487 2066 3556 altero
2136 3493 2445 3579 perpetuo

161 3609 339 3692 voto,
383 3626 518 3672 non
552 3611 768 3672 autem
811 3605 1077 3698 triplici,
1128 3625 1262 3674 sese
1304 3603 1745 3694 obstringunt.
1790 3602 2099 3673 Moniales
2136 3623 2289 3690 ergo
2316 3599 2447 3675 iuae

163 3719 484 3808 religiosis
530 3720 824 3810 personis
874 3741 1288 3812 nequaquam
1337 3721 1753 3791 accensendae
1809 3726 1983 3818 sunt.

259 3833 460 3903 Nota.
492 3871 583 3886 -
610 3833 678 3902 Si
726 3835 939 3924 quoad
981 3837 1266 3926 aliquam
1310 3837 1904 3928 congregationem,
1948 3837 2181 3928 triplex
2212 3855 2449 3927 perpe-

163 3952 362 4015 tuum
409 3954 627 4018 votum
678 3948 1052 4033 habentem,
1097 3958 1359 4020 cautum
1405 3952 1633 4022 fuisset
1675 3959 1756 4022 ut
1798 3973 1835 4022 a
1886 3952 2071 4022 nullo
2112 3957 2257 4022 vota
2309 3951 2451 4022 haec

167 4067 678 4155 acceptarentur,
743 4065 938 4134 etiam
993 4065 1134 4134 haec
1198 4069 1611 4159 congregatio
1664 4089 1701 4136 a
1756 4071 1957 4138 status
2010 4067 2293 4158 religiosi
2350 4088 2451 4136 es·

167 4181 374 4248 sentia
405 4180 727 4249 deficeret.
767 4179 890 4250 Illa
939 4182 1118 4250 enim
1166 4184 1537 4277 acceptatio,
1578 4183 1699 4252 Dei
1739 4188 1804 4252 et
1844 4183 2151 4254 Ecclesiae
2186 4183 2453 4254 nomine

168 4293 357 4378 facta,
391 4316 528 4363 una
553 4301 709 4366 este
737 4297 1219 4368 conditionibus
1267 4299 1348 4368 ad
1395 4300 1638 4369 dictam
1688 4305 1887 4370 status
1920 4302 2209 4392 religiosi
2235 4321 2453 4372 essen·

165 4408 324 4477 tiam
391 4411 766 4500 requisitis3
821 4419 1014 4505 prout
1057 4413 1354 4506 superius
1401 4416 1749 4507 probatum
1796 4415 1942 4488 suit.
1998 4415 2079 4487 Et
2125 4419 2285 4490 hinc
2328 4424 2445 4506 est,
