<?xml version="1.0" encoding="UTF-8"?>
<!DOCTYPE html PUBLIC "-//W3C//DTD XHTML 1.0 Transitional//EN"
    "http://www.w3.org/TR/xhtml1/DTD/xhtml1-transitional.dtd">
<html xmlns="http://www.w3.org/1999/xhtml" xml:lang="en" lang="en">
 <head>
  <title>
</title>
<meta http-equiv="Content-Type" content="text/html;charset=utf-8" />
  <meta name='ocr-system' content='tesseract 3.04.00' />
  <meta name='ocr-capabilities' content='ocr_page ocr_carea ocr_par ocr_line ocrx_word'/>
</head>
<body>
  <div class='ocr_page' id='page_1' title='image "./tractatusdejure01unkngoog_0302.png"; bbox 0 0 2834 4959; ppageno 0'>
   <div class='ocr_carea' id='block_1_1' title="bbox 408 329 2088 398">
    <p class='ocr_par' dir='ltr' id='par_1_1' title="bbox 408 329 2088 398">
     <span class='ocr_line' id='line_1_1' title="bbox 408 329 2088 398; baseline 0.005 -9"><span class='ocrx_word' id='word_1_1' title='bbox 408 329 535 389; x_wconf 70' lang='lat'><em>284</em></span> <span class='ocrx_word' id='word_1_2' title='bbox 982 343 1319 392; x_wconf 70' lang='lat' dir='ltr'><em>moruus</em></span> <span class='ocrx_word' id='word_1_3' title='bbox 1358 345 1440 392; x_wconf 79' lang='lat' dir='ltr'><em>m:</em></span> <span class='ocrx_word' id='word_1_4' title='bbox 1483 347 1632 394; x_wconf 70' lang='lat' dir='ltr'><em>mas</em></span> <span class='ocrx_word' id='word_1_5' title='bbox 1673 349 2088 398; x_wconf 68' lang='lat' dir='ltr'><em>assummum.</em></span> 
     </span>
    </p>
   </div>
   <div class='ocr_carea' id='block_1_2' title="bbox 389 457 2688 2409">
    <p class='ocr_par' dir='ltr' id='par_1_2' title="bbox 389 457 2688 2409">
     <span class='ocr_line' id='line_1_2' title="bbox 406 457 2688 559; baseline 0.008 -35"><span class='ocrx_word' id='word_1_6' title='bbox 406 469 631 529; x_wconf 75' lang='lat' dir='ltr'><em>memo</em></span> <span class='ocrx_word' id='word_1_7' title='bbox 676 457 955 530; x_wconf 76' lang='lat' dir='ltr'><em>aliorum</em></span> <span class='ocrx_word' id='word_1_8' title='bbox 1010 461 1496 553; x_wconf 75' lang='lat' dir='ltr'><em>reliqiosnmm,</em></span> <span class='ocrx_word' id='word_1_9' title='bbox 1521 479 1646 534; x_wconf 83' lang='lat' dir='ltr'><em>aut</em></span> <span class='ocrx_word' id='word_1_10' title='bbox 1683 469 2136 559; x_wconf 74' lang='lat' dir='ltr'><strong><em>parochorum</em></strong></span> <span class='ocrx_word' id='word_1_11' title='bbox 2151 490 2183 555; x_wconf 89' lang='lat'><em>;</em></span> <span class='ocrx_word' id='word_1_12' title='bbox 2225 473 2336 540; x_wconf 82' lang='lat' dir='ltr'><em>sed</em></span> <span class='ocrx_word' id='word_1_13' title='bbox 2383 471 2688 543; x_wconf 75' lang='lat' dir='ltr'><strong>duntaxat</strong></span> 
     </span>
     <span class='ocr_line' id='line_1_3' title="bbox 404 570 2686 678; baseline 0.01 -41"><span class='ocrx_word' id='word_1_14' title='bbox 404 570 648 662; x_wconf 81' lang='lat' dir='ltr'><strong><em>absque</em></strong></span> <span class='ocrx_word' id='word_1_15' title='bbox 672 571 1065 645; x_wconf 81' lang='lat' dir='ltr'><em>detrimento</em></span> <span class='ocrx_word' id='word_1_16' title='bbox 1098 580 1377 650; x_wconf 88' lang='lat' dir='ltr'><em>aliorum</em></span> <span class='ocrx_word' id='word_1_17' title='bbox 1429 581 1917 675; x_wconf 79' lang='lat' dir='ltr'><em>reliqiosorum.</em></span> <span class='ocrx_word' id='word_1_18' title='bbox 1949 585 2135 668; x_wconf 88' lang='lat' dir='ltr'><em>Quod</em></span> <span class='ocrx_word' id='word_1_19' title='bbox 2173 588 2228 670; x_wconf 83' lang='lat' dir='ltr'><em>si</em></span> <span class='ocrx_word' id='word_1_20' title='bbox 2265 587 2475 678; x_wconf 85' lang='lat' dir='ltr'><em>fingas</em></span> <span class='ocrx_word' id='word_1_21' title='bbox 2497 597 2564 658; x_wconf 83' lang='lat' dir='ltr'><em>et</em></span> <span class='ocrx_word' id='word_1_22' title='bbox 2592 591 2686 660; x_wconf 88' lang='lat' dir='ltr'><em>ibi</em></span> 
     </span>
     <span class='ocr_line' id='line_1_4' title="bbox 402 684 2542 783; baseline 0.007 -29"><span class='ocrx_word' id='word_1_23' title='bbox 402 684 929 758; x_wconf 84' lang='lat' dir='ltr'><em>subaudiendum</em></span> <span class='ocrx_word' id='word_1_24' title='bbox 974 703 1097 759; x_wconf 82' lang='lat' dir='ltr'><em>aut</em></span> <span class='ocrx_word' id='word_1_25' title='bbox 1124 693 1608 783; x_wconf 71' lang='lat' dir='ltr'><em>parochorum,</em></span> <span class='ocrx_word' id='word_1_26' title='bbox 1629 711 1636 719; x_wconf 91' lang='grc'><em>·</em></span> <span class='ocrx_word' id='word_1_27' title='bbox 1659 697 1880 768; x_wconf 83' lang='lat' dir='ltr'><em>volens</em></span> <span class='ocrx_word' id='word_1_28' title='bbox 1917 697 2039 768; x_wconf 76' lang='lat' dir='ltr'><em>tlhi</em></span> <span class='ocrx_word' id='word_1_29' title='bbox 2093 699 2321 768; x_wconf 80' lang='lat' dir='ltr'><em>fucum</em></span> <span class='ocrx_word' id='word_1_30' title='bbox 2369 701 2542 772; x_wconf 79' lang='lat' dir='ltr'><em>facis.</em></span> 
     </span>
     <span class='ocr_line' id='line_1_5' title="bbox 494 798 2686 904; baseline 0.008 -35"><span class='ocrx_word' id='word_1_31' title='bbox 494 798 833 887; x_wconf 65' lang='lat' dir='ltr'><em>Praeterea,</em></span> <span class='ocrx_word' id='word_1_32' title='bbox 879 805 1128 875; x_wconf 87' lang='lat' dir='ltr'><em>etiamsi</em></span> <span class='ocrx_word' id='word_1_33' title='bbox 1172 810 1631 882; x_wconf 77' lang='lat' dir='ltr'><strong>concederetur</strong></span> <span class='ocrx_word' id='word_1_34' title='bbox 1665 812 1872 904; x_wconf 84' lang='lat' dir='ltr'><em>(quod</em></span> <span class='ocrx_word' id='word_1_35' title='bbox 1927 815 2206 894; x_wconf 84' lang='lat' dir='ltr'><em>omnino</em></span> <span class='ocrx_word' id='word_1_36' title='bbox 2257 815 2494 884; x_wconf 77' lang='lat' dir='ltr'><em>salsum</em></span> <span class='ocrx_word' id='word_1_37' title='bbox 2549 819 2686 886; x_wconf 85' lang='lat' dir='ltr'><em>exi·</em></span> 
     </span>
     <span class='ocr_line' id='line_1_6' title="bbox 404 913 2681 1014; baseline 0.007 -31"><span class='ocrx_word' id='word_1_38' title='bbox 404 913 770 1008; x_wconf 84' lang='lat' dir='ltr'><em>stimamus)</em></span> <span class='ocrx_word' id='word_1_39' title='bbox 788 917 879 986; x_wconf 89' lang='lat' dir='ltr'><em>ibi</em></span> <span class='ocrx_word' id='word_1_40' title='bbox 906 919 1382 994; x_wconf 73' lang='lat' dir='ltr'><strong>subaudiendus</strong></span> <span class='ocrx_word' id='word_1_41' title='bbox 1396 947 1536 995; x_wconf 88' lang='lat' dir='ltr'><em>esse</em></span> <span class='ocrx_word' id='word_1_42' title='bbox 1568 944 1752 996; x_wconf 60' lang='lat' dir='ltr'><em>voces</em></span> <span class='ocrx_word' id='word_1_43' title='bbox 1775 935 1842 996; x_wconf 88' lang='lat' dir='ltr'><em>et</em></span> <span class='ocrx_word' id='word_1_44' title='bbox 1863 927 1991 996; x_wconf 76' lang='lat' dir='ltr'><em>alii</em></span> <span class='ocrx_word' id='word_1_45' title='bbox 2011 928 2322 997; x_wconf 77' lang='lat' dir='ltr'><em>interesse</em></span> <span class='ocrx_word' id='word_1_46' title='bbox 2347 929 2681 1014; x_wconf 73' lang='lat' dir='ltr'><em>habentes,</em></span> 
     </span>
     <span class='ocr_line' id='line_1_7' title="bbox 402 1029 2682 1132; baseline 0.009 -36"><span class='ocrx_word' id='word_1_47' title='bbox 402 1036 465 1096; x_wconf 89' lang='lat' dir='ltr'><em>et</em></span> <span class='ocrx_word' id='word_1_48' title='bbox 488 1029 589 1098; x_wconf 89' lang='lat' dir='ltr'><em>his</em></span> <span class='ocrx_word' id='word_1_49' title='bbox 633 1031 903 1102; x_wconf 80' lang='lat' dir='ltr'><em>vocibus</em></span> <span class='ocrx_word' id='word_1_50' title='bbox 942 1039 1405 1128; x_wconf 84' lang='lat' dir='ltr'><em>comprehendi</em></span> <span class='ocrx_word' id='word_1_51' title='bbox 1447 1041 1782 1132; x_wconf 85' lang='lat' dir='ltr'><em>parochos,</em></span> <span class='ocrx_word' id='word_1_52' title='bbox 1811 1063 1943 1112; x_wconf 89' lang='lat' dir='ltr'><em>non</em></span> <span class='ocrx_word' id='word_1_53' title='bbox 1989 1043 2429 1132; x_wconf 82' lang='lat' dir='ltr'><em>requireretur</em></span> <span class='ocrx_word' id='word_1_54' title='bbox 2453 1067 2682 1116; x_wconf 87' lang='lat' dir='ltr'><em>eorum</em></span> 
     </span>
     <span class='ocr_line' id='line_1_8' title="bbox 400 1148 2686 1252; baseline 0.008 -41"><span class='ocrx_word' id='word_1_55' title='bbox 400 1162 781 1230; x_wconf 63' lang='lat' dir='ltr'><em>consensus.</em></span> <span class='ocrx_word' id='word_1_56' title='bbox 808 1148 927 1220; x_wconf 83' lang='lat' dir='ltr'><em>nisi</em></span> <span class='ocrx_word' id='word_1_57' title='bbox 966 1153 1229 1242; x_wconf 86' lang='lat' dir='ltr'><em>quando</em></span> <span class='ocrx_word' id='word_1_58' title='bbox 1270 1155 1430 1226; x_wconf 85' lang='lat' dir='ltr'><em>alias</em></span> <span class='ocrx_word' id='word_1_59' title='bbox 1483 1156 1826 1227; x_wconf 79' lang='lat' dir='ltr'>Ordinatio</span> <span class='ocrx_word' id='word_1_60' title='bbox 1869 1179 1999 1228; x_wconf 89' lang='lat' dir='ltr'><em>non</em></span> <span class='ocrx_word' id='word_1_61' title='bbox 2049 1163 2295 1228; x_wconf 86' lang='lat' dir='ltr'><em>constat</em></span> <span class='ocrx_word' id='word_1_62' title='bbox 2331 1159 2476 1228; x_wconf 87' lang='lat' dir='ltr'><em>fieri</em></span> <span class='ocrx_word' id='word_1_63' title='bbox 2507 1181 2686 1252; x_wconf 82' lang='lat' dir='ltr'><em>posse</em></span> 
     </span>
     <span class='ocr_line' id='line_1_9' title="bbox 400 1259 2686 1359; baseline 0.008 -35"><span class='ocrx_word' id='word_1_64' title='bbox 400 1259 790 1329; x_wconf 78' lang='lat' dir='ltr'><em>erectionem</em></span> <span class='ocrx_word' id='word_1_65' title='bbox 836 1262 1077 1353; x_wconf 86' lang='lat' dir='ltr'><em>absque</em></span> <span class='ocrx_word' id='word_1_66' title='bbox 1139 1271 1526 1359; x_wconf 87' lang='lat' dir='ltr'><em>parochialis</em></span> <span class='ocrx_word' id='word_1_67' title='bbox 1593 1271 1876 1342; x_wconf 67' lang='lat' dir='ltr'><em>ecclesiae</em></span> <span class='ocrx_word' id='word_1_68' title='bbox 1927 1270 2336 1341; x_wconf 89' lang='lat' dir='ltr'><em>detrimento.</em></span> <span class='ocrx_word' id='word_1_69' title='bbox 2401 1272 2686 1343; x_wconf 83' lang='lat' dir='ltr'><em>Additur</em></span> 
     </span>
     <span class='ocr_line' id='line_1_10' title="bbox 402 1374 2686 1474; baseline 0.007 -33"><span class='ocrx_word' id='word_1_70' title='bbox 402 1374 721 1463; x_wconf 85' lang='lat' dir='ltr'><em>siquidem</em></span> <span class='ocrx_word' id='word_1_71' title='bbox 766 1376 837 1444; x_wconf 91' lang='lat' dir='ltr'><em>in</em></span> <span class='ocrx_word' id='word_1_72' title='bbox 884 1379 1108 1449; x_wconf 88' lang='lat' dir='ltr'><em>eadem</em></span> <span class='ocrx_word' id='word_1_73' title='bbox 1160 1383 1411 1474; x_wconf 81' lang='lat' dir='ltr'><em>phrasi,</em></span> <span class='ocrx_word' id='word_1_74' title='bbox 1449 1385 1558 1454; x_wconf 84' lang='lat' dir='ltr'><em>vel</em></span> <span class='ocrx_word' id='word_1_75' title='bbox 1565 1433 1570 1438; x_wconf 30' lang='grc'><strong>,</strong></span> <span class='ocrx_word' id='word_1_76' title='bbox 1593 1386 1764 1456; x_wconf 75' lang='lat' dir='ltr'><em>alias</em></span> <span class='ocrx_word' id='word_1_77' title='bbox 1803 1386 2176 1456; x_wconf 64' lang='lat' dir='ltr'><em>Ordines-its</em></span> <span class='ocrx_word' id='word_1_78' title='bbox 2199 1387 2498 1456; x_wconf 72' lang='lat' dir='ltr'><em>locor-mn</em></span> <span class='ocrx_word' id='word_1_79' title='bbox 2527 1410 2686 1458; x_wconf 84' lang='lat' dir='ltr'><em>eon-</em></span> 
     </span>
     <span class='ocr_line' id='line_1_11' title="bbox 396 1489 2686 1594; baseline 0.007 -40"><span class='ocrx_word' id='word_1_80' title='bbox 396 1489 647 1556; x_wconf 78' lang='lat' dir='ltr'><em>stiterit</em></span> <span class='ocrx_word' id='word_1_81' title='bbox 672 1489 1001 1581; x_wconf 84' lang='lat' dir='ltr'><em>religiosos</em></span> <span class='ocrx_word' id='word_1_82' title='bbox 1028 1511 1385 1570; x_wconf 78' lang='lat' dir='ltr'><em>conventus</em></span> <span class='ocrx_word' id='word_1_83' title='bbox 1404 1501 1701 1594; x_wconf 69' lang='lat' dir='ltr'><em>eriqendi</em></span> <span class='ocrx_word' id='word_1_84' title='bbox 1725 1502 1966 1594; x_wconf 81' lang='lat' dir='ltr'><em>absque</em></span> <span class='ocrx_word' id='word_1_85' title='bbox 1985 1501 2374 1572; x_wconf 66' lang='lat' dir='ltr'><em>deu-immo</em></span> <span class='ocrx_word' id='word_1_86' title='bbox 2395 1501 2686 1571; x_wconf 86' lang='lat' dir='ltr'><em>aliorum</em></span> 
     </span>
     <span class='ocr_line' id='line_1_12' title="bbox 394 1603 2684 1710; baseline 0.007 -41"><span class='ocrx_word' id='word_1_87' title='bbox 394 1603 856 1695; x_wconf 77' lang='lat' dir='ltr'><em>reliqt&#39;osorum</em></span> <span class='ocrx_word' id='word_1_88' title='bbox 894 1611 1249 1702; x_wconf 84' lang='lat' dir='ltr'><em>(fingamus</em></span> <span class='ocrx_word' id='word_1_89' title='bbox 1296 1616 1822 1688; x_wconf 86' lang='lat' dir='ltr'><em>subaudiendum</em></span> <span class='ocrx_word' id='word_1_90' title='bbox 1863 1639 1998 1687; x_wconf 88' lang='lat' dir='ltr'><em>esse</em></span> <span class='ocrx_word' id='word_1_91' title='bbox 2044 1631 2170 1686; x_wconf 79' lang='lat' dir='ltr'><em>aut</em></span> <span class='ocrx_word' id='word_1_92' title='bbox 2205 1617 2684 1710; x_wconf 75' lang='lat' dir='ltr'><em>parochorum)</em></span> 
     </span>
     <span class='ocr_line' id='line_1_13' title="bbox 394 1721 2684 1826; baseline 0.005 -36"><span class='ocrx_word' id='word_1_93' title='bbox 394 1721 729 1791; x_wconf 75' lang='lat' dir='ltr'><em>commode</em></span> <span class='ocrx_word' id='word_1_94' title='bbox 756 1723 861 1794; x_wconf 79' lang='lat' dir='ltr'><em>ali</em></span> <span class='ocrx_word' id='word_1_95' title='bbox 894 1747 1109 1816; x_wconf 83' lang='lat' dir='ltr'><em>posse.</em></span> <span class='ocrx_word' id='word_1_96' title='bbox 1156 1729 1330 1821; x_wconf 88' lang='lat' dir='ltr'><em>Ergo</em></span> <span class='ocrx_word' id='word_1_97' title='bbox 1378 1733 1434 1801; x_wconf 84' lang='lat' dir='ltr'><em>si</em></span> <span class='ocrx_word' id='word_1_98' title='bbox 1459 1732 1780 1826; x_wconf 83' lang='lat' dir='ltr'><em>Episcopo</em></span> <span class='ocrx_word' id='word_1_99' title='bbox 1805 1735 1954 1804; x_wconf 87' lang='lat' dir='ltr'><em>satis</em></span> <span class='ocrx_word' id='word_1_100' title='bbox 1983 1742 2252 1822; x_wconf 86' lang='lat' dir='ltr'><em>constet,</em></span> <span class='ocrx_word' id='word_1_101' title='bbox 2283 1734 2546 1804; x_wconf 83' lang='lat' dir='ltr'><em>nullum</em></span> <span class='ocrx_word' id='word_1_102' title='bbox 2569 1754 2684 1802; x_wconf 87' lang='lat' dir='ltr'><em>re-</em></span> 
     </span>
     <span class='ocr_line' id='line_1_14' title="bbox 392 1835 2684 1942; baseline 0.008 -38"><span class='ocrx_word' id='word_1_103' title='bbox 392 1835 685 1910; x_wconf 85' lang='lat' dir='ltr'><em>dundare</em></span> <span class='ocrx_word' id='word_1_104' title='bbox 745 1840 815 1910; x_wconf 91' lang='lat' dir='ltr'><em>in</em></span> <span class='ocrx_word' id='word_1_105' title='bbox 876 1847 1235 1939; x_wconf 86' lang='lat' dir='ltr'><em>parochum</em></span> <span class='ocrx_word' id='word_1_106' title='bbox 1298 1838 1790 1932; x_wconf 71' lang='lat' dir='ltr'><em>detrimentum,</em></span> <span class='ocrx_word' id='word_1_107' title='bbox 1857 1849 2041 1920; x_wconf 86' lang='lat' dir='ltr'><em>nullo</em></span> <span class='ocrx_word' id='word_1_108' title='bbox 2109 1850 2326 1942; x_wconf 83' lang='lat' dir='ltr'><em>egebit</em></span> <span class='ocrx_word' id='word_1_109' title='bbox 2383 1870 2594 1942; x_wconf 83' lang='lat' dir='ltr'><em>paroc</em></span> <span class='ocrx_word' id='word_1_110' title='bbox 2613 1848 2684 1922; x_wconf 87' lang='lat' dir='ltr'><em>hi</em></span> 
     </span>
     <span class='ocr_line' id='line_1_15' title="bbox 391 1961 2688 2062; baseline 0.003 -33"><span class='ocrx_word' id='word_1_111' title='bbox 391 1982 733 2034; x_wconf 72' lang='lat' dir='ltr'><em>consensu·</em></span> <span class='ocrx_word' id='word_1_112' title='bbox 768 1961 969 2034; x_wconf 86' lang='lat' dir='ltr'><em>Porro</em></span> <span class='ocrx_word' id='word_1_113' title='bbox 990 1965 1061 2033; x_wconf 88' lang='lat' dir='ltr'><em>in</em></span> <span class='ocrx_word' id='word_1_114' title='bbox 1104 1967 1284 2057; x_wconf 84' lang='lat' dir='ltr'><em>praxi</em></span> <span class='ocrx_word' id='word_1_115' title='bbox 1318 1966 1503 2056; x_wconf 84' lang='lat' dir='ltr'><em>quasi</em></span> <span class='ocrx_word' id='word_1_116' title='bbox 1551 1987 1806 2057; x_wconf 79' lang='lat' dir='ltr'><em>semper</em></span> <span class='ocrx_word' id='word_1_117' title='bbox 1845 1966 2168 2059; x_wconf 86' lang='lat' dir='ltr'><em>Episcopo</em></span> <span class='ocrx_word' id='word_1_118' title='bbox 2211 1975 2504 2038; x_wconf 78' lang='lat' dir='ltr'><em>constare</em></span> <span class='ocrx_word' id='word_1_119' title='bbox 2555 1989 2688 2062; x_wconf 88' lang='lat' dir='ltr'><em>po—</em></span> 
     </span>
     <span class='ocr_line' id='line_1_16' title="bbox 389 2081 2676 2174; baseline 0.002 -24"><span class='ocrx_word' id='word_1_120' title='bbox 389 2088 536 2166; x_wconf 80' lang='lat' dir='ltr'><em>test,</em></span> <span class='ocrx_word' id='word_1_121' title='bbox 567 2103 649 2150; x_wconf 87' lang='lat' dir='ltr'><em>an</em></span> <span class='ocrx_word' id='word_1_122' title='bbox 694 2091 999 2170; x_wconf 85' lang='lat' dir='ltr'><em>sequatur</em></span> <span class='ocrx_word' id='word_1_123' title='bbox 1054 2101 1260 2150; x_wconf 88' lang='lat' dir='ltr'><em>necne</em></span> <span class='ocrx_word' id='word_1_124' title='bbox 1315 2081 1583 2168; x_wconf 83' lang='lat' dir='ltr'><em>parochi</em></span> <span class='ocrx_word' id='word_1_125' title='bbox 1627 2089 1742 2150; x_wconf 87' lang='lat' dir='ltr'><em>aut</em></span> <span class='ocrx_word' id='word_1_126' title='bbox 1792 2083 2112 2174; x_wconf 79' lang='lat' dir='ltr'><em>parochiae</em></span> <span class='ocrx_word' id='word_1_127' title='bbox 2163 2081 2676 2170; x_wconf 77' lang='lat' dir='ltr'><em>detrimentum3</em></span> 
     </span>
     <span class='ocr_line' id='line_1_17' title="bbox 392 2199 2684 2293; baseline 0.002 -23"><span class='ocrx_word' id='word_1_128' title='bbox 392 2203 751 2292; x_wconf 78' lang='lat' dir='ltr'><em>praesertim</em></span> <span class='ocrx_word' id='word_1_129' title='bbox 782 2221 933 2270; x_wconf 88' lang='lat' dir='ltr'><em>cum</em></span> <span class='ocrx_word' id='word_1_130' title='bbox 990 2202 1119 2293; x_wconf 90' lang='lat' dir='ltr'><em>ipsi</em></span> <span class='ocrx_word' id='word_1_131' title='bbox 1170 2199 1454 2269; x_wconf 86' lang='lat' dir='ltr'><em>liberum</em></span> <span class='ocrx_word' id='word_1_132' title='bbox 1505 2201 1587 2269; x_wconf 88' lang='lat' dir='ltr'><em>sit</em></span> <span class='ocrx_word' id='word_1_133' title='bbox 1629 2199 1708 2270; x_wconf 94' lang='lat' dir='ltr'><em>de</em></span> <span class='ocrx_word' id='word_1_134' title='bbox 1751 2202 1876 2270; x_wconf 88' lang='lat' dir='ltr'><em>hoc</em></span> <span class='ocrx_word' id='word_1_135' title='bbox 1923 2207 2248 2293; x_wconf 84' lang='lat' dir='ltr'><em>quantum</em></span> <span class='ocrx_word' id='word_1_136' title='bbox 2275 2203 2560 2272; x_wconf 81' lang='lat' dir='ltr'><em>voluerit</em></span> <span class='ocrx_word' id='word_1_137' title='bbox 2585 2206 2684 2274; x_wconf 87' lang='lat' dir='ltr'><em>in·-</em></span> 
     </span>
     <span class='ocr_line' id='line_1_18' title="bbox 390 2311 2678 2409; baseline 0.002 -25"><span class='ocrx_word' id='word_1_138' title='bbox 390 2319 672 2406; x_wconf 89' lang='lat' dir='ltr'><em>quirere,</em></span> <span class='ocrx_word' id='word_1_139' title='bbox 711 2322 773 2383; x_wconf 89' lang='lat' dir='ltr'><em>et</em></span> <span class='ocrx_word' id='word_1_140' title='bbox 794 2319 989 2385; x_wconf 85' lang='lat' dir='ltr'><em>etiam</em></span> <span class='ocrx_word' id='word_1_141' title='bbox 1045 2315 1409 2406; x_wconf 87' lang='lat' dir='ltr'><em>parochum</em></span> <span class='ocrx_word' id='word_1_142' title='bbox 1457 2311 1688 2384; x_wconf 70' lang='lat' dir='ltr'><em>dehac</em></span> <span class='ocrx_word' id='word_1_143' title='bbox 1743 2336 1812 2384; x_wconf 89' lang='lat' dir='ltr'><em>re</em></span> <span class='ocrx_word' id='word_1_144' title='bbox 1847 2316 2098 2386; x_wconf 87' lang='lat' dir='ltr'><em>audire.</em></span> <span class='ocrx_word' id='word_1_145' title='bbox 2147 2315 2324 2406; x_wconf 88' lang='lat' dir='ltr'><em>Ergo</em></span> <span class='ocrx_word' id='word_1_146' title='bbox 2379 2319 2452 2386; x_wconf 90' lang='lat' dir='ltr'><em>in</em></span> <span class='ocrx_word' id='word_1_147' title='bbox 2499 2322 2678 2409; x_wconf 86' lang='lat' dir='ltr'><em>praxi</em></span> 
     </span>
    </p>
   </div>
   <div class='ocr_carea' id='block_1_3' title="bbox 390 2429 2793 2525">
    <p class='ocr_par' dir='ltr' id='par_1_3' title="bbox 390 2429 2793 2525">
     <span class='ocr_line' id='line_1_19' title="bbox 390 2429 2793 2525; baseline 0.002 -27"><span class='ocrx_word' id='word_1_148' title='bbox 390 2431 621 2521; x_wconf 88' lang='lat' dir='ltr'><em>poterit</em></span> <span class='ocrx_word' id='word_1_149' title='bbox 674 2451 927 2520; x_wconf 87' lang='lat' dir='ltr'><em>semper</em></span> <span class='ocrx_word' id='word_1_150' title='bbox 986 2429 1343 2520; x_wconf 82' lang='lat' dir='ltr'><em>Episcopus</em></span> <span class='ocrx_word' id='word_1_151' title='bbox 1392 2429 1660 2521; x_wconf 84' lang='lat' dir='ltr'><em>parochi</em></span> <span class='ocrx_word' id='word_1_152' title='bbox 1719 2450 2110 2500; x_wconf 86' lang='lat' dir='ltr'><em>consensum</em></span> <span class='ocrx_word' id='word_1_153' title='bbox 2163 2433 2678 2525; x_wconf 84' lang='lat' dir='ltr'><em>praetermittere.</em></span> <span class='ocrx_word' id='word_1_154' title='bbox 2792 2455 2793 2459; x_wconf 45' lang='lat'>¹</span> 
     </span>
    </p>
   </div>
   <div class='ocr_carea' id='block_1_4' title="bbox 394 2543 2681 2752">
    <p class='ocr_par' dir='ltr' id='par_1_4' title="bbox 394 2543 2681 2752">
     <span class='ocr_line' id='line_1_20' title="bbox 476 2543 2680 2636; baseline 0.003 -24"><span class='ocrx_word' id='word_1_155' title='bbox 476 2544 649 2633; x_wconf 91' lang='lat' dir='ltr'><em>Ergo</em></span> <span class='ocrx_word' id='word_1_156' title='bbox 684 2565 904 2614; x_wconf 82' lang='lat' dir='ltr'><em>revera</em></span> <span class='ocrx_word' id='word_1_157' title='bbox 934 2563 1325 2613; x_wconf 86' lang='lat' dir='ltr'><em>consensum</em></span> <span class='ocrx_word' id='word_1_158' title='bbox 1348 2543 1614 2634; x_wconf 85' lang='lat' dir='ltr'><em>parochi</em></span> <span class='ocrx_word' id='word_1_159' title='bbox 1653 2563 1790 2613; x_wconf 87' lang='lat' dir='ltr'><em>non</em></span> <span class='ocrx_word' id='word_1_160' title='bbox 1831 2546 2108 2636; x_wconf 87' lang='lat' dir='ltr'><em>requirit</em></span> <span class='ocrx_word' id='word_1_161' title='bbox 2153 2547 2486 2616; x_wconf 86' lang='lat' dir='ltr'><em>decretum</em></span> <span class='ocrx_word' id='word_1_162' title='bbox 2529 2547 2680 2618; x_wconf 87' lang='lat' dir='ltr'><em>Gre-</em></span> 
     </span>
     <span class='ocr_line' id='line_1_21' title="bbox 394 2657 2681 2752; baseline 0.003 -24"><span class='ocrx_word' id='word_1_163' title='bbox 394 2661 563 2749; x_wconf 85' lang='lat' dir='ltr'><em>gorii</em></span> <span class='ocrx_word' id='word_1_164' title='bbox 614 2657 765 2745; x_wconf 88' lang='lat' dir='ltr'><em>XV,</em></span> <span class='ocrx_word' id='word_1_165' title='bbox 810 2659 1073 2730; x_wconf 82' lang='lat' dir='ltr'><em>aliunde</em></span> <span class='ocrx_word' id='word_1_166' title='bbox 1129 2679 1247 2729; x_wconf 88' lang='lat' dir='ltr'><em>nec</em></span> <span class='ocrx_word' id='word_1_167' title='bbox 1302 2657 1651 2728; x_wconf 86' lang='lat' dir='ltr'><em>Clementis</em></span> <span class='ocrx_word' id='word_1_168' title='bbox 1699 2657 1858 2731; x_wconf 84' lang='lat' dir='ltr'><em>vm</em></span> <span class='ocrx_word' id='word_1_169' title='bbox 1915 2659 2306 2729; x_wconf 88' lang='lat' dir='ltr'><em>constitutio.</em></span> <span class='ocrx_word' id='word_1_170' title='bbox 2357 2661 2540 2752; x_wconf 85' lang='lat' dir='ltr'><em>Ergo</em></span> <span class='ocrx_word' id='word_1_171' title='bbox 2581 2665 2681 2734; x_wconf 87' lang='lat' dir='ltr'><em>de·</em></span> 
     </span>
    </p>
   </div>
   <div class='ocr_carea' id='block_1_5' title="bbox 392 2773 2791 2866">
    <p class='ocr_par' dir='ltr' id='par_1_5' title="bbox 392 2773 2791 2866">
     <span class='ocr_line' id='line_1_22' title="bbox 392 2773 2791 2866; baseline 0 -20"><span class='ocrx_word' id='word_1_172' title='bbox 392 2784 562 2846; x_wconf 86' lang='lat' dir='ltr'><em>creta</em></span> <span class='ocrx_word' id='word_1_173' title='bbox 598 2773 931 2845; x_wconf 87' lang='lat' dir='ltr'><em>Pontificia</em></span> <span class='ocrx_word' id='word_1_174' title='bbox 958 2777 1131 2846; x_wconf 87' lang='lat' dir='ltr'><em>circa</em></span> <span class='ocrx_word' id='word_1_175' title='bbox 1156 2795 1355 2844; x_wconf 77' lang='lat' dir='ltr'><em>novos</em></span> <span class='ocrx_word' id='word_1_176' title='bbox 1378 2773 1716 2864; x_wconf 83' lang='lat' dir='ltr'><em>erigendos</em></span> <span class='ocrx_word' id='word_1_177' title='bbox 1737 2781 2093 2844; x_wconf 83' lang='lat' dir='ltr'><em>conventus</em></span> <span class='ocrx_word' id='word_1_178' title='bbox 2117 2776 2385 2866; x_wconf 90' lang='lat' dir='ltr'><em>parochi</em></span> <span class='ocrx_word' id='word_1_179' title='bbox 2409 2799 2678 2848; x_wconf 84' lang='lat' dir='ltr'><em>consen·</em></span> <span class='ocrx_word' id='word_1_180' title='bbox 2790 2787 2791 2800; x_wconf 55' lang='lat'><strong>³</strong></span> 
     </span>
    </p>
   </div>
   <div class='ocr_carea' id='block_1_6' title="bbox 386 2890 2783 4150">
    <p class='ocr_par' dir='ltr' id='par_1_6' title="bbox 388 2890 1388 2986">
     <span class='ocr_line' id='line_1_23' title="bbox 388 2890 1388 2986; baseline -0.003 -25"><span class='ocrx_word' id='word_1_181' title='bbox 388 2913 537 2961; x_wconf 89' lang='lat' dir='ltr'><em>sum</em></span> <span class='ocrx_word' id='word_1_182' title='bbox 569 2913 983 2986; x_wconf 84' lang='lat' dir='ltr'><em>nequaquam</em></span> <span class='ocrx_word' id='word_1_183' title='bbox 1018 2890 1388 2981; x_wconf 82' lang='lat' dir='ltr'><em>requirunt.</em></span> 
     </span>
    </p>

    <p class='ocr_par' dir='ltr' id='par_1_7' title="bbox 386 3003 2678 4020">
     <span class='ocr_line' id='line_1_24' title="bbox 478 3003 2678 3100; baseline 0.001 -25"><span class='ocrx_word' id='word_1_184' title='bbox 478 3004 857 3077; x_wconf 75' lang='lat' dir='ltr'><em>Psorosrno</em></span> <span class='ocrx_word' id='word_1_185' title='bbox 898 3005 1033 3076; x_wconf 86' lang='lat'><strong>111·-</strong></span> <span class='ocrx_word' id='word_1_186' title='bbox 1066 3041 1156 3062; x_wconf 85' lang='lat'><em>-—</em></span> <span class='ocrx_word' id='word_1_187' title='bbox 1200 3007 1315 3073; x_wconf 80' lang='lat' dir='ltr'><em>Ex</em></span> <span class='ocrx_word' id='word_1_188' title='bbox 1356 3003 1654 3074; x_wconf 79' lang='lat' dir='ltr'><em>evidente</em></span> <span class='ocrx_word' id='word_1_189' title='bbox 1689 3003 2001 3094; x_wconf 79' lang='lat' dir='ltr'><em>falsitate</em></span> <span class='ocrx_word' id='word_1_190' title='bbox 2040 3007 2412 3096; x_wconf 72' lang='lat' dir='ltr'><em>rationum,</em></span> <span class='ocrx_word' id='word_1_191' title='bbox 2437 3009 2678 3100; x_wconf 76' lang='lat' dir='ltr'><em>quibus</em></span> 
     </span>
     <span class='ocr_line' id='line_1_25' title="bbox 388 3119 2678 3210; baseline 0 -20"><span class='ocrx_word' id='word_1_192' title='bbox 388 3121 705 3190; x_wconf 73' lang='lat' dir='ltr'><em>nituntur</em></span> <span class='ocrx_word' id='word_1_193' title='bbox 750 3121 1111 3193; x_wconf 80' lang='lat' dir='ltr'><em>eanom‘stae</em></span> <span class='ocrx_word' id='word_1_194' title='bbox 1180 3121 1620 3190; x_wconf 77' lang='lat' dir='ltr'><em>necessarium</em></span> <span class='ocrx_word' id='word_1_195' title='bbox 1667 3119 1949 3210; x_wconf 79' lang='lat' dir='ltr'><em>parochi</em></span> <span class='ocrx_word' id='word_1_196' title='bbox 2025 3141 2412 3192; x_wconf 77' lang='lat' dir='ltr'><em>eonsensum</em></span> <span class='ocrx_word' id='word_1_197' title='bbox 2449 3122 2678 3190; x_wconf 70' lang='lat' dir='ltr'><em>existi·</em></span> 
     </span>
     <span class='ocr_line' id='line_1_26' title="bbox 390 3233 2674 3327; baseline -0.001 -24"><span class='ocrx_word' id='word_1_198' title='bbox 390 3249 670 3305; x_wconf 80' lang='lat' dir='ltr'><em>mantes.</em></span> <span class='ocrx_word' id='word_1_199' title='bbox 700 3275 793 3290; x_wconf 92' lang='lat'>—</span> <span class='ocrx_word' id='word_1_200' title='bbox 823 3235 968 3306; x_wconf 88' lang='lat' dir='ltr'><em>Non</em></span> <span class='ocrx_word' id='word_1_201' title='bbox 1024 3257 1343 3327; x_wconf 84' lang='lat' dir='ltr'><em>negamus</em></span> <span class='ocrx_word' id='word_1_202' title='bbox 1395 3233 1745 3310; x_wconf 76' lang='lat' dir='ltr'><em>nonnullos</em></span> <span class='ocrx_word' id='word_1_203' title='bbox 1813 3237 2081 3326; x_wconf 83' lang='lat' dir='ltr'><em>reperiri</em></span> <span class='ocrx_word' id='word_1_204' title='bbox 2145 3237 2525 3320; x_wconf 85' lang='lat' dir='ltr'><em>canonistas,</em></span> <span class='ocrx_word' id='word_1_205' title='bbox 2553 3235 2674 3325; x_wconf 89' lang='lat' dir='ltr'><em>qui</em></span> 
     </span>
     <span class='ocr_line' id='line_1_27' title="bbox 390 3347 2672 3442; baseline -0 -23"><span class='ocrx_word' id='word_1_206' title='bbox 390 3352 825 3422; x_wconf 85' lang='lat' dir='ltr'><em>necessarium</em></span> <span class='ocrx_word' id='word_1_207' title='bbox 865 3353 1057 3422; x_wconf 86' lang='lat' dir='ltr'><em>illum</em></span> <span class='ocrx_word' id='word_1_208' title='bbox 1084 3371 1476 3422; x_wconf 86' lang='lat' dir='ltr'><em>consensum</em></span> <span class='ocrx_word' id='word_1_209' title='bbox 1503 3352 1971 3442; x_wconf 77' lang='lat' dir='ltr'><em>reputaverint.</em></span> <span class='ocrx_word' id='word_1_210' title='bbox 2015 3347 2395 3442; x_wconf 64' lang='lat' dir='ltr'><em>Praecipuus</em></span> <span class='ocrx_word' id='word_1_211' title='bbox 2433 3347 2672 3442; x_wconf 84' lang='lat' dir='ltr'><em>Pigna-</em></span> 
     </span>
     <span class='ocr_line' id='line_1_28' title="bbox 389 3463 2674 3559; baseline -0.002 -24"><span class='ocrx_word' id='word_1_212' title='bbox 389 3465 552 3551; x_wconf 85' lang='lat' dir='ltr'><em>telli,</em></span> <span class='ocrx_word' id='word_1_213' title='bbox 572 3467 689 3558; x_wconf 91' lang='lat' dir='ltr'><em>qui</em></span> <span class='ocrx_word' id='word_1_214' title='bbox 734 3487 874 3535; x_wconf 89' lang='lat' dir='ltr'><em>rem</em></span> <span class='ocrx_word' id='word_1_215' title='bbox 892 3488 968 3536; x_wconf 82' lang='lat' dir='ltr'><em>ex</em></span> <span class='ocrx_word' id='word_1_216' title='bbox 998 3467 1279 3559; x_wconf 74' lang='lat' dir='ltr'><em>professo</em></span> <span class='ocrx_word' id='word_1_217' title='bbox 1324 3465 1598 3557; x_wconf 86' lang='lat' dir='ltr'><em>probare</em></span> <span class='ocrx_word' id='word_1_218' title='bbox 1627 3473 1888 3534; x_wconf 85' lang='lat' dir='ltr'><em>conatus</em></span> <span class='ocrx_word' id='word_1_219' title='bbox 1921 3469 2036 3534; x_wconf 71' lang='lat' dir='ltr'><em>est.</em></span> <span class='ocrx_word' id='word_1_220' title='bbox 2089 3463 2318 3534; x_wconf 81' lang='lat' dir='ltr'><em>Caeteri</em></span> <span class='ocrx_word' id='word_1_221' title='bbox 2377 3465 2540 3550; x_wconf 79' lang='lat' dir='ltr'><em>fere,</em></span> <span class='ocrx_word' id='word_1_222' title='bbox 2567 3467 2674 3532; x_wconf 85' lang='lat' dir='ltr'><em>aut</em></span> 
     </span>
     <span class='ocr_line' id='line_1_29' title="bbox 386 3579 2674 3673; baseline 0 -23"><span class='ocrx_word' id='word_1_223' title='bbox 386 3581 585 3672; x_wconf 83' lang='lat' dir='ltr'><em>hujus</em></span> <span class='ocrx_word' id='word_1_224' title='bbox 629 3590 1015 3672; x_wconf 88' lang='lat' dir='ltr'><em>argumenta</em></span> <span class='ocrx_word' id='word_1_225' title='bbox 1064 3581 1525 3673; x_wconf 86' lang='lat' dir='ltr'><em>reprodueunt,</em></span> <span class='ocrx_word' id='word_1_226' title='bbox 1563 3589 1676 3648; x_wconf 88' lang='lat' dir='ltr'><em>aut</em></span> <span class='ocrx_word' id='word_1_227' title='bbox 1751 3579 2094 3665; x_wconf 76' lang='lat' dir='ltr'><em>nominant</em></span> <span class='ocrx_word' id='word_1_228' title='bbox 2133 3579 2452 3650; x_wconf 80' lang='lat' dir='ltr'><em>duntaxat</em></span> <span class='ocrx_word' id='word_1_229' title='bbox 2499 3585 2674 3650; x_wconf 73' lang='lat' dir='ltr'><em>ante-</em></span> 
     </span>
     <span class='ocr_line' id='line_1_30' title="bbox 387 3695 2674 3789; baseline -0 -23"><span class='ocrx_word' id='word_1_230' title='bbox 387 3719 665 3768; x_wconf 85' lang='lat' dir='ltr'><em>cessores</em></span> <span class='ocrx_word' id='word_1_231' title='bbox 690 3698 942 3789; x_wconf 84' lang='lat' dir='ltr'><em>aliquos</em></span> <span class='ocrx_word' id='word_1_232' title='bbox 994 3697 1152 3766; x_wconf 87' lang='lat' dir='ltr'><em>huic</em></span> <span class='ocrx_word' id='word_1_233' title='bbox 1187 3698 1482 3789; x_wconf 86' lang='lat' dir='ltr'><em>opinioni</em></span> <span class='ocrx_word' id='word_1_234' title='bbox 1519 3696 1938 3766; x_wconf 76' lang='lat' dir='ltr'><em>adhaerentes.</em></span> <span class='ocrx_word' id='word_1_235' title='bbox 1983 3695 2172 3765; x_wconf 90' lang='lat' dir='ltr'><em>Unde</em></span> <span class='ocrx_word' id='word_1_236' title='bbox 2201 3696 2508 3784; x_wconf 88' lang='lat' dir='ltr'><em>rationes,</em></span> <span class='ocrx_word' id='word_1_237' title='bbox 2531 3695 2674 3786; x_wconf 87' lang='lat' dir='ltr'><em>qui.</em></span> 
     </span>
     <span class='ocr_line' id='line_1_31' title="bbox 387 3810 2670 3905; baseline -0.001 -23"><span class='ocrx_word' id='word_1_238' title='bbox 387 3812 511 3882; x_wconf 88' lang='lat' dir='ltr'><em>bus</em></span> <span class='ocrx_word' id='word_1_239' title='bbox 565 3814 789 3905; x_wconf 91' lang='lat' dir='ltr'><em>opinio</em></span> <span class='ocrx_word' id='word_1_240' title='bbox 844 3815 965 3882; x_wconf 86' lang='lat' dir='ltr'><em>ista</em></span> <span class='ocrx_word' id='word_1_241' title='bbox 1009 3812 1266 3902; x_wconf 88' lang='lat' dir='ltr'><em>nititur,</em></span> <span class='ocrx_word' id='word_1_242' title='bbox 1314 3813 1395 3882; x_wconf 89' lang='lat' dir='ltr'><em>ad</em></span> <span class='ocrx_word' id='word_1_243' title='bbox 1445 3833 1550 3882; x_wconf 89' lang='lat' dir='ltr'><em>eas</em></span> <span class='ocrx_word' id='word_1_244' title='bbox 1623 3811 1850 3880; x_wconf 89' lang='lat' dir='ltr'><em>reduci</em></span> <span class='ocrx_word' id='word_1_245' title='bbox 1893 3833 2078 3903; x_wconf 85' lang='lat' dir='ltr'><em>posse</em></span> <span class='ocrx_word' id='word_1_246' title='bbox 2131 3810 2462 3898; x_wconf 84' lang='lat' dir='ltr'><em>videntur,</em></span> <span class='ocrx_word' id='word_1_247' title='bbox 2519 3831 2670 3903; x_wconf 85' lang='lat' dir='ltr'><em>quas</em></span> 
     </span>
     <span class='ocr_line' id='line_1_32' title="bbox 388 3927 1107 4020; baseline 0.001 -25"><span class='ocrx_word' id='word_1_248' title='bbox 388 3928 647 3996; x_wconf 86' lang='lat' dir='ltr'><em>deduxit</em></span> <span class='ocrx_word' id='word_1_249' title='bbox 684 3927 1107 4020; x_wconf 85' lang='lat' dir='ltr'><em>Pignatellus.</em></span> 
     </span>
    </p>

    <p class='ocr_par' dir='ltr' id='par_1_8' title="bbox 478 4040 2783 4150">
     <span class='ocr_line' id='line_1_33' title="bbox 478 4040 2783 4150; baseline -0.001 -38"><span class='ocrx_word' id='word_1_250' title='bbox 478 4040 680 4113; x_wconf 86' lang='lat' dir='ltr'><em>Porro</em></span> <span class='ocrx_word' id='word_1_251' title='bbox 714 4045 1045 4116; x_wconf 75' lang='lat' dir='ltr'><em>evidenter</em></span> <span class='ocrx_word' id='word_1_252' title='bbox 1100 4045 1287 4114; x_wconf 81' lang='lat' dir='ltr'><em>salsas</em></span> <span class='ocrx_word' id='word_1_253' title='bbox 1338 4067 1474 4115; x_wconf 89' lang='lat' dir='ltr'><em>esse</em></span> <span class='ocrx_word' id='word_1_254' title='bbox 1517 4045 1898 4134; x_wconf 88' lang='lat' dir='ltr'><em>hujusmodi</em></span> <span class='ocrx_word' id='word_1_255' title='bbox 1965 4045 2240 4116; x_wconf 86' lang='lat' dir='ltr'><em>rationes</em></span> <span class='ocrx_word' id='word_1_256' title='bbox 2282 4045 2471 4114; x_wconf 78' lang='lat' dir='ltr'><em>facile</em></span> <span class='ocrx_word' id='word_1_257' title='bbox 2515 4062 2666 4136; x_wconf 88' lang='lat' dir='ltr'><em>pro-</em></span> <span class='ocrx_word' id='word_1_258' title='bbox 2781 4123 2783 4150; x_wconf 80' lang='lat'><em>.</em></span> 
     </span>
    </p>
   </div>
   <div class='ocr_carea' id='block_1_7' title="bbox 210 4157 2662 4252">
    <p class='ocr_par' dir='ltr' id='par_1_9' title="bbox 210 4157 2662 4252">
     <span class='ocr_line' id='line_1_34' title="bbox 210 4157 2662 4252; baseline -0.002 -23"><span class='ocrx_word' id='word_1_259' title='bbox 210 4177 243 4212; x_wconf 61' lang='lat' dir='ltr'><em>a</em></span> <span class='ocrx_word' id='word_1_260' title='bbox 388 4157 527 4229; x_wconf 86' lang='lat' dir='ltr'><em>bari</em></span> <span class='ocrx_word' id='word_1_261' title='bbox 592 4167 818 4250; x_wconf 84' lang='lat' dir='ltr'><em>potest.</em></span> <span class='ocrx_word' id='word_1_262' title='bbox 865 4160 1010 4232; x_wconf 81' lang='lat' dir='ltr'><em>Jam</em></span> <span class='ocrx_word' id='word_1_263' title='bbox 1064 4160 1407 4252; x_wconf 89' lang='lat' dir='ltr'><em>Pignatelli</em></span> <span class='ocrx_word' id='word_1_264' title='bbox 1446 4166 1692 4229; x_wconf 87' lang='lat' dir='ltr'><em>textum</em></span> <span class='ocrx_word' id='word_1_265' title='bbox 1733 4160 2065 4252; x_wconf 71' lang='lat' dir='ltr'><em>praecipua</em></span> <span class='ocrx_word' id='word_1_266' title='bbox 2113 4182 2189 4230; x_wconf 85' lang='lat' dir='ltr'><em>ex</em></span> <span class='ocrx_word' id='word_1_267' title='bbox 2223 4167 2404 4249; x_wconf 86' lang='lat' dir='ltr'><em>parte</em></span> <span class='ocrx_word' id='word_1_268' title='bbox 2445 4158 2662 4230; x_wconf 75' lang='lat' dir='ltr'><em>citavi·-</em></span> 
     </span>
    </p>
   </div>
   <div class='ocr_carea' id='block_1_8' title="bbox 388 4276 2663 4486">
    <p class='ocr_par' dir='ltr' id='par_1_10' title="bbox 388 4276 2663 4486">
     <span class='ocr_line' id='line_1_35' title="bbox 388 4276 2663 4374; baseline -0 -28"><span class='ocrx_word' id='word_1_269' title='bbox 388 4298 540 4347; x_wconf 89' lang='lat' dir='ltr'><em>mus</em></span> <span class='ocrx_word' id='word_1_270' title='bbox 585 4279 937 4372; x_wconf 83' lang='lat' dir='ltr'><em>(superiore</em></span> <span class='ocrx_word' id='word_1_271' title='bbox 982 4284 1411 4372; x_wconf 88' lang='lat' dir='ltr'><em>paragrapho,</em></span> <span class='ocrx_word' id='word_1_272' title='bbox 1473 4283 1910 4374; x_wconf 86' lang='lat' dir='ltr'><em>propositione</em></span> <span class='ocrx_word' id='word_1_273' title='bbox 1971 4281 2060 4374; x_wconf 88' lang='lat'><em>1).</em></span> <span class='ocrx_word' id='word_1_274' title='bbox 2138 4279 2312 4350; x_wconf 85' lang='lat' dir='ltr'><em>Duas</em></span> <span class='ocrx_word' id='word_1_275' title='bbox 2381 4280 2474 4350; x_wconf 90' lang='lat' dir='ltr'><em>ibi</em></span> <span class='ocrx_word' id='word_1_276' title='bbox 2511 4276 2663 4348; x_wconf 86' lang='lat' dir='ltr'><em>alle·</em></span> 
     </span>
     <span class='ocr_line' id='line_1_36' title="bbox 390 4397 1431 4486; baseline 0.006 -28"><span class='ocrx_word' id='word_1_277' title='bbox 390 4399 569 4480; x_wconf 76' lang='lat' dir='ltr'><em>gates</em></span> <span class='ocrx_word' id='word_1_278' title='bbox 610 4397 885 4464; x_wconf 82' lang='lat' dir='ltr'><em>rationes</em></span> <span class='ocrx_word' id='word_1_279' title='bbox 929 4398 1431 4486; x_wconf 89' lang='lat' dir='ltr'><em>perpendamus.</em></span> 
     </span>
    </p>
   </div>
  </div>
 </body>
</html>
