2834 4959
461 311 538 366 32
943 367 948 374 ,
1041 319 1378 368 munros
1417 319 1497 366 DE
1536 319 1687 366 sulm
1728 315 2142 366 anonumum.

547 439 887 510 Coronidis
958 439 1100 508 loco
1163 439 1304 508 haec
1365 460 1440 508 ex
1502 437 1897 508 Bellarmino
1950 439 2436 528 subjungimus,
2482 441 2695 530 quibus

457 579 612 628 sana
653 559 1132 648 Theologorum
1179 558 1260 626 de
1307 559 1431 626 hoc
1484 562 1867 647 argumento
1918 558 2229 626 sententia
2268 556 2476 626 lucide
2528 577 2693 650 expo-

458 676 639 742 nitur
691 697 706 740 :
751 673 1268 744 «Melanchthon
1315 672 1384 740 in
1434 673 1591 741 locis
1638 671 2124 756 communibus,
2158 672 2361 762 capite
2391 672 2469 741 de
2490 672 2690 744 discri-

465 815 500 854 α
538 791 716 856 mine
743 787 1166 857 consiliorum
1207 793 1270 856 et
1301 796 1794 879 praeceptorum,
1828 787 2067 856 dicit...
2104 787 2554 876 deplorandam
2578 811 2693 858 esse

461 929 498 968 α
535 912 821 972 nostram
847 904 1225 987 caecitstem,
1273 901 1447 992 quod
1480 902 1958 970 mendicitatem
1996 910 2111 968 aut
2135 900 2351 970 simile
2372 921 2551 992 opus,
2578 925 2691 972 non

461 1043 498 1086 α
542 1019 942 1107 mandatum,
987 1039 1295 1087 ornemus
1325 1017 1679 1106 majoribus
1712 1015 1914 1085 titulis
1942 1016 2377 1106 quam'legem
2403 1017 2686 1098 divinam,

399 1213 408 1222 .
465 1159 500 1198 α
541 1155 695 1200 cum
727 1133 986 1200 nullum
1014 1153 1174 1222 opus
1217 1131 1414 1221 possit
1442 1131 1709 1219 cogitari
1738 1132 1951 1219 majus
1984 1151 2181 1220 quam
2212 1131 2385 1222 quod
2416 1133 2483 1199 in
2506 1133 2687 1223 primo

465 1276 499 1313 «
537 1257 852 1340 praecepto
891 1245 1216 1335 flagitatur
1245 1269 1262 1316 z
1295 1245 1556 1336 Diliqes
1596 1245 1963 1313 Dominum
1992 1248 2203 1313 Deum
2226 1257 2440 1332 tuum,
2460 1255 2573 1316 etc.
2600 1247 2685 1316 Ad

465 1389 500 1426 «
541 1363 710 1430 hanc
751 1360 1148 1428 calumniam
1203 1360 1479 1429 breviter
1505 1359 1969 1451 respondemus
1994 1361 2326 1428 neminem
2348 1381 2477 1430 esse
2500 1361 2687 1432 catho-

465 1501 502 1540 ιι
547 1475 822 1544 licorum
865 1476 980 1566 qui
1037 1473 1413 1564 simpliciter
1470 1481 1797 1565 praeponat
1844 1473 2107 1542 consilia
2164 1476 2529 1566 praeceptis;
2575 1477 2685 1544 imo

463 1617 498 1654 «
535 1589 612 1658 Β.
669 1589 951 1658 Thomas
1001 1589 1071 1656 in
1119 1589 1183 1656 2.
1239 1588 1306 1673 2,
1355 1611 1422 1679 q.
1461 1588 1612 1672 184,
1644 1595 1761 1656 art.
1796 1587 1865 1668 3,
1898 1590 2295 1657 contrarium
2326 1589 2500 1658 docet
2528 1590 2683 1658 :vult

462 1729 497 1770 «
533 1706 708 1772 enim
783 1703 1238 1794 perfectionem
1293 1702 1734 1771 Christianam
1790 1701 2205 1770 essentialiter
2258 1693 2575 1772 consistere
2620 1705 2677 1770 in

458 1845 492 1887 ι(
523 1820 964 1890 observatione
1007 1825 1501 1910 praeceptorum,
1550 1817 2127 1886 instrumentaliter
2160 1819 2235 1886 in
2284 1818 2683 1888 observatione

457 1961 492 2002 α
532 1935 974 2004 consiliorum.
1037 1933 1388 2004 Possumus
1436 1942 1651 2000 tamen
1702 1939 2087 2022 anteponere
2136 1934 2413 2001 consilia
2448 1953 2689 2021 praeoep-

460 2075 493 2115 <1
531 2053 609 2116 tis
653 2050 862 2117 tribus
909 2049 1138 2117 modis.
1185 2047 1437 2127 Primo,
1482 2046 1917 2138 comparando
1970 2048 2241 2136 singula
2292 2047 2543 2118 consilia
2578 2067 2683 2114 non

459 2191 494 2228 «
531 2165 899 2252 cuicunque
977 2171 1318 2253 praecepto,
1397 2163 1505 2230 sed
1575 2164 1905 2254 praeceptis
1986 2165 2115 2232 illis
2200 2187 2344 2254 quae
2396 2170 2687 2233 versantur

461 2304 496 2343 (ι.
533 2277 702 2346 circa
747 2277 1040 2346 eamdem
1087 2277 1444 2372 materiam.
1478 2276 1681 2346 Verbi
1709 2276 1934 2365 gratia,
1958 2277 2131 2346 circa
2158 2281 2495 2378 meteriam
2518 2285 2685 2347 exter·
2774 2261 2776 2324 ἱ

457 2415 765 2464 «norum
811 2413 1082 2483 operum
1121 2399 1406 2460 versatur
1454 2400 1843 2483 praeceptum·
1881 2417 1898 2461 ε
1946 2395 2099 2464 Non
2138 2394 2507 2481 rambert&
2548 2375 2685 2462 circa

459 2533 494 2572 α
529 2506 748 2574 eedem
772 2517 1059 2574 versatur
1087 2506 1435 2576 consilium
1466 2530 1483 2575 ε
1526 2505 1737 2576 Vende
1757 2507 2012 2596 omnia,
2042 2518 2105 2574 et
2134 2507 2230 2576 da
2257 2507 2679 2602 pauperibus:
2772 2567 2774 2604 ÷

455 2649 492 2688 (ι
531 2629 782 2692 certum
824 2629 918 2692 est
951 2623 1297 2692 consilium
1345 2622 1469 2691 hoc
1496 2644 1631 2692 esse
1658 2623 2003 2714 perfectius
2025 2633 2347 2716 praecepto
2379 2648 2396 2694 ε
2428 2627 2569 2696 Νοη
2583 2623 2680 2712 su-

457 2761 492 2800 α
535 2735 807 2804 raberis.
860 2734 1174 2806 Similiter
1227 2737 1571 2806 consilium
1623 2736 2007 2827 virginitatis
2058 2739 2407 2827 perfectius
2431 2745 2521 2806 est
2540 2758 2680 2829 prae-
2770 2813 2772 2826 ἒ

456 2875 490 2916 α
531 2859 711 2941 cepto
739 2875 756 2919 z
789 2851 942 2921 Non
959 2850 1380 2919 moechaberis
1393 2871 1422 2934 ‚·
1439 2857 1502 2918 et
1523 2853 1616 2918 sic
1640 2849 1719 2919 de
1742 2851 1908 2918 aliis.
1932 2847 2254 2936 Secundo,
2284 2849 2677 2944 comparando

456 2991 488 3030 «
525 2988 655 3034 non
685 2967 950 3034 consilia
978 2987 1132 3034 cum
1164 2966 1520 3056 praecepti5‚
1550 2965 1656 3032 sed
1680 2973 1917 3032 statum
1944 2967 2293 3036 hominum
2318 2967 2675 3036 servantium

453 3103 488 3142 α
528 3086 843 3170 praecepta
891 3087 954 3147 et
995 3079 1263 3148 consilia
1310 3101 1465 3146 cum
1516 3087 1683 3146 statu
1732 3101 1956 3147 eorum
1990 3079 2103 3169 qui
2136 3080 2353 3150 solum
2378 3080 2678 3151 observant

455 3218 488 3255 ι(
529 3201 863 3284 praecepta.
937 3192 1162 3283 Neque
1217 3193 1392 3261 enim
1442 3191 1723 3262 dubitari
1772 3201 1973 3284 potest
2014 3197 2174 3283 quin
2226 3198 2309 3266 sit
2368 3219 2466 3264 res
2522 3198 2678 3279 longe
2768 3289 2770 3292 Α

457 3333 491 3372 α
528 3309 754 3376 melior
793 3317 855 3376 et
905 3308 1239 3397 perfectior
1283 3314 1483 3376 status
1534 3309 1711 3398 prior
1760 3309 2139 3400 posteriore3
2182 3309 2677 3401 quondoquidem
2768 3305 2770 3346 ²

454 3446 488 3484 α
524 3419 630 3486 ille
651 3423 848 3487 istum
889 3419 1186 3505 includit,
1220 3441 1349 3490 non
1375 3428 1639 3490 contra:
1672 3422 1846 3492 unde
1876 3421 2199 3492 Dominus
2222 3425 2283 3494 ei
2310 3429 2424 3515 qui
2460 3421 2677 3493 dicebat

451 3561 486 3598 α
521 3555 800 3602 servasse
827 3557 892 3604 se
919 3538 1141 3604 omnia
1170 3546 1511 3627 praecepta,
1536 3537 1727 3606 dixit:
1753 3537 1836 3607 Si
1848 3538 1951 3606 vis
1962 3541 2309 3630 perfectus
2330 3563 2485 3628 esse,
2510 3532 2681 3605 vende

451 3677 486 3714 α
521 3647 751 3718 omnia
780 3671 926 3739 quae
949 3649 1169 3734 habes,
1200 3659 1320 3720 etc.
1352 3651 1593 3736 Tertio,
1620 3653 2051 3741 comparando
2076 3655 2348 3724 consilia
2373 3677 2521 3724 cum
2547 3671 2681 3741 quo-

451 3791 486 3829 α
522 3765 678 3833 libet
731 3773 1071 3855 praeeeptO,
1129 3766 1322 3834 etiam
1347 3788 1523 3834 cum
1574 3767 1687 3835 illo
1735 3793 1750 3836 ς
1796 3767 2043 3858 Diliqes
2096 3771 2465 3838 Dominum
2502 3771 2679 3836 Deum

451 3904 486 3942 α
524 3889 710 3946 tuum
729 3898 760 3964 ;
809 3879 916 3948 sed
963 3880 1425 3950 considerando
1474 3883 1543 3950 in
1592 3883 1874 3950 consiliis
1900 3905 2029 3952 non
2058 3907 2255 3976 opera
2281 3893 2537 3954 externa
2560 3901 2681 3950 con·

452 4021 488 4060 α
519 3995 840 4084 siliorum,
901 3996 1011 4064 sed
1060 3997 1438 4066 charitatem
1482 4021 1681 4087 quam
1734 4011 2244 4092 praesupponunt
2296 4009 2361 4070 et
2405 4001 2483 4070 ad
2514 4015 2681 4090 quam

453 4135 487 4174 α
525 4110 793 4178 ducunt.
828 4111 948 4181 Illo
976 4114 1155 4181 enim
1183 4121 1503 4205 praecepto
1531 4138 1547 4182 :
1579 4115 1829 4206 Diliqes
1856 4117 2221 4186 Dominum
2249 4122 2463 4187 Deum
2490 4130 2677 4186 tuum,

453 4250 488 4288 (ι
525 4244 658 4292 non
705 4227 1070 4319 praecipitur
1121 4228 1397 4299 charitas
1448 4231 1731 4318 infinita,
1770 4233 1879 4302 sed
1908 4242 2116 4303 certus
2144 4235 2417 4324 quidam
2445 4229 2677 4323 gradus,

453 4364 488 4404 α
524 4337 843 4409 nimirum
877 4349 1050 4412 tanta
1097 4345 1352 4432 caritas,
1384 4354 1457 4416 ut
1496 4369 1611 4438 per
1648 4369 1793 4427 cem
1822 4350 1989 4420 nihil
2018 4347 2152 4421 Deo
2174 4371 2393 4441 aeques
2418 4347 2515 4418 vel
2532 4349 2681 4414 ante·
