<?xml version="1.0" encoding="UTF-8"?>
<!DOCTYPE html PUBLIC "-//W3C//DTD XHTML 1.0 Transitional//EN"
    "http://www.w3.org/TR/xhtml1/DTD/xhtml1-transitional.dtd">
<html xmlns="http://www.w3.org/1999/xhtml" xml:lang="en" lang="en">
 <head>
  <title>
</title>
<meta http-equiv="Content-Type" content="text/html;charset=utf-8" />
  <meta name='ocr-system' content='tesseract 3.04.00' />
  <meta name='ocr-capabilities' content='ocr_page ocr_carea ocr_par ocr_line ocrx_word'/>
</head>
<body>
  <div class='ocr_page' id='page_1' title='image "./tractatusdejure01unkngoog_0632.png"; bbox 0 0 2834 4959; ppageno 0'>
   <div class='ocr_carea' id='block_1_1' title="bbox 330 330 1994 397">
    <p class='ocr_par' dir='ltr' id='par_1_1' title="bbox 330 330 1994 397">
     <span class='ocr_line' id='line_1_1' title="bbox 330 330 1994 397; baseline -0.013 0"><span class='ocrx_word' id='word_1_1' title='bbox 330 342 456 397; x_wconf 66' lang='grc'><strong>614</strong></span> <span class='ocrx_word' id='word_1_2' title='bbox 888 339 1226 391; x_wconf 66' lang='lat' dir='ltr'><strong>moruus</strong></span> <span class='ocrx_word' id='word_1_3' title='bbox 1272 336 1351 383; x_wconf 76' lang='lat' dir='ltr'><strong>DE</strong></span> <span class='ocrx_word' id='word_1_4' title='bbox 1394 332 1542 381; x_wconf 70' lang='lat' dir='ltr'><strong>mnu</strong></span> <span class='ocrx_word' id='word_1_5' title='bbox 1583 330 1994 379; x_wconf 65' lang='lat' dir='ltr'><strong>namnum.</strong></span> 
     </span>
    </p>
   </div>
   <div class='ocr_carea' id='block_1_2' title="bbox 324 444 2608 1935">
    <p class='ocr_par' dir='ltr' id='par_1_2' title="bbox 324 444 2608 1935">
     <span class='ocr_line' id='line_1_2' title="bbox 330 444 2594 557; baseline -0.013 -18"><span class='ocrx_word' id='word_1_6' title='bbox 330 475 441 539; x_wconf 90' lang='lat' dir='ltr'><strong>net</strong></span> <span class='ocrx_word' id='word_1_7' title='bbox 456 468 535 537; x_wconf 89' lang='lat' dir='ltr'><strong>ad</strong></span> <span class='ocrx_word' id='word_1_8' title='bbox 562 488 725 557; x_wconf 88' lang='lat' dir='ltr'><strong>quos</strong></span> <span class='ocrx_word' id='word_1_9' title='bbox 741 467 914 536; x_wconf 86' lang='lat' dir='ltr'><strong>dicta</strong></span> <span class='ocrx_word' id='word_1_10' title='bbox 936 460 1243 533; x_wconf 85' lang='lat' dir='ltr'><strong>admissio</strong></span> <span class='ocrx_word' id='word_1_11' title='bbox 1264 454 1604 549; x_wconf 85' lang='lat' dir='ltr'><strong>pertineat,</strong></span> <span class='ocrx_word' id='word_1_12' title='bbox 1633 451 1887 520; x_wconf 86' lang='lat' dir='ltr'><strong>clarum</strong></span> <span class='ocrx_word' id='word_1_13' title='bbox 1907 453 2002 517; x_wconf 88' lang='lat' dir='ltr'><strong>est</strong></span> <span class='ocrx_word' id='word_1_14' title='bbox 2028 466 2142 537; x_wconf 86' lang='lat' dir='ltr'><strong>per</strong></span> <span class='ocrx_word' id='word_1_15' title='bbox 2157 444 2278 513; x_wconf 84' lang='lat' dir='ltr'><strong>hos</strong></span> <span class='ocrx_word' id='word_1_16' title='bbox 2303 449 2594 527; x_wconf 81' lang='lat' dir='ltr'><strong>tantum,</strong></span> 
     </span>
     <span class='ocr_line' id='line_1_3' title="bbox 326 559 2596 675; baseline -0.011 -21"><span class='ocrx_word' id='word_1_17' title='bbox 326 592 391 654; x_wconf 87' lang='lat' dir='ltr'><strong>et</strong></span> <span class='ocrx_word' id='word_1_18' title='bbox 430 602 561 653; x_wconf 90' lang='lat' dir='ltr'><strong>non</strong></span> <span class='ocrx_word' id='word_1_19' title='bbox 608 604 723 675; x_wconf 92' lang='lat' dir='ltr'><strong>per</strong></span> <span class='ocrx_word' id='word_1_20' title='bbox 766 581 947 666; x_wconf 87' lang='lat' dir='ltr'><strong>alios,</strong></span> <span class='ocrx_word' id='word_1_21' title='bbox 980 576 1270 669; x_wconf 80' lang='lat' dir='ltr'><strong>legitime</strong></span> <span class='ocrx_word' id='word_1_22' title='bbox 1324 568 1780 639; x_wconf 77' lang='lat' dir='ltr'><strong>admissionem</strong></span> <span class='ocrx_word' id='word_1_23' title='bbox 1836 564 2010 633; x_wconf 88' lang='lat' dir='ltr'><strong>hanc</strong></span> <span class='ocrx_word' id='word_1_24' title='bbox 2049 560 2194 629; x_wconf 89' lang='lat' dir='ltr'><strong>fieri</strong></span> <span class='ocrx_word' id='word_1_25' title='bbox 2227 580 2422 651; x_wconf 83' lang='lat' dir='ltr'><strong>posse.</strong></span> <span class='ocrx_word' id='word_1_26' title='bbox 2455 559 2596 629; x_wconf 91' lang='lat' dir='ltr'><strong>Nec</strong></span> 
     </span>
     <span class='ocr_line' id='line_1_4' title="bbox 325 674 2590 795; baseline -0.013 -23"><span class='ocrx_word' id='word_1_27' title='bbox 325 720 523 795; x_wconf 84' lang='lat' dir='ltr'><strong>penes</strong></span> <span class='ocrx_word' id='word_1_28' title='bbox 568 698 961 790; x_wconf 84' lang='lat' dir='ltr'><strong>Episcopum</strong></span> <span class='ocrx_word' id='word_1_29' title='bbox 1012 698 1110 763; x_wconf 88' lang='lat' dir='ltr'><strong>est</strong></span> <span class='ocrx_word' id='word_1_30' title='bbox 1158 691 1510 759; x_wconf 86' lang='lat' dir='ltr'><strong>immutare</strong></span> <span class='ocrx_word' id='word_1_31' title='bbox 1553 683 1726 775; x_wconf 81' lang='lat' dir='ltr'><strong>quod</strong></span> <span class='ocrx_word' id='word_1_32' title='bbox 1765 677 2231 772; x_wconf 78' lang='lat' dir='ltr'><strong>approbatione</strong></span> <span class='ocrx_word' id='word_1_33' title='bbox 2255 674 2590 743; x_wconf 74' lang='lat' dir='ltr'><strong>pontificia</strong></span> 
     </span>
     <span class='ocr_line' id='line_1_5' title="bbox 326 790 2596 884; baseline -0.012 0"><span class='ocrx_word' id='word_1_34' title='bbox 326 816 661 884; x_wconf 87' lang='lat' dir='ltr'><strong>firmatum</strong></span> <span class='ocrx_word' id='word_1_35' title='bbox 689 812 833 881; x_wconf 74' lang='lat' dir='ltr'><strong>fuit.</strong></span> <span class='ocrx_word' id='word_1_36' title='bbox 858 810 929 879; x_wconf 83' lang='lat'><strong>2·</strong></span> <span class='ocrx_word' id='word_1_37' title='bbox 957 808 1118 879; x_wconf 80' lang='lat' dir='ltr'><strong>Item</strong></span> <span class='ocrx_word' id='word_1_38' title='bbox 1138 801 1432 874; x_wconf 79' lang='lat' dir='ltr'><strong>facienda</strong></span> <span class='ocrx_word' id='word_1_39' title='bbox 1450 798 1571 868; x_wconf 88' lang='lat' dir='ltr'><strong>erit</strong></span> <span class='ocrx_word' id='word_1_40' title='bbox 1589 795 1894 867; x_wconf 76' lang='lat' dir='ltr'><strong>admissio</strong></span> <span class='ocrx_word' id='word_1_41' title='bbox 1913 793 1991 862; x_wconf 86' lang='lat' dir='ltr'><strong>ad</strong></span> <span class='ocrx_word' id='word_1_42' title='bbox 2018 812 2318 861; x_wconf 80' lang='lat' dir='ltr'><strong>normam</strong></span> <span class='ocrx_word' id='word_1_43' title='bbox 2339 790 2412 858; x_wconf 91' lang='lat' dir='ltr'><strong>in</strong></span> <span class='ocrx_word' id='word_1_44' title='bbox 2439 811 2596 859; x_wconf 88' lang='lat' dir='ltr'><strong>con-</strong></span> 
     </span>
     <span class='ocr_line' id='line_1_6' title="bbox 326 907 2602 1013; baseline -0.013 -12"><span class='ocrx_word' id='word_1_45' title='bbox 326 926 775 1001; x_wconf 88' lang='lat' dir='ltr'><strong>stitutionibus</strong></span> <span class='ocrx_word' id='word_1_46' title='bbox 818 918 1341 1013; x_wconf 77' lang='lat' dir='ltr'><strong>congregationis</strong></span> <span class='ocrx_word' id='word_1_47' title='bbox 1388 913 1857 1007; x_wconf 65' lang='lat' dir='ltr'><strong>proscriptam,</strong></span> <span class='ocrx_word' id='word_1_48' title='bbox 1885 907 2187 1000; x_wconf 77' lang='lat' dir='ltr'><strong>quamvis</strong></span> <span class='ocrx_word' id='word_1_49' title='bbox 2213 926 2352 973; x_wconf 89' lang='lat' dir='ltr'><strong>non</strong></span> <span class='ocrx_word' id='word_1_50' title='bbox 2390 924 2602 973; x_wconf 83' lang='lat' dir='ltr'><strong>acces-</strong></span> 
     </span>
     <span class='ocr_line' id='line_1_7' title="bbox 326 1020 2602 1135; baseline -0.013 -18"><span class='ocrx_word' id='word_1_51' title='bbox 326 1046 481 1117; x_wconf 81' lang='lat' dir='ltr'><strong>serit</strong></span> <span class='ocrx_word' id='word_1_52' title='bbox 505 1042 885 1135; x_wconf 77' lang='lat' dir='ltr'><strong>approbatio</strong></span> <span class='ocrx_word' id='word_1_53' title='bbox 910 1034 1281 1118; x_wconf 77' lang='lat' dir='ltr'><strong>pontificia,</strong></span> <span class='ocrx_word' id='word_1_54' title='bbox 1310 1035 1367 1103; x_wconf 87' lang='lat' dir='ltr'><strong>si</strong></span> <span class='ocrx_word' id='word_1_55' title='bbox 1406 1031 1627 1101; x_wconf 76' lang='lat' dir='ltr'><strong>fuerit·</strong></span> <span class='ocrx_word' id='word_1_56' title='bbox 1649 1028 1832 1110; x_wconf 88' lang='lat' dir='ltr'><strong>initio</strong></span> <span class='ocrx_word' id='word_1_57' title='bbox 1871 1024 2248 1094; x_wconf 83' lang='lat' dir='ltr'><strong>auctoritate</strong></span> <span class='ocrx_word' id='word_1_58' title='bbox 2271 1020 2602 1091; x_wconf 80' lang='lat' dir='ltr'><strong>ordinarii</strong></span> 
     </span>
     <span class='ocr_line' id='line_1_8' title="bbox 328 1136 2605 1249; baseline -0.011 -20"><span class='ocrx_word' id='word_1_59' title='bbox 328 1180 557 1230; x_wconf 88' lang='lat' dir='ltr'><strong>norma</strong></span> <span class='ocrx_word' id='word_1_60' title='bbox 574 1159 715 1227; x_wconf 81' lang='lat' dir='ltr'><strong>haec</strong></span> <span class='ocrx_word' id='word_1_61' title='bbox 730 1154 1103 1249; x_wconf 69' lang='lat' dir='ltr'><strong>approbata,</strong></span> <span class='ocrx_word' id='word_1_62' title='bbox 1125 1150 1232 1220; x_wconf 76' lang='lat' dir='ltr'><strong>vel</strong></span> <span class='ocrx_word' id='word_1_63' title='bbox 1248 1148 1474 1219; x_wconf 84' lang='lat' dir='ltr'><strong>saltem</strong></span> <span class='ocrx_word' id='word_1_64' title='bbox 1499 1140 1962 1214; x_wconf 87' lang='lat' dir='ltr'><strong>consuetudine</strong></span> <span class='ocrx_word' id='word_1_65' title='bbox 1977 1136 2227 1207; x_wconf 76' lang='lat' dir='ltr'><strong>indulta</strong></span> <span class='ocrx_word' id='word_1_66' title='bbox 2245 1161 2264 1216; x_wconf 91' lang='lat'>;</span> <span class='ocrx_word' id='word_1_67' title='bbox 2291 1137 2447 1228; x_wconf 88' lang='lat' dir='ltr'><strong>qnia</strong></span> <span class='ocrx_word' id='word_1_68' title='bbox 2469 1136 2605 1203; x_wconf 81' lang='lat' dir='ltr'><strong>sive</strong></span> 
     </span>
     <span class='ocr_line' id='line_1_9' title="bbox 325 1253 2600 1368; baseline -0.012 -22"><span class='ocrx_word' id='word_1_69' title='bbox 325 1297 447 1368; x_wconf 84' lang='lat' dir='ltr'><strong>per</strong></span> <span class='ocrx_word' id='word_1_70' title='bbox 462 1274 793 1345; x_wconf 80' lang='lat' dir='ltr'><strong>ordinarii</strong></span> <span class='ocrx_word' id='word_1_71' title='bbox 814 1268 1365 1365; x_wconf 80' lang='lat' dir='ltr'><strong>approbationem,</strong></span> <span class='ocrx_word' id='word_1_72' title='bbox 1384 1264 1518 1332; x_wconf 79' lang='lat' dir='ltr'><strong>sive</strong></span> <span class='ocrx_word' id='word_1_73' title='bbox 1530 1258 2012 1353; x_wconf 84' lang='lat' dir='ltr'><strong>perlegitimam</strong></span> <span class='ocrx_word' id='word_1_74' title='bbox 2034 1253 2600 1336; x_wconf 82' lang='lat' dir='ltr'><strong>consuetudinem,</strong></span> 
     </span>
     <span class='ocr_line' id='line_1_10' title="bbox 326 1369 2604 1479; baseline -0.012 -18"><span class='ocrx_word' id='word_1_75' title='bbox 326 1390 581 1461; x_wconf 80' lang='lat' dir='ltr'><strong>videtur</strong></span> <span class='ocrx_word' id='word_1_76' title='bbox 618 1388 1009 1479; x_wconf 84' lang='lat' dir='ltr'><strong>acquisitum</strong></span> <span class='ocrx_word' id='word_1_77' title='bbox 1056 1385 1254 1454; x_wconf 81' lang='lat' dir='ltr'><strong>fnisse</strong></span> <span class='ocrx_word' id='word_1_78' title='bbox 1296 1383 1427 1471; x_wconf 85' lang='lat' dir='ltr'><strong>jus,</strong></span> <span class='ocrx_word' id='word_1_79' title='bbox 1475 1386 1618 1447; x_wconf 87' lang='lat' dir='ltr'><strong>tum</strong></span> <span class='ocrx_word' id='word_1_80' title='bbox 1675 1372 2185 1462; x_wconf 76' lang='lat' dir='ltr'><strong>congregationi,</strong></span> <span class='ocrx_word' id='word_1_81' title='bbox 2215 1376 2360 1437; x_wconf 89' lang='lat' dir='ltr'><strong>tum</strong></span> <span class='ocrx_word' id='word_1_82' title='bbox 2407 1369 2604 1437; x_wconf 90' lang='lat' dir='ltr'><strong>etiam</strong></span> 
     </span>
     <span class='ocr_line' id='line_1_11' title="bbox 324 1484 2608 1579; baseline -0.01 -6"><span class='ocrx_word' id='word_1_83' title='bbox 324 1506 620 1576; x_wconf 86' lang='lat' dir='ltr'><strong>locorum</strong></span> <span class='ocrx_word' id='word_1_84' title='bbox 674 1501 1060 1579; x_wconf 86' lang='lat' dir='ltr'><strong>Ordinariis,</strong></span> <span class='ocrx_word' id='word_1_85' title='bbox 1093 1505 1168 1567; x_wconf 91' lang='lat' dir='ltr'><strong>ut</strong></span> <span class='ocrx_word' id='word_1_86' title='bbox 1202 1488 1397 1565; x_wconf 88' lang='lat' dir='ltr'><strong>modo</strong></span> <span class='ocrx_word' id='word_1_87' title='bbox 1442 1492 1658 1561; x_wconf 82' lang='lat' dir='ltr'><strong>moin</strong></span> <span class='ocrx_word' id='word_1_88' title='bbox 1683 1484 2253 1561; x_wconf 74' lang='lat' dir='ltr'><strong>constitutionibus</strong></span> <span class='ocrx_word' id='word_1_89' title='bbox 2283 1484 2608 1551; x_wconf 85' lang='lat' dir='ltr'><strong>determi-</strong></span> 
     </span>
     <span class='ocr_line' id='line_1_12' title="bbox 326 1599 2592 1701; baseline -0.01 -12"><span class='ocrx_word' id='word_1_90' title='bbox 326 1626 477 1689; x_wconf 86' lang='lat' dir='ltr'><strong>nato</strong></span> <span class='ocrx_word' id='word_1_91' title='bbox 520 1617 827 1687; x_wconf 79' lang='lat' dir='ltr'><strong>admissio</strong></span> <span class='ocrx_word' id='word_1_92' title='bbox 876 1617 1007 1685; x_wconf 86' lang='lat' dir='ltr'><strong>fiat.</strong></span> <span class='ocrx_word' id='word_1_93' title='bbox 1062 1612 1249 1683; x_wconf 81' lang='lat' dir='ltr'><strong>Unde</strong></span> <span class='ocrx_word' id='word_1_94' title='bbox 1290 1610 1428 1701; x_wconf 79' lang='lat' dir='ltr'><strong>jam</strong></span> <span class='ocrx_word' id='word_1_95' title='bbox 1477 1628 1600 1677; x_wconf 89' lang='lat' dir='ltr'><strong>nec</strong></span> <span class='ocrx_word' id='word_1_96' title='bbox 1646 1603 2078 1695; x_wconf 79' lang='lat' dir='ltr'><strong>congregatio,</strong></span> <span class='ocrx_word' id='word_1_97' title='bbox 2113 1622 2226 1668; x_wconf 89' lang='lat' dir='ltr'><strong>nec</strong></span> <span class='ocrx_word' id='word_1_98' title='bbox 2255 1599 2592 1667; x_wconf 77' lang='lat' dir='ltr'><strong>ordinarii</strong></span> 
     </span>
     <span class='ocr_line' id='line_1_13' title="bbox 326 1716 2586 1826; baseline -0.009 -24"><span class='ocrx_word' id='word_1_99' title='bbox 326 1738 624 1826; x_wconf 89' lang='lat' dir='ltr'><strong>poterunt</strong></span> <span class='ocrx_word' id='word_1_100' title='bbox 672 1720 823 1801; x_wconf 87' lang='lat' dir='ltr'><strong>&#39;sola</strong></span> <span class='ocrx_word' id='word_1_101' title='bbox 873 1752 997 1799; x_wconf 90' lang='lat' dir='ltr'><strong>sua</strong></span> <span class='ocrx_word' id='word_1_102' title='bbox 1068 1727 1460 1798; x_wconf 85' lang='lat' dir='ltr'><strong>auctoritate·</strong></span> <span class='ocrx_word' id='word_1_103' title='bbox 1487 1725 1554 1793; x_wconf 82' lang='lat' dir='ltr'><strong>id</strong></span> <span class='ocrx_word' id='word_1_104' title='bbox 1621 1724 1995 1803; x_wconf 80' lang='lat' dir='ltr'><strong>immutare,</strong></span> <span class='ocrx_word' id='word_1_105' title='bbox 2051 1716 2156 1785; x_wconf 87' lang='lat' dir='ltr'><strong>sed</strong></span> <span class='ocrx_word' id='word_1_106' title='bbox 2197 1720 2447 1783; x_wconf 88' lang='lat' dir='ltr'><strong>tantum</strong></span> <span class='ocrx_word' id='word_1_107' title='bbox 2507 1737 2586 1783; x_wconf 86' lang='lat' dir='ltr'><strong>ex</strong></span> 
     </span>
     <span class='ocr_line' id='line_1_14' title="bbox 328 1831 2594 1935; baseline -0.008 -17"><span class='ocrx_word' id='word_1_108' title='bbox 328 1854 559 1918; x_wconf 87' lang='lat' dir='ltr'><strong>mutuo</strong></span> <span class='ocrx_word' id='word_1_109' title='bbox 600 1868 941 1917; x_wconf 87' lang='lat' dir='ltr'><strong>consensu.</strong></span> <span class='ocrx_word' id='word_1_110' title='bbox 993 1844 1130 1919; x_wconf 69' lang='lat' dir='ltr'><strong>Pro.</strong></span> <span class='ocrx_word' id='word_1_111' title='bbox 1173 1865 1303 1935; x_wconf 82' lang='lat' dir='ltr'><strong>qua</strong></span> <span class='ocrx_word' id='word_1_112' title='bbox 1337 1847 1552 1911; x_wconf 86' lang='lat' dir='ltr'><strong>tamen</strong></span> <span class='ocrx_word' id='word_1_113' title='bbox 1597 1837 1974 1918; x_wconf 83' lang='lat' dir='ltr'><strong>mutatione,</strong></span> <span class='ocrx_word' id='word_1_114' title='bbox 2003 1832 2285 1924; x_wconf 88' lang='lat' dir='ltr'><strong>prudens</strong></span> <span class='ocrx_word' id='word_1_115' title='bbox 2327 1831 2490 1899; x_wconf 75' lang='lat' dir='ltr'><strong>toret</strong></span> <span class='ocrx_word' id='word_1_116' title='bbox 2512 1832 2594 1899; x_wconf 90' lang='lat' dir='ltr'><strong>ad</strong></span> 
     </span>
    </p>
   </div>
   <div class='ocr_carea' id='block_1_3' title="bbox 208 1946 2606 2054">
    <p class='ocr_par' dir='ltr' id='par_1_3' title="bbox 208 1946 2606 2054">
     <span class='ocr_line' id='line_1_15' title="bbox 208 1946 2606 2054; baseline -0.009 -18"><span class='ocrx_word' id='word_1_117' title='bbox 208 1988 217 2003; x_wconf 87' lang='lat'><strong>·</strong></span> <span class='ocrx_word' id='word_1_118' title='bbox 330 1964 547 2034; x_wconf 86' lang='lat' dir='ltr'><strong>sedem</strong></span> <span class='ocrx_word' id='word_1_119' title='bbox 603 1961 1045 2054; x_wconf 78' lang='lat' dir='ltr'><strong>Apostolicam</strong></span> <span class='ocrx_word' id='word_1_120' title='bbox 1102 1976 1463 2043; x_wconf 86' lang='lat' dir='ltr'><strong>recurrere,</strong></span> <span class='ocrx_word' id='word_1_121' title='bbox 1519 1956 1600 2025; x_wconf 90' lang='lat' dir='ltr'><strong>ad</strong></span> <span class='ocrx_word' id='word_1_122' title='bbox 1644 1952 1962 2038; x_wconf 73' lang='lat' dir='ltr'><strong>evitanda,</strong></span> <span class='ocrx_word' id='word_1_123' title='bbox 2012 1970 2158 2039; x_wconf 76' lang='lat' dir='ltr'><strong>quae</strong></span> <span class='ocrx_word' id='word_1_124' title='bbox 2205 1946 2364 2017; x_wconf 84' lang='lat' dir='ltr'><strong>alias</strong></span> <span class='ocrx_word' id='word_1_125' title='bbox 2419 1948 2606 2037; x_wconf 84' lang='lat' dir='ltr'><strong>sequi</strong></span> 
     </span>
    </p>
   </div>
   <div class='ocr_carea' id='block_1_4' title="bbox 336 2070 2618 2512">
    <p class='ocr_par' dir='ltr' id='par_1_4' title="bbox 336 2070 2618 2512">
     <span class='ocr_line' id='line_1_16' title="bbox 338 2070 2608 2169; baseline -0.007 -22"><span class='ocrx_word' id='word_1_126' title='bbox 338 2079 523 2149; x_wconf 79' lang='lat' dir='ltr'><strong>facile</strong></span> <span class='ocrx_word' id='word_1_127' title='bbox 570 2084 849 2169; x_wconf 85' lang='lat' dir='ltr'><strong>possent,</strong></span> <span class='ocrx_word' id='word_1_128' title='bbox 882 2074 1425 2147; x_wconf 82' lang='lat' dir='ltr'><strong>inconvenientia.</strong></span> <span class='ocrx_word' id='word_1_129' title='bbox 1487 2074 1554 2143; x_wconf 78' lang='lat'><strong>3⁰</strong></span> <span class='ocrx_word' id='word_1_130' title='bbox 1603 2070 1895 2140; x_wconf 85' lang='lat' dir='ltr'><strong>Tandem</strong></span> <span class='ocrx_word' id='word_1_131' title='bbox 1947 2072 2002 2139; x_wconf 86' lang='lat' dir='ltr'><strong>si</strong></span> <span class='ocrx_word' id='word_1_132' title='bbox 2049 2088 2264 2155; x_wconf 86' lang='lat' dir='ltr'><strong>neque</strong></span> <span class='ocrx_word' id='word_1_133' title='bbox 2299 2088 2416 2158; x_wconf 88' lang='lat' dir='ltr'><strong>per</strong></span> <span class='ocrx_word' id='word_1_134' title='bbox 2441 2084 2608 2131; x_wconf 88' lang='lat' dir='ltr'><strong>con-</strong></span> 
     </span>
     <span class='ocr_line' id='line_1_17' title="bbox 338 2180 2610 2282; baseline -0.006 -22"><span class='ocrx_word' id='word_1_135' title='bbox 338 2194 731 2282; x_wconf 77' lang='lat' dir='ltr'><strong>gregationis</strong></span> <span class='ocrx_word' id='word_1_136' title='bbox 773 2192 1291 2276; x_wconf 84' lang='lat' dir='ltr'><strong>constitutiones,</strong></span> <span class='ocrx_word' id='word_1_137' title='bbox 1323 2212 1532 2280; x_wconf 91' lang='lat' dir='ltr'><strong>neque</strong></span> <span class='ocrx_word' id='word_1_138' title='bbox 1576 2212 1690 2281; x_wconf 89' lang='lat' dir='ltr'><strong>per</strong></span> <span class='ocrx_word' id='word_1_139' title='bbox 1728 2184 2264 2257; x_wconf 87' lang='lat' dir='ltr'><strong>consuetudinem</strong></span> <span class='ocrx_word' id='word_1_140' title='bbox 2299 2182 2445 2251; x_wconf 89' lang='lat' dir='ltr'><strong>satis</strong></span> <span class='ocrx_word' id='word_1_141' title='bbox 2483 2180 2610 2247; x_wconf 87' lang='lat' dir='ltr'><strong>de·-</strong></span> 
     </span>
     <span class='ocr_line' id='line_1_18' title="bbox 336 2299 2618 2399; baseline -0.004 -24"><span class='ocrx_word' id='word_1_142' title='bbox 336 2308 752 2377; x_wconf 87' lang='lat' dir='ltr'><strong>terminatum</strong></span> <span class='ocrx_word' id='word_1_143' title='bbox 801 2307 1157 2399; x_wconf 83' lang='lat' dir='ltr'><strong>reperiatur</strong></span> <span class='ocrx_word' id='word_1_144' title='bbox 1203 2305 1283 2374; x_wconf 88' lang='lat' dir='ltr'><strong>ad</strong></span> <span class='ocrx_word' id='word_1_145' title='bbox 1336 2328 1535 2397; x_wconf 89' lang='lat' dir='ltr'><strong>quem</strong></span> <span class='ocrx_word' id='word_1_146' title='bbox 1585 2308 1900 2399; x_wconf 87' lang='lat' dir='ltr'><strong>pertineat</strong></span> <span class='ocrx_word' id='word_1_147' title='bbox 1947 2302 2220 2373; x_wconf 81' lang='lat' dir='ltr'><strong>novitios</strong></span> <span class='ocrx_word' id='word_1_148' title='bbox 2267 2322 2382 2371; x_wconf 89' lang='lat' dir='ltr'><strong>seu</strong></span> <span class='ocrx_word' id='word_1_149' title='bbox 2427 2299 2618 2368; x_wconf 80' lang='lat' dir='ltr'><strong>novi-</strong></span> 
     </span>
     <span class='ocr_line' id='line_1_19' title="bbox 336 2416 2615 2512; baseline -0.004 -21"><span class='ocrx_word' id='word_1_150' title='bbox 336 2425 451 2491; x_wconf 88' lang='lat' dir='ltr'><strong>tias</strong></span> <span class='ocrx_word' id='word_1_151' title='bbox 538 2422 617 2490; x_wconf 88' lang='lat' dir='ltr'><strong>ad</strong></span> <span class='ocrx_word' id='word_1_152' title='bbox 714 2420 1181 2512; x_wconf 79' lang='lat' dir='ltr'><strong>professionem</strong></span> <span class='ocrx_word' id='word_1_153' title='bbox 1280 2420 1614 2490; x_wconf 83' lang='lat' dir='ltr'><strong>admittere</strong></span> <span class='ocrx_word' id='word_1_154' title='bbox 1655 2476 1676 2507; x_wconf 93' lang='lat'><strong>,</strong></span> <span class='ocrx_word' id='word_1_155' title='bbox 1768 2422 2026 2492; x_wconf 82' lang='lat' dir='ltr'><strong>videtur</strong></span> <span class='ocrx_word' id='word_1_156' title='bbox 2124 2416 2615 2507; x_wconf 81' lang='lat' dir='ltr'><strong>congregationi</strong></span> 
     </span>
    </p>
   </div>
   <div class='ocr_carea' id='block_1_5' title="bbox 337 2534 2740 2627">
    <p class='ocr_par' dir='ltr' id='par_1_5' title="bbox 337 2534 2740 2627">
     <span class='ocr_line' id='line_1_20' title="bbox 337 2534 2740 2627; baseline -0.003 -23"><span class='ocrx_word' id='word_1_157' title='bbox 337 2535 797 2627; x_wconf 88' lang='lat' dir='ltr'><strong>applicandum</strong></span> <span class='ocrx_word' id='word_1_158' title='bbox 860 2534 1073 2625; x_wconf 88' lang='lat' dir='ltr'><strong>quoad</strong></span> <span class='ocrx_word' id='word_1_159' title='bbox 1134 2534 1261 2603; x_wconf 91' lang='lat' dir='ltr'><strong>hoc</strong></span> <span class='ocrx_word' id='word_1_160' title='bbox 1308 2538 1420 2625; x_wconf 86' lang='lat' dir='ltr'><strong>jus</strong></span> <span class='ocrx_word' id='word_1_161' title='bbox 1473 2556 1822 2609; x_wconf 88' lang='lat' dir='ltr'><strong>commune</strong></span> <span class='ocrx_word' id='word_1_162' title='bbox 1879 2534 2428 2606; x_wconf 86' lang='lat' dir='ltr'><strong>monasteriorum</strong></span> <span class='ocrx_word' id='word_1_163' title='bbox 2477 2552 2609 2600; x_wconf 88' lang='lat' dir='ltr'><strong>non</strong></span> <span class='ocrx_word' id='word_1_164' title='bbox 2733 2550 2740 2555; x_wconf 85' lang='lat'><strong>·</strong></span> 
     </span>
    </p>
   </div>
   <div class='ocr_carea' id='block_1_6' title="bbox 337 2655 2620 4487">
    <p class='ocr_par' dir='ltr' id='par_1_6' title="bbox 338 2655 2620 3534">
     <span class='ocr_line' id='line_1_21' title="bbox 338 2655 2616 2750; baseline -0.002 -25"><span class='ocrx_word' id='word_1_165' title='bbox 338 2662 809 2747; x_wconf 85' lang='lat' dir='ltr'><strong>exemptorum,</strong></span> <span class='ocrx_word' id='word_1_166' title='bbox 833 2656 913 2726; x_wconf 88' lang='lat' dir='ltr'><strong>de</strong></span> <span class='ocrx_word' id='word_1_167' title='bbox 936 2655 1179 2747; x_wconf 86' lang='lat' dir='ltr'><strong>quibus</strong></span> <span class='ocrx_word' id='word_1_168' title='bbox 1210 2660 1642 2750; x_wconf 87' lang='lat' dir='ltr'><strong>propositione</strong></span> <span class='ocrx_word' id='word_1_169' title='bbox 1680 2660 1722 2729; x_wconf 81' lang='lat'>2</span> <span class='ocrx_word' id='word_1_170' title='bbox 1743 2661 2055 2750; x_wconf 82' lang='lat' dir='ltr'><strong>diximus3</strong></span> <span class='ocrx_word' id='word_1_171' title='bbox 2081 2658 2237 2750; x_wconf 89' lang='lat' dir='ltr'><strong>quia</strong></span> <span class='ocrx_word' id='word_1_172' title='bbox 2269 2663 2432 2724; x_wconf 89' lang='lat' dir='ltr'><strong>tunc</strong></span> <span class='ocrx_word' id='word_1_173' title='bbox 2461 2674 2616 2722; x_wconf 86' lang='lat' dir='ltr'><strong>con-</strong></span> 
     </span>
     <span class='ocr_line' id='line_1_22' title="bbox 340 2772 2616 2870; baseline -0.002 -29"><span class='ocrx_word' id='word_1_174' title='bbox 340 2774 625 2865; x_wconf 83' lang='lat' dir='ltr'><strong>gregatio</strong></span> <span class='ocrx_word' id='word_1_175' title='bbox 665 2774 805 2843; x_wconf 87' lang='lat' dir='ltr'><strong>haec</strong></span> <span class='ocrx_word' id='word_1_176' title='bbox 851 2774 1083 2843; x_wconf 89' lang='lat' dir='ltr'><strong>merito</strong></span> <span class='ocrx_word' id='word_1_177' title='bbox 1129 2776 1548 2865; x_wconf 85' lang='lat' dir='ltr'><strong>praesumitnr</strong></span> <span class='ocrx_word' id='word_1_178' title='bbox 1575 2784 1783 2847; x_wconf 89' lang='lat' dir='ltr'><strong>erecta</strong></span> <span class='ocrx_word' id='word_1_179' title='bbox 1824 2783 1886 2846; x_wconf 90' lang='lat' dir='ltr'><strong>et</strong></span> <span class='ocrx_word' id='word_1_180' title='bbox 1911 2775 2262 2870; x_wconf 84' lang='lat' dir='ltr'><strong>approbata</strong></span> <span class='ocrx_word' id='word_1_181' title='bbox 2287 2775 2476 2865; x_wconf 84' lang='lat' dir='ltr'><strong>juxta</strong></span> <span class='ocrx_word' id='word_1_182' title='bbox 2502 2772 2616 2861; x_wconf 82' lang='lat' dir='ltr'><strong>jus</strong></span> 
     </span>
     <span class='ocr_line' id='line_1_23' title="bbox 338 2888 2620 2981; baseline -0.002 -24"><span class='ocrx_word' id='word_1_183' title='bbox 338 2888 500 2958; x_wconf 85' lang='lat' dir='ltr'><strong>illud</strong></span> <span class='ocrx_word' id='word_1_184' title='bbox 539 2909 913 2975; x_wconf 88' lang='lat' dir='ltr'><strong>commune,</strong></span> <span class='ocrx_word' id='word_1_185' title='bbox 958 2890 1173 2981; x_wconf 88' lang='lat' dir='ltr'><strong>potius</strong></span> <span class='ocrx_word' id='word_1_186' title='bbox 1200 2910 1397 2980; x_wconf 89' lang='lat' dir='ltr'><strong>quam</strong></span> <span class='ocrx_word' id='word_1_187' title='bbox 1437 2891 1642 2961; x_wconf 85' lang='lat' dir='ltr'><strong>aliter.</strong></span> <span class='ocrx_word' id='word_1_188' title='bbox 1691 2892 1814 2961; x_wconf 89' lang='lat' dir='ltr'><strong>Sed</strong></span> <span class='ocrx_word' id='word_1_189' title='bbox 1852 2914 2036 2962; x_wconf 88' lang='lat' dir='ltr'><strong>casus</strong></span> <span class='ocrx_word' id='word_1_190' title='bbox 2065 2892 2170 2959; x_wconf 89' lang='lat' dir='ltr'><strong>hic</strong></span> <span class='ocrx_word' id='word_1_191' title='bbox 2207 2889 2342 2957; x_wconf 74' lang='lat' dir='ltr'><strong>fere</strong></span> <span class='ocrx_word' id='word_1_192' title='bbox 2367 2888 2620 2956; x_wconf 88' lang='lat' dir='ltr'><strong>chime-</strong></span> 
     </span>
     <span class='ocr_line' id='line_1_24' title="bbox 339 2996 2616 3098; baseline -0.002 -25"><span class='ocrx_word' id='word_1_193' title='bbox 339 3005 516 3073; x_wconf 88' lang='lat' dir='ltr'><strong>ricus</strong></span> <span class='ocrx_word' id='word_1_194' title='bbox 546 3010 687 3072; x_wconf 82' lang='lat' dir='ltr'><strong>est:</strong></span> <span class='ocrx_word' id='word_1_195' title='bbox 748 3024 901 3072; x_wconf 89' lang='lat' dir='ltr'><strong>nam</strong></span> <span class='ocrx_word' id='word_1_196' title='bbox 942 3004 1048 3073; x_wconf 81' lang='lat' dir='ltr'><strong>vix</strong></span> <span class='ocrx_word' id='word_1_197' title='bbox 1079 3004 1213 3073; x_wconf 86' lang='lat' dir='ltr'><strong>ulla</strong></span> <span class='ocrx_word' id='word_1_198' title='bbox 1258 3026 1554 3096; x_wconf 88' lang='lat' dir='ltr'><strong>unquam</strong></span> <span class='ocrx_word' id='word_1_199' title='bbox 1581 2996 1934 3098; x_wconf 84' lang='lat' dir='ltr'><strong>reperietur</strong></span> <span class='ocrx_word' id='word_1_200' title='bbox 1975 3006 2268 3075; x_wconf 77' lang='lat' dir='ltr'><strong>virorum</strong></span> <span class='ocrx_word' id='word_1_201' title='bbox 2313 3008 2424 3075; x_wconf 83' lang='lat' dir='ltr'><strong>ant</strong></span> <span class='ocrx_word' id='word_1_202' title='bbox 2459 3022 2616 3071; x_wconf 89' lang='lat' dir='ltr'><strong>mo·-</strong></span> 
     </span>
     <span class='ocr_line' id='line_1_25' title="bbox 342 3118 2616 3215; baseline -0.001 -28"><span class='ocrx_word' id='word_1_203' title='bbox 342 3118 617 3189; x_wconf 88' lang='lat' dir='ltr'><strong>nialium</strong></span> <span class='ocrx_word' id='word_1_204' title='bbox 672 3120 1102 3213; x_wconf 83' lang='lat' dir='ltr'><strong>congregatio,</strong></span> <span class='ocrx_word' id='word_1_205' title='bbox 1150 3121 1268 3189; x_wconf 85' lang='lat' dir='ltr'><strong>etsi</strong></span> <span class='ocrx_word' id='word_1_206' title='bbox 1318 3121 1644 3215; x_wconf 88' lang='lat' dir='ltr'><strong>simplicia</strong></span> <span class='ocrx_word' id='word_1_207' title='bbox 1689 3126 1997 3193; x_wconf 84' lang='lat' dir='ltr'><strong>duntaxat</strong></span> <span class='ocrx_word' id='word_1_208' title='bbox 2034 3128 2180 3193; x_wconf 77' lang='lat' dir='ltr'><strong>vota</strong></span> <span class='ocrx_word' id='word_1_209' title='bbox 2222 3121 2492 3203; x_wconf 76' lang='lat' dir='ltr'><strong>babenS,</strong></span> <span class='ocrx_word' id='word_1_210' title='bbox 2543 3120 2616 3186; x_wconf 87' lang='lat' dir='ltr'><strong>in</strong></span> 
     </span>
     <span class='ocr_line' id='line_1_26' title="bbox 340 3235 2608 3329; baseline -0.002 -26"><span class='ocrx_word' id='word_1_211' title='bbox 340 3256 470 3323; x_wconf 89' lang='lat' dir='ltr'><strong>qua</strong></span> <span class='ocrx_word' id='word_1_212' title='bbox 522 3256 657 3303; x_wconf 90' lang='lat' dir='ltr'><strong>non</strong></span> <span class='ocrx_word' id='word_1_213' title='bbox 709 3237 1201 3322; x_wconf 86' lang='lat' dir='ltr'><strong>determinetur,</strong></span> <span class='ocrx_word' id='word_1_214' title='bbox 1230 3236 1360 3305; x_wconf 76' lang='lat' dir='ltr'><strong>sive</strong></span> <span class='ocrx_word' id='word_1_215' title='bbox 1414 3258 1492 3308; x_wconf 84' lang='lat' dir='ltr'><strong>ex</strong></span> <span class='ocrx_word' id='word_1_216' title='bbox 1540 3240 1796 3329; x_wconf 88' lang='lat' dir='ltr'><strong>propria</strong></span> <span class='ocrx_word' id='word_1_217' title='bbox 1839 3238 2089 3328; x_wconf 82' lang='lat' dir='ltr'><strong>regula,</strong></span> <span class='ocrx_word' id='word_1_218' title='bbox 2121 3239 2256 3307; x_wconf 84' lang='lat' dir='ltr'><strong>sive</strong></span> <span class='ocrx_word' id='word_1_219' title='bbox 2275 3235 2494 3304; x_wconf 88' lang='lat' dir='ltr'><strong>saltem</strong></span> <span class='ocrx_word' id='word_1_220' title='bbox 2525 3252 2608 3299; x_wconf 81' lang='lat' dir='ltr'><strong>ex</strong></span> 
     </span>
     <span class='ocr_line' id='line_1_27' title="bbox 342 3348 2614 3444; baseline -0 -26"><span class='ocrx_word' id='word_1_221' title='bbox 342 3348 835 3431; x_wconf 88' lang='lat' dir='ltr'><strong>consuetudine,</strong></span> <span class='ocrx_word' id='word_1_222' title='bbox 912 3350 992 3421; x_wconf 91' lang='lat' dir='ltr'><strong>ad</strong></span> <span class='ocrx_word' id='word_1_223' title='bbox 1062 3373 1261 3442; x_wconf 87' lang='lat' dir='ltr'><strong>quem</strong></span> <span class='ocrx_word' id='word_1_224' title='bbox 1318 3354 1636 3444; x_wconf 87' lang='lat' dir='ltr'><strong>pertineat</strong></span> <span class='ocrx_word' id='word_1_225' title='bbox 1685 3353 1766 3424; x_wconf 90' lang='lat' dir='ltr'><strong>ad</strong></span> <span class='ocrx_word' id='word_1_226' title='bbox 1808 3355 2191 3425; x_wconf 78' lang='lat' dir='ltr'><strong>novitiatum</strong></span> <span class='ocrx_word' id='word_1_227' title='bbox 2235 3358 2300 3420; x_wconf 87' lang='lat' dir='ltr'><strong>et</strong></span> <span class='ocrx_word' id='word_1_228' title='bbox 2335 3350 2416 3420; x_wconf 88' lang='lat' dir='ltr'><strong>ad</strong></span> <span class='ocrx_word' id='word_1_229' title='bbox 2461 3356 2614 3417; x_wconf 74' lang='lat' dir='ltr'><strong>vota</strong></span> 
     </span>
     <span class='ocr_line' id='line_1_28' title="bbox 340 3465 705 3534; baseline -0.005 0"><span class='ocrx_word' id='word_1_230' title='bbox 340 3465 705 3534; x_wconf 86' lang='lat' dir='ltr'><strong>admittere.</strong></span> 
     </span>
    </p>

    <p class='ocr_par' dir='ltr' id='par_1_7' title="bbox 337 3580 2614 4363">
     <span class='ocr_line' id='line_1_29' title="bbox 388 3580 2614 3703; baseline -0.002 -52"><span class='ocrx_word' id='word_1_231' title='bbox 388 3690 395 3703; x_wconf 92' lang='lat'>.</span> <span class='ocrx_word' id='word_1_232' title='bbox 428 3580 610 3651; x_wconf 84' lang='lat' dir='ltr'><strong>Nota</strong></span> <span class='ocrx_word' id='word_1_233' title='bbox 638 3582 726 3649; x_wconf 76' lang='lat'><strong>1⁰.</strong></span> <span class='ocrx_word' id='word_1_234' title='bbox 759 3620 851 3635; x_wconf 92' lang='lat'><em>-</em></span> <span class='ocrx_word' id='word_1_235' title='bbox 898 3580 1083 3651; x_wconf 89' lang='lat' dir='ltr'><strong>Dicta</strong></span> <span class='ocrx_word' id='word_1_236' title='bbox 1130 3582 1239 3652; x_wconf 88' lang='lat' dir='ltr'><strong>bic</strong></span> <span class='ocrx_word' id='word_1_237' title='bbox 1272 3583 1371 3687; x_wconf 45' lang='grc' dir='ltr'><strong>χ(Ιθ</strong></span> <span class='ocrx_word' id='word_1_238' title='bbox 1424 3584 2053 3675; x_wconf 81' lang='lat' dir='ltr'><strong>congregationibus,</strong></span> <span class='ocrx_word' id='word_1_239' title='bbox 2087 3583 2416 3675; x_wconf 86' lang='lat' dir='ltr'><strong>simplicia</strong></span> <span class='ocrx_word' id='word_1_240' title='bbox 2451 3581 2614 3649; x_wconf 89' lang='lat' dir='ltr'><strong>dun-</strong></span> 
     </span>
     <span class='ocr_line' id='line_1_30' title="bbox 340 3686 2610 3791; baseline -0.002 -26"><span class='ocrx_word' id='word_1_241' title='bbox 340 3699 509 3765; x_wconf 82' lang='lat' dir='ltr'><strong>taxat</strong></span> <span class='ocrx_word' id='word_1_242' title='bbox 534 3704 677 3764; x_wconf 83' lang='lat' dir='ltr'><strong>vota</strong></span> <span class='ocrx_word' id='word_1_243' title='bbox 702 3695 1115 3788; x_wconf 87' lang='lat' dir='ltr'><strong>habentibus,</strong></span> <span class='ocrx_word' id='word_1_244' title='bbox 1145 3698 1452 3768; x_wconf 80' lang='lat' dir='ltr'><strong>videntur</strong></span> <span class='ocrx_word' id='word_1_245' title='bbox 1478 3686 1842 3791; x_wconf 59' lang='lat' dir='ltr'><strong>procedere}</strong></span> <span class='ocrx_word' id='word_1_246' title='bbox 1875 3698 2126 3768; x_wconf 89' lang='lat' dir='ltr'><strong>etiamsi</strong></span> <span class='ocrx_word' id='word_1_247' title='bbox 2147 3704 2292 3767; x_wconf 82' lang='lat' dir='ltr'><strong>vota</strong></span> <span class='ocrx_word' id='word_1_248' title='bbox 2313 3698 2459 3767; x_wconf 81' lang='lat' dir='ltr'><strong>haec</strong></span> <span class='ocrx_word' id='word_1_249' title='bbox 2487 3714 2610 3763; x_wconf 89' lang='lat' dir='ltr'><strong>non</strong></span> 
     </span>
     <span class='ocr_line' id='line_1_31' title="bbox 342 3810 2614 3906; baseline -0.002 -26"><span class='ocrx_word' id='word_1_250' title='bbox 342 3812 477 3880; x_wconf 86' lang='lat' dir='ltr'><strong>sint</strong></span> <span class='ocrx_word' id='word_1_251' title='bbox 520 3812 850 3904; x_wconf 80' lang='lat' dir='ltr'><strong>perpetua.</strong></span> <span class='ocrx_word' id='word_1_252' title='bbox 906 3812 1047 3882; x_wconf 89' lang='lat' dir='ltr'><strong>lmo</strong></span> <span class='ocrx_word' id='word_1_253' title='bbox 1095 3814 1479 3906; x_wconf 88' lang='lat' dir='ltr'><strong>applicanda</strong></span> <span class='ocrx_word' id='word_1_254' title='bbox 1520 3815 1824 3885; x_wconf 78' lang='lat' dir='ltr'><strong>videntur</strong></span> <span class='ocrx_word' id='word_1_255' title='bbox 1872 3820 1938 3885; x_wconf 90' lang='lat' dir='ltr'><strong>et</strong></span> <span class='ocrx_word' id='word_1_256' title='bbox 1979 3816 2061 3884; x_wconf 90' lang='lat' dir='ltr'><strong>iis</strong></span> <span class='ocrx_word' id='word_1_257' title='bbox 2106 3810 2614 3903; x_wconf 83' lang='lat' dir='ltr'><strong>congregationi·</strong></span> 
     </span>
     <span class='ocr_line' id='line_1_32' title="bbox 337 3927 2612 4023; baseline -0.002 -26"><span class='ocrx_word' id='word_1_258' title='bbox 337 3927 461 3997; x_wconf 90' lang='lat' dir='ltr'><strong>bus</strong></span> <span class='ocrx_word' id='word_1_259' title='bbox 514 3949 658 4019; x_wconf 83' lang='lat' dir='ltr'><strong>quae</strong></span> <span class='ocrx_word' id='word_1_260' title='bbox 695 3930 855 3998; x_wconf 83' lang='lat' dir='ltr'><strong>votis</strong></span> <span class='ocrx_word' id='word_1_261' title='bbox 902 3939 1146 4018; x_wconf 86' lang='lat' dir='ltr'><strong>carent,</strong></span> <span class='ocrx_word' id='word_1_262' title='bbox 1186 3938 1250 3999; x_wconf 91' lang='lat' dir='ltr'><strong>et</strong></span> <span class='ocrx_word' id='word_1_263' title='bbox 1282 3930 1664 4023; x_wconf 83' lang='lat' dir='ltr'><strong>religiosum</strong></span> <span class='ocrx_word' id='word_1_264' title='bbox 1715 3936 1954 4001; x_wconf 89' lang='lat' dir='ltr'><strong>statum</strong></span> <span class='ocrx_word' id='word_1_265' title='bbox 2009 3930 2320 4000; x_wconf 84' lang='lat' dir='ltr'><strong>duntaxat</strong></span> <span class='ocrx_word' id='word_1_266' title='bbox 2369 3928 2612 3997; x_wconf 86' lang='lat' dir='ltr'><strong>imitan-</strong></span> 
     </span>
     <span class='ocr_line' id='line_1_33' title="bbox 341 4037 2604 4140; baseline -0.001 -28"><span class='ocrx_word' id='word_1_267' title='bbox 341 4049 473 4112; x_wconf 87' lang='lat' dir='ltr'><strong>tur.</strong></span> <span class='ocrx_word' id='word_1_268' title='bbox 538 4046 638 4113; x_wconf 78' lang='lat' dir='ltr'><strong>An</strong></span> <span class='ocrx_word' id='word_1_269' title='bbox 692 4066 929 4137; x_wconf 90' lang='lat' dir='ltr'><strong>nempe</strong></span> <span class='ocrx_word' id='word_1_270' title='bbox 994 4046 1075 4114; x_wconf 88' lang='lat' dir='ltr'><strong>ad</strong></span> <span class='ocrx_word' id='word_1_271' title='bbox 1122 4044 1520 4140; x_wconf 89' lang='lat' dir='ltr'><strong>Episcopum</strong></span> <span class='ocrx_word' id='word_1_272' title='bbox 1577 4054 1816 4140; x_wconf 87' lang='lat' dir='ltr'><strong>spectet</strong></span> <span class='ocrx_word' id='word_1_273' title='bbox 1866 4068 2031 4116; x_wconf 82' lang='lat' dir='ltr'><strong>nova</strong></span> <span class='ocrx_word' id='word_1_274' title='bbox 2085 4045 2382 4115; x_wconf 90' lang='lat' dir='ltr'><strong>membra</strong></span> <span class='ocrx_word' id='word_1_275' title='bbox 2421 4046 2486 4110; x_wconf 86' lang='lat' dir='ltr'><strong>in</strong></span> <span class='ocrx_word' id='word_1_276' title='bbox 2523 4037 2604 4105; x_wconf 88' lang='lat' dir='ltr'><strong>iis</strong></span> 
     </span>
     <span class='ocr_line' id='line_1_34' title="bbox 343 4153 2606 4254; baseline -0.004 -26"><span class='ocrx_word' id='word_1_277' title='bbox 343 4158 705 4247; x_wconf 88' lang='lat' dir='ltr'><strong>admittere,</strong></span> <span class='ocrx_word' id='word_1_278' title='bbox 757 4161 1321 4232; x_wconf 89' lang='lat' dir='ltr'><strong>determinandum</strong></span> <span class='ocrx_word' id='word_1_279' title='bbox 1362 4162 1615 4233; x_wconf 82' lang='lat' dir='ltr'><strong>videtur</strong></span> <span class='ocrx_word' id='word_1_280' title='bbox 1668 4186 1744 4233; x_wconf 89' lang='lat' dir='ltr'><strong>ex</strong></span> <span class='ocrx_word' id='word_1_281' title='bbox 1789 4162 1985 4233; x_wconf 89' lang='lat' dir='ltr'><strong>modo</strong></span> <span class='ocrx_word' id='word_1_282' title='bbox 2031 4162 2333 4254; x_wconf 85' lang='lat' dir='ltr'><strong>expositis</strong></span> <span class='ocrx_word' id='word_1_283' title='bbox 2379 4153 2606 4251; x_wconf 88' lang='lat' dir='ltr'><strong>princi·</strong></span> 
     </span>
     <span class='ocr_line' id='line_1_35' title="bbox 348 4273 1460 4363; baseline 0.006 -21"><span class='ocrx_word' id='word_1_284' title='bbox 348 4273 474 4363; x_wconf 89' lang='lat' dir='ltr'><strong>piis</strong></span> <span class='ocrx_word' id='word_1_285' title='bbox 502 4277 677 4345; x_wconf 90' lang='lat' dir='ltr'><strong>circa</strong></span> <span class='ocrx_word' id='word_1_286' title='bbox 703 4278 1163 4349; x_wconf 87' lang='lat' dir='ltr'><strong>admissionem</strong></span> <span class='ocrx_word' id='word_1_287' title='bbox 1190 4276 1272 4346; x_wconf 90' lang='lat' dir='ltr'><strong>ad</strong></span> <span class='ocrx_word' id='word_1_288' title='bbox 1293 4284 1460 4349; x_wconf 84' lang='lat' dir='ltr'><strong>vota.</strong></span> 
     </span>
    </p>

    <p class='ocr_par' dir='ltr' id='par_1_8' title="bbox 428 4387 2610 4487">
     <span class='ocr_line' id='line_1_36' title="bbox 428 4387 2610 4487; baseline 0.002 -31"><span class='ocrx_word' id='word_1_289' title='bbox 428 4390 609 4456; x_wconf 83' lang='lat' dir='ltr'><strong>Nota</strong></span> <span class='ocrx_word' id='word_1_290' title='bbox 660 4390 756 4456; x_wconf 80' lang='lat'><strong>2⁰.</strong></span> <span class='ocrx_word' id='word_1_291' title='bbox 806 4428 896 4444; x_wconf 88' lang='lat'>—</span> <span class='ocrx_word' id='word_1_292' title='bbox 937 4392 1035 4460; x_wconf 86' lang='lat' dir='ltr'><strong>Ad</strong></span> <span class='ocrx_word' id='word_1_293' title='bbox 1083 4394 1603 4483; x_wconf 87' lang='lat' dir='ltr'><strong>dignoscendum</strong></span> <span class='ocrx_word' id='word_1_294' title='bbox 1657 4395 1915 4485; x_wconf 85' lang='lat' dir='ltr'><strong>qualem</strong></span> <span class='ocrx_word' id='word_1_295' title='bbox 1953 4397 2327 4487; x_wconf 85' lang='lat' dir='ltr'><strong>potestatem</strong></span> <span class='ocrx_word' id='word_1_296' title='bbox 2375 4387 2610 4461; x_wconf 78' lang='lat' dir='ltr'><strong>habeat</strong></span> 
     </span>
    </p>
   </div>
  </div>
 </body>
</html>
