2834 4959
62 4567 65 4620 Ι

62 4639 65 4704 ἰ

1095 356 1252 404 PARS
1297 358 1515 406 PRIMA.
2328 353 2443 408 169

204 505 236 545 α
259 457 577 567 sumpsere
595 476 1046 568 principium3
1085 497 1366 566 quorum
1385 473 1561 544 Elias
1581 475 1731 565 plus
1748 473 1939 546 nobis
1968 475 2225 544 videtur
2254 475 2451 550 fuisse

203 619 232 658 c<
255 613 438 685 quam
473 590 880 675 monachus3
923 598 986 660 et
1030 590 1314 660 Joannes
1359 596 1507 660 ante
1534 590 1919 683 prophetare
1950 592 2221 683 coepisse
2252 573 2451 683 quam

199 717 426 778 «natus
465 710 578 777 sit.
625 707 762 777 Alii
789 713 1008 775 autem
1049 705 1142 798 (in
1175 729 1377 797 quam
1407 706 1788 798 opinionem
1808 707 2045 798 vulgus
2080 729 2277 778 omne
2302 729 2456 778 oon-

199 824 446 916 ascum)
485 828 785 892 asserunt
830 822 1198 892 Antonium
1237 819 1437 912 hujus
1486 823 1793 911 propositi
1840 833 2079 914 caput3
2156 826 2331 915 quod
2382 845 2457 892 ex

201 967 238 1004 a
261 946 432 1030 parte
453 961 690 1008 verum
737 945 856 1008 est.
889 937 1040 1007 Non
1065 937 1246 1007 enim
1289 945 1427 1007 tam
1462 939 1599 1031 ipse
1642 945 1793 1010 ante
1826 959 2053 1010 omnes
2088 938 2211 1009 fuit
2258 961 2456 1030 quam

205 1081 243 1120 ι(
269 1054 350 1122 ab
391 1076 462 1126 eo
489 1055 791 1124 omnium
835 1054 1096 1124 incitata
1136 1060 1286 1124 sunt
1327 1056 1563 1126 studia.
1595 1056 1911 1126 Amatbas
1953 1075 2105 1126 vero
2140 1063 2203 1124 et
2242 1055 2457 1126 Maca-

210 1195 246 1236 «
267 1155 415 1252 rius,
452 1169 754 1261 discipuli
811 1172 1108 1250 Antonii,
1161 1193 1198 1240 e
1242 1170 1485 1262 quibus
1538 1171 1833 1263 superior
1874 1172 2170 1262 magistri
2222 1193 2459 1264 corpus

212 1309 247 1349 (ι
277 1284 562 1374 sepelivit,
595 1287 796 1356 etiam
830 1305 1010 1355 nunc
1037 1285 1370 1354 affirmant
1393 1285 1677 1356 Paulum
1712 1285 2067 1377 quemdam
2098 1283 2455 1356 Thebaeum

211 1421 247 1462 «
273 1397 614 1490 principem
649 1397 838 1468 istius
867 1397 966 1468 rei
1002 1396 1224 1480 fuisse,
1267 1421 1404 1469 non
1456 1400 1790 1470 nominis:
1828 1421 2029 1491 quam
2076 1401 2457 1490 opinionem

207 1536 242 1576 ι(
267 1533 374 1582 nos
401 1535 660 1606 quoque
699 1515 1138 1605 probamus...
1169 1515 1382 1606 Igitur
1424 1517 1581 1606 quia
1620 1517 1701 1585 de
1745 1515 2029 1586 Antonio
2060 1521 2194 1584 tam
2241 1534 2456 1606 graeco

203 1653 236 1692 «t
257 1651 442 1719 quam
477 1651 753 1700 romano
792 1629 956 1719 stylo
992 1630 1334 1720 diligenter
1369 1633 1705 1700 memoriae
1746 1631 2055 1700 traditum
2098 1637 2216 1716 est,
2251 1652 2457 1722 pauca

205 1769 236 1808 «
258 1745 332 1813 de
373 1742 556 1814 Pauli
601 1745 930 1838 principio
965 1750 1031 1813 et
1070 1745 1202 1813 fine
1243 1745 1527 1814 scribere
1560 1745 1878 1836 disposui,
1910 1747 2123 1834 magis
2162 1747 2316 1834 quia
2357 1767 2461 1814 res

207 1886 240 1924 ι
263 1861 492 1930 omissa
543 1869 680 1931 erat
735 1883 936 1952 quam
989 1862 1193 1929 fretus
1256 1861 1546 1949 ingenio.
1610 1885 1645 1924 n
1725 1860 2031 1929 Attendat
2087 1859 2312 1939 lector,
2370 1859 2463 1928 ibi

62 1965 66 1988 '
207 1976 442 2043 moveri
477 1978 916 2065 quaestionem,
971 1997 1104 2044 non
1145 1977 1296 2066 quis
1333 1975 1705 2070 religiosam
1740 1981 1855 2042 aut
1900 1972 2323 2043 monasticam
2360 1975 2462 2040 vi-

62 2139 64 2142 >
201 2095 322 2158 tam
347 2091 708 2182 instituerit,
735 2093 848 2162 sed
887 2116 932 2161 a
970 2113 1100 2183 quo
1127 2091 1608 2160 monachorum
1642 2111 1893 2160 eremus
1920 2087 2223 2158 habitari
2246 2099 2463 2178 coepta

201 2205 300 2272 sit.
332 2207 562 2296 Agitur
591 2230 830 2301 nempe
849 2209 1156 2278 duntaxat
1183 2209 1262 2276 de
1289 2208 1547 2280 exordio
1575 2207 1755 2276 illius
1784 2206 2019 2298 speciei
2044 2203 2460 2274 anachoreta-

201 2343 356 2408 rum,
409 2325 524 2414 qui
579 2345 874 2392 eremum
939 2323 1334 2392 incolebant.
1385 2322 1572 2404 Quod
1624 2322 1835 2412 magis
1895 2321 2111 2392 adhuc
2157 2325 2329 2412 patet
2384 2345 2459 2390 ex

201 2439 470 2528 ejusdem
510 2437 893 2530 Hieronymi
921 2439 1186 2530 epistola
1214 2441 1296 2508 ad
1331 2445 1621 2509 sanctam
1662 2437 2097 2509 Eustochium
2132 2436 2455 2526 virginem

209 2553 394 2644 (epist.
437 2553 553 2641 22,
585 2559 766 2624 tomo
808 2553 851 2621 2
893 2574 1190 2644 operum,
1222 2575 1369 2643 pag.
1417 2553 1547 2621 ¹18
1598 2558 1662 2621 et
1704 2553 1883 2644 119),
1914 2552 1985 2620 in
2036 2573 2165 2642 qua
2214 2552 2337 2620 tria
2390 2552 2457 2620 in

211 2663 462 2758 AEgypto
501 2669 973 2740 monachorum
1029 2689 1266 2758 genera
1313 2674 1653 2750 memorat,
1680 2673 1743 2734 et
1782 2665 2121 2756 distinguit
2158 2667 2227 2735 in
2276 2667 2459 2737 hunc

212 2782 496 2854 modum:
565 2811 604 2850 α
631 2783 854 2855 Unum
905 2783 1276 2867 coenobitoe,
1308 2783 1485 2873 quod
1540 2781 1647 2850 illi
1684 2802 1905 2850 sauses
1958 2781 2183 2871 gentili
2232 2782 2463 2870 lingua

219 2921 252 2960 α
275 2909 504 2982 vooent,
533 2921 654 2968 nos
677 2899 750 2968 in
775 2921 1118 2968 commune
1144 2899 1437 2968 viventes
1460 2915 1801 2988 possumus
1828 2895 2176 2986 appellare.
2206 2894 2459 2966 Secun—

215 3037 246 3076 α
265 3013 416 3082 dum
456 3014 899 3100 anachoretas,
948 3016 1064 3106 qui
1121 3012 1239 3082 soli
1291 3012 1585 3082 habitant
1637 3033 1755 3103 per
1836 3011 2109 3086 deserta,
2160 3015 2225 3080 et
2258 3008 2341 3078 ab
2386 3032 2462 3078 eo

217 3151 249 3192 (ι
273 3129 436 3217 quod
464 3129 694 3221 procul
717 3129 805 3197 ab
825 3128 1204 3198 hominibus
1233 3128 1613 3198 recesserint
1637 3132 2126 3218 nuncupentur.
2163 3123 2459 3192 Tertium

219 3265 256 3302 ι(
279 3261 462 3329 genus
503 3251 602 3314 est
635 3244 807 3334 quod
847 3243 1192 3312 remoboth
1225 3243 1477 3330 dicunt,
1524 3241 1953 3310 deterrimum
2002 3244 2193 3330 atque
2240 3237 2459 3328 negle-

223 3381 258 3420 «
290 3362 466 3443 ctum,
498 3363 565 3428 et
607 3359 784 3449 quod
834 3359 904 3427 in
953 3365 1170 3428 nostra
1219 3335 1555 3449 provincia
1588 3360 1701 3424 aut
1748 3353 1957 3424 solum
2006 3362 2118 3425 aut
2166 3357 2459 3448 primum

219 3493 252 3533 α
275 3475 380 3541 est.
409 3471 492 3542 Hi
525 3473 672 3542 bini
709 3473 812 3542 vel
847 3474 1040 3561 terni,
1081 3493 1202 3542 nec
1237 3471 1447 3540 multo
1488 3469 1711 3562 plures
1740 3468 1940 3538 simul
1976 3469 2291 3555 habitant,
2340 3490 2461 3538 suo

215 3610 246 3650 α
269 3586 572 3662 arbitratu
616 3609 694 3656 ac
723 3587 962 3658 ditione
994 3588 1308 3671 viventes3
1337 3593 1400 3654 et
1442 3586 1523 3653 de
1565 3607 1641 3654 eo
1686 3583 1860 3675 quod
1902 3585 2359 3666 laboraverint,
2392 3582 2461 3649 in

215 3723 248 3763 «
273 3703 548 3772 medium
589 3708 798 3793 partes
840 3703 1208 3788 conferunt,
1259 3707 1335 3770 ut
1377 3697 1655 3768 habeant
1704 3700 2013 3771 alimenta
2054 3695 2455 3770 communia.

219 3837 258 3876 ot
281 3811 561 3888 Habitant
599 3823 822 3886 autem
864 3815 1439 3909 quamplurimum
1477 3816 1549 3882 in
1592 3815 1871 3886 urbibus
1900 3823 2013 3886 aut
2052 3810 2361 3900 castellis3
2402 3817 2466 3879 et

219 3949 256 3990 (ε
288 3933 450 4017 quasi
491 3952 598 4000 ars
651 3929 734 4000 sit
772 3938 1014 4016 sancta,
1034 3953 1170 4000 non
1213 3931 1370 4018 vita,
1391 3928 1717 4020 quidquid
1744 3929 2179 4013 vendiderint,
2204 3925 2466 4016 majoris

219 4067 254 4106 ι
279 4049 360 4112 est
391 4046 606 4136 pretii.
629 4070 666 4110 »
702 4042 802 4114 lbi
845 4052 1106 4116 sanctus
1134 4046 1358 4116 doctor
1384 4045 1741 4115 monachos
1776 4044 1950 4131 illos,
1980 4041 2099 4131 qui
2124 4041 2467 4112 remoboth

213 4153 598 4240 dicebantur,
645 4160 780 4244 acri
829 4160 1172 4254 vituperio,
1231 4166 1491 4253 propter
1548 4159 1891 4248 degeneres
1942 4175 2169 4226 eorum
2225 4179 2463 4245 mores,

217 4275 526 4357 percellit:
583 4275 942 4347 coenobitas
1003 4299 1042 4348 e
1083 4284 1306 4350 contra
1358 4273 1665 4344 laudibus
1718 4273 2155 4364 prosequitur,
2204 4280 2271 4342 et
2323 4279 2467 4344 tan-

221 4383 345 4459 dem
395 4393 474 4462 ad
537 4391 1074 4466 anachoretarum
1148 4393 1416 4463 classem
1492 4407 1855 4458 sermonem
1922 4397 2323 4478 convertens,
2374 4391 2467 4459 sic

2618 365 2653 396 Ι
