<?xml version="1.0" encoding="UTF-8"?>
<!DOCTYPE html PUBLIC "-//W3C//DTD XHTML 1.0 Transitional//EN"
    "http://www.w3.org/TR/xhtml1/DTD/xhtml1-transitional.dtd">
<html xmlns="http://www.w3.org/1999/xhtml" xml:lang="en" lang="en">
 <head>
  <title>
</title>
<meta http-equiv="Content-Type" content="text/html;charset=utf-8" />
  <meta name='ocr-system' content='tesseract 3.04.00' />
  <meta name='ocr-capabilities' content='ocr_page ocr_carea ocr_par ocr_line ocrx_word'/>
</head>
<body>
  <div class='ocr_page' id='page_1' title='image "./tractatusdejure01unkngoog_0587.png"; bbox 0 0 2834 4959; ppageno 0'>
   <div class='ocr_carea' id='block_1_1' title="bbox 1123 361 2487 425">
    <p class='ocr_par' dir='ltr' id='par_1_1' title="bbox 1123 361 2487 425">
     <span class='ocr_line' id='line_1_1' title="bbox 1123 361 2487 425; baseline 0.003 -11"><span class='ocrx_word' id='word_1_1' title='bbox 1123 366 1275 416; x_wconf 70' lang='lat' dir='ltr'><strong>PARS</strong></span> <span class='ocrx_word' id='word_1_2' title='bbox 1322 365 1585 425; x_wconf 60' lang='lat' dir='ltr'><strong>Quanta.</strong></span> <span class='ocrx_word' id='word_1_3' title='bbox 2366 361 2443 418; x_wconf 77' lang='grc'><strong>56</strong></span> <span class='ocrx_word' id='word_1_4' title='bbox 2452 363 2487 419; x_wconf 86' lang='grc'>9</span> 
     </span>
    </p>
   </div>
   <div class='ocr_carea' id='block_1_2' title="bbox 103 485 2504 4496">
    <p class='ocr_par' dir='ltr' id='par_1_2' title="bbox 103 485 2495 3807">
     <span class='ocr_line' id='line_1_2' title="bbox 207 485 2491 581; baseline -0.002 -16"><span class='ocrx_word' id='word_1_5' title='bbox 207 491 740 565; x_wconf 68' lang='lat' dir='ltr'><strong>informationem</strong></span> <span class='ocrx_word' id='word_1_6' title='bbox 763 491 830 558; x_wconf 83' lang='lat' dir='ltr'><strong>et</strong></span> <span class='ocrx_word' id='word_1_7' title='bbox 863 485 1240 557; x_wconf 76' lang='lat' dir='ltr'><strong>relationem</strong></span> <span class='ocrx_word' id='word_1_8' title='bbox 1265 487 1403 579; x_wconf 80' lang='lat' dir='ltr'><strong>fide</strong></span> <span class='ocrx_word' id='word_1_9' title='bbox 1436 486 1735 580; x_wconf 74' lang='lat' dir='ltr'><strong>diqnam.</strong></span> <span class='ocrx_word' id='word_1_10' title='bbox 1776 489 1847 556; x_wconf 80' lang='lat'><strong>2·</strong></span> <span class='ocrx_word' id='word_1_11' title='bbox 1884 489 1977 558; x_wconf 83' lang='lat' dir='ltr'><strong>Ex</strong></span> <span class='ocrx_word' id='word_1_12' title='bbox 2004 511 2079 560; x_wconf 90' lang='lat' dir='ltr'><strong>eo</strong></span> <span class='ocrx_word' id='word_1_13' title='bbox 2100 489 2277 581; x_wconf 88' lang='lat' dir='ltr'><strong>quod</strong></span> <span class='ocrx_word' id='word_1_14' title='bbox 2312 493 2491 580; x_wconf 86' lang='lat' dir='ltr'><strong>juri-</strong></span> 
     </span>
     <span class='ocr_line' id='line_1_3' title="bbox 207 602 2491 695; baseline -0.002 -15"><span class='ocrx_word' id='word_1_15' title='bbox 207 611 354 680; x_wconf 86' lang='lat' dir='ltr'><strong>dica</strong></span> <span class='ocrx_word' id='word_1_16' title='bbox 401 627 538 677; x_wconf 84' lang='lat' dir='ltr'><strong>esse</strong></span> <span class='ocrx_word' id='word_1_17' title='bbox 581 603 812 674; x_wconf 87' lang='lat' dir='ltr'><strong>debeat</strong></span> <span class='ocrx_word' id='word_1_18' title='bbox 858 602 1256 690; x_wconf 76' lang='lat' dir='ltr'><strong>informatio,</strong></span> <span class='ocrx_word' id='word_1_19' title='bbox 1314 604 1609 694; x_wconf 84' lang='lat' dir='ltr'><strong>sequitur</strong></span> <span class='ocrx_word' id='word_1_20' title='bbox 1650 604 1875 695; x_wconf 75' lang='lat' dir='ltr'><strong>pn&#39;mo</strong></span> <span class='ocrx_word' id='word_1_21' title='bbox 1916 604 2313 675; x_wconf 83' lang='lat' dir='ltr'><strong>adhibendos</strong></span> <span class='ocrx_word' id='word_1_22' title='bbox 2358 627 2491 676; x_wconf 85' lang='lat' dir='ltr'><strong>esse</strong></span> 
     </span>
     <span class='ocr_line' id='line_1_4' title="bbox 103 711 2484 811; baseline -0.003 -16"><span class='ocrx_word' id='word_1_23' title='bbox 103 725 116 732; x_wconf 83' lang='grc'><strong>’</strong></span> <span class='ocrx_word' id='word_1_24' title='bbox 205 725 434 795; x_wconf 82' lang='lat' dir='ltr'><strong>saltem</strong></span> <span class='ocrx_word' id='word_1_25' title='bbox 479 721 644 790; x_wconf 86' lang='lat' dir='ltr'><strong>duos</strong></span> <span class='ocrx_word' id='word_1_26' title='bbox 681 711 1018 798; x_wconf 54' lang='lat' dir='ltr'><strong>tentasset</strong></span> <span class='ocrx_word' id='word_1_27' title='bbox 1050 716 1138 786; x_wconf 86' lang='lat' dir='ltr'><strong>ab</strong></span> <span class='ocrx_word' id='word_1_28' title='bbox 1172 715 1332 809; x_wconf 74' lang='lat' dir='ltr'><strong>ipsis</strong></span> <span class='ocrx_word' id='word_1_29' title='bbox 1361 718 1813 807; x_wconf 82' lang='lat' dir='ltr'><strong>juramentum</strong></span> <span class='ocrx_word' id='word_1_30' title='bbox 1857 741 1995 788; x_wconf 86' lang='lat' dir='ltr'><strong>esse</strong></span> <span class='ocrx_word' id='word_1_31' title='bbox 2022 719 2484 811; x_wconf 79' lang='lat' dir='ltr'><strong>praestandum‚</strong></span> 
     </span>
     <span class='ocr_line' id='line_1_5' title="bbox 205 825 2491 929; baseline -0.002 -21"><span class='ocrx_word' id='word_1_32' title='bbox 205 839 364 929; x_wconf 89' lang='lat' dir='ltr'><strong>quia</strong></span> <span class='ocrx_word' id='word_1_33' title='bbox 405 841 596 906; x_wconf 59' lang='lat' dir='ltr'><strong>metes</strong></span> <span class='ocrx_word' id='word_1_34' title='bbox 643 833 772 903; x_wconf 87' lang='lat' dir='ltr'><strong>nisi</strong></span> <span class='ocrx_word' id='word_1_35' title='bbox 813 831 944 902; x_wconf 84' lang='lat' dir='ltr'><strong>sint</strong></span> <span class='ocrx_word' id='word_1_36' title='bbox 983 832 1182 922; x_wconf 73' lang='lat' dir='ltr'><strong>jurati</strong></span> <span class='ocrx_word' id='word_1_37' title='bbox 1187 881 1210 916; x_wconf 86' lang='lat'><strong>,</strong></span> <span class='ocrx_word' id='word_1_38' title='bbox 1260 831 1463 900; x_wconf 87' lang='lat' dir='ltr'><strong>fidem</strong></span> <span class='ocrx_word' id='word_1_39' title='bbox 1490 851 1621 901; x_wconf 90' lang='lat' dir='ltr'><strong>non</strong></span> <span class='ocrx_word' id='word_1_40' title='bbox 1652 832 1921 902; x_wconf 86' lang='lat' dir='ltr'><strong>faciunt.</strong></span> <span class='ocrx_word' id='word_1_41' title='bbox 1976 833 2283 924; x_wconf 68' lang='lat' dir='ltr'><strong>Secundo</strong></span> <span class='ocrx_word' id='word_1_42' title='bbox 2310 825 2491 904; x_wconf 50' lang='lat' dir='ltr'><strong>adhiss</strong></span> 
     </span>
     <span class='ocr_line' id='line_1_6' title="bbox 204 945 2489 1032; baseline -0.001 -11"><span class='ocrx_word' id='word_1_43' title='bbox 204 949 502 1022; x_wconf 80' lang='lat' dir='ltr'><strong>bendum</strong></span> <span class='ocrx_word' id='word_1_44' title='bbox 551 949 747 1018; x_wconf 82' lang='lat' dir='ltr'><strong>etiam</strong></span> <span class='ocrx_word' id='word_1_45' title='bbox 779 967 917 1016; x_wconf 82' lang='lat' dir='ltr'><strong>esse</strong></span> <span class='ocrx_word' id='word_1_46' title='bbox 970 945 1324 1032; x_wconf 84' lang='lat' dir='ltr'><strong>notarium,</strong></span> <span class='ocrx_word' id='word_1_47' title='bbox 1355 953 1429 1016; x_wconf 90' lang='lat' dir='ltr'><strong>nt</strong></span> <span class='ocrx_word' id='word_1_48' title='bbox 1476 949 1994 1018; x_wconf 65' lang='lat' dir='ltr'><strong>instrumentum</strong></span> <span class='ocrx_word' id='word_1_49' title='bbox 2044 947 2257 1018; x_wconf 86' lang='lat' dir='ltr'><strong>fidem·</strong></span> <span class='ocrx_word' id='word_1_50' title='bbox 2282 949 2489 1020; x_wconf 85' lang='lat' dir='ltr'><strong>faeere</strong></span> 
     </span>
     <span class='ocr_line' id='line_1_7' title="bbox 207 1059 2489 1157; baseline 0 -25"><span class='ocrx_word' id='word_1_51' title='bbox 207 1064 441 1157; x_wconf 86' lang='lat' dir='ltr'><strong>possit;</strong></span> <span class='ocrx_word' id='word_1_52' title='bbox 512 1065 624 1154; x_wconf 86' lang='lat' dir='ltr'><strong>qui</strong></span> <span class='ocrx_word' id='word_1_53' title='bbox 683 1069 904 1132; x_wconf 84' lang='lat' dir='ltr'><strong>tamen</strong></span> <span class='ocrx_word' id='word_1_54' title='bbox 961 1059 1254 1131; x_wconf 81' lang='lat' dir='ltr'><strong>notarius</strong></span> <span class='ocrx_word' id='word_1_55' title='bbox 1307 1081 1447 1131; x_wconf 81' lang='lat' dir='ltr'><strong>esse</strong></span> <span class='ocrx_word' id='word_1_56' title='bbox 1498 1067 1703 1154; x_wconf 85' lang='lat' dir='ltr'><strong>potest</strong></span> <span class='ocrx_word' id='word_1_57' title='bbox 1758 1062 1893 1130; x_wconf 84' lang='lat' dir='ltr'><strong>sive</strong></span> <span class='ocrx_word' id='word_1_58' title='bbox 1958 1063 2305 1149; x_wconf 74' lang='lat' dir='ltr'><strong>saecularis,</strong></span> <span class='ocrx_word' id='word_1_59' title='bbox 2356 1063 2489 1133; x_wconf 77' lang='lat' dir='ltr'><strong>sive</strong></span> 
     </span>
     <span class='ocr_line' id='line_1_8' title="bbox 209 1175 2489 1271; baseline -0.001 -23"><span class='ocrx_word' id='word_1_60' title='bbox 209 1179 556 1269; x_wconf 87' lang='lat' dir='ltr'><strong>religiosus</strong></span> <span class='ocrx_word' id='word_1_61' title='bbox 591 1201 608 1246; x_wconf 76' lang='grc' dir='ltr'><strong><em>ε</em></strong></span> <span class='ocrx_word' id='word_1_62' title='bbox 657 1199 814 1247; x_wconf 85' lang='lat' dir='ltr'><strong>nam</strong></span> <span class='ocrx_word' id='word_1_63' title='bbox 849 1176 1250 1271; x_wconf 79' lang='lat' dir='ltr'><strong>religionum</strong></span> <span class='ocrx_word' id='word_1_64' title='bbox 1297 1176 1547 1267; x_wconf 70' lang='lat' dir='ltr'><strong>praetati</strong></span> <span class='ocrx_word' id='word_1_65' title='bbox 1596 1182 1869 1268; x_wconf 84' lang='lat' dir='ltr'><strong>possunt</strong></span> <span class='ocrx_word' id='word_1_66' title='bbox 1908 1182 1975 1246; x_wconf 90' lang='lat' dir='ltr'><strong>et</strong></span> <span class='ocrx_word' id='word_1_67' title='bbox 2012 1176 2215 1246; x_wconf 84' lang='lat' dir='ltr'><strong>solent</strong></span> <span class='ocrx_word' id='word_1_68' title='bbox 2238 1175 2489 1267; x_wconf 86' lang='lat' dir='ltr'><strong>aliquos</strong></span> 
     </span>
     <span class='ocr_line' id='line_1_9' title="bbox 209 1291 2491 1384; baseline -0.001 -20"><span class='ocrx_word' id='word_1_69' title='bbox 209 1293 550 1384; x_wconf 84' lang='lat' dir='ltr'><strong>religiosos</strong></span> <span class='ocrx_word' id='word_1_70' title='bbox 573 1292 854 1364; x_wconf 84' lang='lat' dir='ltr'><strong>notarios</strong></span> <span class='ocrx_word' id='word_1_71' title='bbox 877 1311 1124 1362; x_wconf 88' lang='lat' dir='ltr'><strong>creare.</strong></span> <span class='ocrx_word' id='word_1_72' title='bbox 1163 1291 1402 1376; x_wconf 70' lang='lat' dir='ltr'><strong>stm&#39;o,</strong></span> <span class='ocrx_word' id='word_1_73' title='bbox 1444 1292 1707 1382; x_wconf 85' lang='lat' dir='ltr'><strong>capiens</strong></span> <span class='ocrx_word' id='word_1_74' title='bbox 1730 1291 2257 1362; x_wconf 80' lang='lat' dir='ltr'><strong>informationem</strong></span> <span class='ocrx_word' id='word_1_75' title='bbox 2286 1299 2491 1384; x_wconf 82' lang='lat' dir='ltr'><strong>potest</strong></span> 
     </span>
     <span class='ocr_line' id='line_1_10' title="bbox 209 1405 2488 1498; baseline -0.001 -20"><span class='ocrx_word' id='word_1_76' title='bbox 209 1429 369 1493; x_wconf 83' lang='lat' dir='ltr'><strong>esse,</strong></span> <span class='ocrx_word' id='word_1_77' title='bbox 422 1407 526 1477; x_wconf 78' lang='lat' dir='ltr'><strong>vel</strong></span> <span class='ocrx_word' id='word_1_78' title='bbox 583 1407 822 1498; x_wconf 83' lang='lat' dir='ltr'><strong>aliquis</strong></span> <span class='ocrx_word' id='word_1_79' title='bbox 865 1405 1066 1496; x_wconf 73' lang='lat' dir='ltr'><strong>judex</strong></span> <span class='ocrx_word' id='word_1_80' title='bbox 1127 1405 1599 1476; x_wconf 75' lang='lat' dir='ltr'><strong>ecclesiasticus</strong></span> <span class='ocrx_word' id='word_1_81' title='bbox 1664 1406 1869 1498; x_wconf 77' lang='lat' dir='ltr'><strong>(verbi</strong></span> <span class='ocrx_word' id='word_1_82' title='bbox 1940 1409 2145 1498; x_wconf 86' lang='lat' dir='ltr'><strong>gratia</strong></span> <span class='ocrx_word' id='word_1_83' title='bbox 2210 1407 2488 1478; x_wconf 77' lang='lat' dir='ltr'><strong>vicarius</strong></span> 
     </span>
     <span class='ocr_line' id='line_1_11' title="bbox 210 1520 2487 1614; baseline -0.001 -22"><span class='ocrx_word' id='word_1_84' title='bbox 210 1523 538 1614; x_wconf 83' lang='lat' dir='ltr'><strong>generalis</strong></span> <span class='ocrx_word' id='word_1_85' title='bbox 593 1522 952 1614; x_wconf 81' lang='lat' dir='ltr'><strong>Episcopi),</strong></span> <span class='ocrx_word' id='word_1_86' title='bbox 1013 1520 1118 1590; x_wconf 79' lang='lat' dir='ltr'><strong>vel</strong></span> <span class='ocrx_word' id='word_1_87' title='bbox 1187 1520 1378 1590; x_wconf 83' lang='lat' dir='ltr'><strong>etiam</strong></span> <span class='ocrx_word' id='word_1_88' title='bbox 1435 1521 1677 1614; x_wconf 88' lang='lat' dir='ltr'><strong>aliquis</strong></span> <span class='ocrx_word' id='word_1_89' title='bbox 1722 1522 1927 1612; x_wconf 83' lang='lat' dir='ltr'><strong>judex</strong></span> <span class='ocrx_word' id='word_1_90' title='bbox 1974 1523 2325 1604; x_wconf 63' lang='lat' dir='ltr'><strong>secularis,</strong></span> <span class='ocrx_word' id='word_1_91' title='bbox 2386 1522 2487 1592; x_wconf 79' lang='lat' dir='ltr'><strong>vel</strong></span> 
     </span>
     <span class='ocr_line' id='line_1_12' title="bbox 211 1635 2487 1730; baseline -0 -23"><span class='ocrx_word' id='word_1_92' title='bbox 211 1639 476 1709; x_wconf 84' lang='lat' dir='ltr'><strong>tandem</strong></span> <span class='ocrx_word' id='word_1_93' title='bbox 519 1638 796 1729; x_wconf 83' lang='lat' dir='ltr'><strong>quilibet</strong></span> <span class='ocrx_word' id='word_1_94' title='bbox 819 1637 1186 1728; x_wconf 69' lang='lat' dir='ltr'><strong>religiosae,</strong></span> <span class='ocrx_word' id='word_1_95' title='bbox 1231 1657 1270 1704; x_wconf 85' lang='lat' dir='ltr'><strong>a</strong></span> <span class='ocrx_word' id='word_1_96' title='bbox 1299 1637 1559 1728; x_wconf 77' lang='lat' dir='ltr'><strong>proelato</strong></span> <span class='ocrx_word' id='word_1_97' title='bbox 1616 1635 1981 1727; x_wconf 74' lang='lat' dir='ltr'><strong>religionis,</strong></span> <span class='ocrx_word' id='word_1_98' title='bbox 2016 1639 2095 1706; x_wconf 88' lang='lat' dir='ltr'><strong>ad</strong></span> <span class='ocrx_word' id='word_1_99' title='bbox 2128 1637 2255 1706; x_wconf 87' lang='lat' dir='ltr'><strong>hoc</strong></span> <span class='ocrx_word' id='word_1_100' title='bbox 2281 1637 2487 1730; x_wconf 83' lang='lat' dir='ltr'><strong>depu-</strong></span> 
     </span>
     <span class='ocr_line' id='line_1_13' title="bbox 205 1751 2487 1845; baseline -0.001 -21"><span class='ocrx_word' id='word_1_101' title='bbox 205 1761 380 1824; x_wconf 84' lang='lat' dir='ltr'><strong>tatus</strong></span> <span class='ocrx_word' id='word_1_102' title='bbox 434 1754 610 1845; x_wconf 82' lang='lat' dir='ltr'><strong>(vido</strong></span> <span class='ocrx_word' id='word_1_103' title='bbox 647 1752 1160 1841; x_wconf 88' lang='lat' dir='ltr'><strong>Tamburinum,</strong></span> <span class='ocrx_word' id='word_1_104' title='bbox 1218 1751 1364 1822; x_wconf 84' lang='lat' dir='ltr'><strong>loco</strong></span> <span class='ocrx_word' id='word_1_105' title='bbox 1407 1753 1649 1843; x_wconf 81' lang='lat' dir='ltr'><strong>citato).</strong></span> <span class='ocrx_word' id='word_1_106' title='bbox 1708 1757 1775 1822; x_wconf 77' lang='grc' dir='ltr'><strong>3ο</strong></span> <span class='ocrx_word' id='word_1_107' title='bbox 1810 1753 1951 1822; x_wconf 87' lang='lat' dir='ltr'><strong>Nisi</strong></span> <span class='ocrx_word' id='word_1_108' title='bbox 1988 1753 2265 1824; x_wconf 86' lang='lat' dir='ltr'><strong>obstaret</strong></span> <span class='ocrx_word' id='word_1_109' title='bbox 2312 1773 2487 1844; x_wconf 79' lang='lat' dir='ltr'><strong>prae-</strong></span> 
     </span>
     <span class='ocr_line' id='line_1_14' title="bbox 207 1865 2488 1956; baseline 0.001 -20"><span class='ocrx_word' id='word_1_110' title='bbox 207 1868 386 1936; x_wconf 88' lang='lat' dir='ltr'><strong>dicta</strong></span> <span class='ocrx_word' id='word_1_111' title='bbox 411 1868 752 1936; x_wconf 84' lang='lat' dir='ltr'><strong>doctorum</strong></span> <span class='ocrx_word' id='word_1_112' title='bbox 779 1870 1142 1956; x_wconf 85' lang='lat' dir='ltr'><strong>auctoritas,</strong></span> <span class='ocrx_word' id='word_1_113' title='bbox 1179 1868 1352 1936; x_wconf 85' lang='lat' dir='ltr'><strong>mibi</strong></span> <span class='ocrx_word' id='word_1_114' title='bbox 1381 1889 1515 1936; x_wconf 90' lang='lat' dir='ltr'><strong>non</strong></span> <span class='ocrx_word' id='word_1_115' title='bbox 1538 1867 1871 1936; x_wconf 74' lang='lat' dir='ltr'><strong>videretur</strong></span> <span class='ocrx_word' id='word_1_116' title='bbox 1893 1888 1969 1935; x_wconf 84' lang='lat' dir='ltr'><strong>ex</strong></span> <span class='ocrx_word' id='word_1_117' title='bbox 1996 1867 2209 1936; x_wconf 83' lang='lat' dir='ltr'><strong>verbis</strong></span> <span class='ocrx_word' id='word_1_118' title='bbox 2232 1865 2395 1936; x_wconf 75' lang='lat' dir='ltr'><strong>Sixti</strong></span> <span class='ocrx_word' id='word_1_119' title='bbox 2422 1868 2488 1938; x_wconf 89' lang='lat' dir='ltr'><strong>V</strong></span> 
     </span>
     <span class='ocr_line' id='line_1_15' title="bbox 212 1980 2487 2074; baseline -0.001 -26"><span class='ocrx_word' id='word_1_120' title='bbox 212 1983 506 2070; x_wconf 77' lang='lat' dir='ltr'><strong>rigorose</strong></span> <span class='ocrx_word' id='word_1_121' title='bbox 548 1981 848 2055; x_wconf 84' lang='lat' dir='ltr'><strong>concludi</strong></span> <span class='ocrx_word' id='word_1_122' title='bbox 871 1982 1240 2074; x_wconf 68' lang='lat' dir='ltr'><strong>juridicam</strong></span> <span class='ocrx_word' id='word_1_123' title='bbox 1287 2003 1425 2054; x_wconf 81' lang='lat' dir='ltr'><strong>esse</strong></span> <span class='ocrx_word' id='word_1_124' title='bbox 1456 1982 1687 2050; x_wconf 85' lang='lat' dir='ltr'><strong>debere</strong></span> <span class='ocrx_word' id='word_1_125' title='bbox 1730 1981 2287 2052; x_wconf 79' lang='lat' dir='ltr'><strong>informationem.</strong></span> <span class='ocrx_word' id='word_1_126' title='bbox 2318 1980 2487 2048; x_wconf 87' lang='lat' dir='ltr'><strong>Nam</strong></span> 
     </span>
     <span class='ocr_line' id='line_1_16' title="bbox 209 2095 2489 2190; baseline -0.001 -26"><span class='ocrx_word' id='word_1_127' title='bbox 209 2103 272 2164; x_wconf 90' lang='lat' dir='ltr'><strong>et</strong></span> <span class='ocrx_word' id='word_1_128' title='bbox 325 2108 644 2166; x_wconf 81' lang='lat' dir='ltr'><strong>accurata</strong></span> <span class='ocrx_word' id='word_1_129' title='bbox 681 2105 744 2167; x_wconf 90' lang='lat' dir='ltr'><strong>et</strong></span> <span class='ocrx_word' id='word_1_130' title='bbox 787 2097 923 2190; x_wconf 83' lang='lat' dir='ltr'><strong>fide</strong></span> <span class='ocrx_word' id='word_1_131' title='bbox 948 2099 1158 2190; x_wconf 78' lang='lat' dir='ltr'><strong>diqna</strong></span> <span class='ocrx_word' id='word_1_132' title='bbox 1183 2099 1414 2170; x_wconf 87' lang='lat' dir='ltr'><strong>merito</strong></span> <span class='ocrx_word' id='word_1_133' title='bbox 1442 2099 1656 2167; x_wconf 79' lang='lat' dir='ltr'><strong>adhuc</strong></span> <span class='ocrx_word' id='word_1_134' title='bbox 1692 2095 1821 2166; x_wconf 86' lang='lat' dir='ltr'><strong>dici</strong></span> <span class='ocrx_word' id='word_1_135' title='bbox 1853 2097 2088 2190; x_wconf 88' lang='lat' dir='ltr'><strong>poterit</strong></span> <span class='ocrx_word' id='word_1_136' title='bbox 2117 2095 2489 2170; x_wconf 71' lang='lat' dir='ltr'><strong>informatio</strong></span> 
     </span>
     <span class='ocr_line' id='line_1_17' title="bbox 207 2210 2491 2304; baseline -0.001 -24"><span class='ocrx_word' id='word_1_137' title='bbox 207 2232 346 2282; x_wconf 88' lang='lat' dir='ltr'><strong>nou</strong></span> <span class='ocrx_word' id='word_1_138' title='bbox 377 2212 688 2303; x_wconf 82' lang='lat' dir='ltr'><strong>juridica,</strong></span> <span class='ocrx_word' id='word_1_139' title='bbox 737 2213 804 2282; x_wconf 90' lang='lat' dir='ltr'><strong>id</strong></span> <span class='ocrx_word' id='word_1_140' title='bbox 846 2221 964 2298; x_wconf 88' lang='lat' dir='ltr'><strong>est,</strong></span> <span class='ocrx_word' id='word_1_141' title='bbox 1011 2214 1252 2304; x_wconf 79' lang='lat' dir='ltr'><strong>absque</strong></span> <span class='ocrx_word' id='word_1_142' title='bbox 1293 2213 1543 2284; x_wconf 85' lang='lat' dir='ltr'><strong>notario</strong></span> <span class='ocrx_word' id='word_1_143' title='bbox 1594 2220 1659 2281; x_wconf 91' lang='lat' dir='ltr'><strong>et</strong></span> <span class='ocrx_word' id='word_1_144' title='bbox 1708 2212 1953 2302; x_wconf 85' lang='lat' dir='ltr'><strong>absque</strong></span> <span class='ocrx_word' id='word_1_145' title='bbox 1994 2210 2255 2279; x_wconf 87' lang='lat' dir='ltr'><strong>testium</strong></span> <span class='ocrx_word' id='word_1_146' title='bbox 2300 2212 2491 2300; x_wconf 84' lang='lat' dir='ltr'><strong>jura-</strong></span> 
     </span>
     <span class='ocr_line' id='line_1_18' title="bbox 209 2324 2487 2419; baseline -0.001 -25"><span class='ocrx_word' id='word_1_147' title='bbox 209 2331 434 2396; x_wconf 87' lang='lat' dir='ltr'><strong>mento</strong></span> <span class='ocrx_word' id='word_1_148' title='bbox 483 2333 694 2419; x_wconf 84' lang='lat' dir='ltr'><strong>capta,</strong></span> <span class='ocrx_word' id='word_1_149' title='bbox 749 2329 806 2397; x_wconf 85' lang='lat' dir='ltr'><strong>si</strong></span> <span class='ocrx_word' id='word_1_150' title='bbox 857 2335 1102 2398; x_wconf 82' lang='lat' dir='ltr'><strong>constet</strong></span> <span class='ocrx_word' id='word_1_151' title='bbox 1135 2329 1535 2403; x_wconf 83' lang='lat' dir='ltr'><strong>sufficienter</strong></span> <span class='ocrx_word' id='word_1_152' title='bbox 1576 2327 1657 2396; x_wconf 88' lang='lat' dir='ltr'><strong>de</strong></span> <span class='ocrx_word' id='word_1_153' title='bbox 1683 2329 1992 2418; x_wconf 75' lang='lat' dir='ltr'><strong>gravitate</strong></span> <span class='ocrx_word' id='word_1_154' title='bbox 2048 2333 2111 2394; x_wconf 91' lang='lat' dir='ltr'><strong>et</strong></span> <span class='ocrx_word' id='word_1_155' title='bbox 2146 2324 2487 2417; x_wconf 72' lang='lat' dir='ltr'><strong>probitate,</strong></span> 
     </span>
     <span class='ocr_line' id='line_1_19' title="bbox 211 2438 2484 2536; baseline -0.003 -24"><span class='ocrx_word' id='word_1_156' title='bbox 211 2449 354 2512; x_wconf 85' lang='lat' dir='ltr'><strong>tum</strong></span> <span class='ocrx_word' id='word_1_157' title='bbox 433 2444 744 2536; x_wconf 77' lang='lat' dir='ltr'><strong>capientis</strong></span> <span class='ocrx_word' id='word_1_158' title='bbox 811 2445 1362 2535; x_wconf 70' lang='lat' dir='ltr'><strong>informationem,</strong></span> <span class='ocrx_word' id='word_1_159' title='bbox 1456 2451 1603 2516; x_wconf 87' lang='lat' dir='ltr'><strong>tum</strong></span> <span class='ocrx_word' id='word_1_160' title='bbox 1686 2444 2133 2515; x_wconf 85' lang='lat' dir='ltr'><strong>adhibitorum</strong></span> <span class='ocrx_word' id='word_1_161' title='bbox 2198 2438 2484 2511; x_wconf 84' lang='lat' dir='ltr'><strong>testium.</strong></span> 
     </span>
     <span class='ocr_line' id='line_1_20' title="bbox 209 2555 2491 2652; baseline -0.001 -24"><span class='ocrx_word' id='word_1_162' title='bbox 209 2559 278 2628; x_wconf 73' lang='lat'><strong>4⁰</strong></span> <span class='ocrx_word' id='word_1_163' title='bbox 325 2559 518 2640; x_wconf 84' lang='lat' dir='ltr'><strong>Quod</strong></span> <span class='ocrx_word' id='word_1_164' title='bbox 563 2560 844 2630; x_wconf 83' lang='lat' dir='ltr'><strong>diximus</strong></span> <span class='ocrx_word' id='word_1_165' title='bbox 893 2561 976 2630; x_wconf 86' lang='lat' dir='ltr'><strong>de</strong></span> <span class='ocrx_word' id='word_1_166' title='bbox 1016 2562 1306 2652; x_wconf 80' lang='lat' dir='ltr'><strong>personis</strong></span> <span class='ocrx_word' id='word_1_167' title='bbox 1356 2581 1480 2650; x_wconf 91' lang='lat' dir='ltr'><strong>pro-</strong></span> <span class='ocrx_word' id='word_1_168' title='bbox 1526 2561 1840 2650; x_wconf 85' lang='lat' dir='ltr'><strong>capienda</strong></span> <span class='ocrx_word' id='word_1_169' title='bbox 1887 2558 2346 2630; x_wconf 86' lang='lat' dir='ltr'><strong>informatione</strong></span> <span class='ocrx_word' id='word_1_170' title='bbox 2369 2555 2491 2626; x_wconf 84' lang='lat' dir='ltr'><strong>ad-</strong></span> 
     </span>
     <span class='ocr_line' id='line_1_21' title="bbox 209 2669 2487 2765; baseline -0.001 -24"><span class='ocrx_word' id='word_1_171' title='bbox 209 2674 536 2758; x_wconf 83' lang='lat' dir='ltr'><strong>hibendis,</strong></span> <span class='ocrx_word' id='word_1_172' title='bbox 585 2673 1084 2765; x_wconf 83' lang='lat' dir='ltr'><strong>intelligendum</strong></span> <span class='ocrx_word' id='word_1_173' title='bbox 1124 2679 1224 2744; x_wconf 85' lang='lat' dir='ltr'><strong>est</strong></span> <span class='ocrx_word' id='word_1_174' title='bbox 1247 2674 1328 2743; x_wconf 88' lang='lat' dir='ltr'><strong>de</strong></span> <span class='ocrx_word' id='word_1_175' title='bbox 1365 2675 1519 2762; x_wconf 85' lang='lat' dir='ltr'><strong>jure</strong></span> <span class='ocrx_word' id='word_1_176' title='bbox 1558 2673 1923 2757; x_wconf 88' lang='lat' dir='ltr'><strong>communi,</strong></span> <span class='ocrx_word' id='word_1_177' title='bbox 1954 2677 2017 2739; x_wconf 90' lang='lat' dir='ltr'><strong>et</strong></span> <span class='ocrx_word' id='word_1_178' title='bbox 2062 2669 2487 2740; x_wconf 73' lang='lat' dir='ltr'><strong>abstrahendo</strong></span> 
     </span>
     <span class='ocr_line' id='line_1_22' title="bbox 207 2781 2491 2882; baseline -0.004 -24"><span class='ocrx_word' id='word_1_179' title='bbox 207 2809 250 2858; x_wconf 88' lang='lat' dir='ltr'><strong>a</strong></span> <span class='ocrx_word' id='word_1_180' title='bbox 293 2787 708 2860; x_wconf 84' lang='lat' dir='ltr'><strong>facultatibus</strong></span> <span class='ocrx_word' id='word_1_181' title='bbox 757 2790 1146 2882; x_wconf 80' lang='lat' dir='ltr'><strong>specialibus</strong></span> <span class='ocrx_word' id='word_1_182' title='bbox 1191 2807 1352 2879; x_wconf 88' lang='lat' dir='ltr'><strong>quas</strong></span> <span class='ocrx_word' id='word_1_183' title='bbox 1393 2785 1563 2855; x_wconf 78' lang='lat' dir='ltr'><strong>varii</strong></span> <span class='ocrx_word' id='word_1_184' title='bbox 1606 2785 1863 2854; x_wconf 84' lang='lat' dir='ltr'><strong>ordines</strong></span> <span class='ocrx_word' id='word_1_185' title='bbox 1914 2783 2199 2872; x_wconf 84' lang='lat' dir='ltr'><strong>religiosi</strong></span> <span class='ocrx_word' id='word_1_186' title='bbox 2254 2803 2293 2850; x_wconf 86' lang='lat' dir='ltr'><strong>a</strong></span> <span class='ocrx_word' id='word_1_187' title='bbox 2345 2781 2491 2849; x_wconf 82' lang='lat' dir='ltr'><strong>sede</strong></span> 
     </span>
     <span class='ocr_line' id='line_1_23' title="bbox 207 2894 2491 2997; baseline -0.005 -24"><span class='ocrx_word' id='word_1_188' title='bbox 207 2904 578 2996; x_wconf 83' lang='lat' dir='ltr'><strong>Apostolica</strong></span> <span class='ocrx_word' id='word_1_189' title='bbox 631 2906 842 2997; x_wconf 84' lang='lat' dir='ltr'><strong>quoad</strong></span> <span class='ocrx_word' id='word_1_190' title='bbox 893 2905 1020 2975; x_wconf 89' lang='lat' dir='ltr'><strong>hoc</strong></span> <span class='ocrx_word' id='word_1_191' title='bbox 1057 2905 1509 2974; x_wconf 86' lang='lat' dir='ltr'><strong>obtinuerunt.</strong></span> <span class='ocrx_word' id='word_1_192' title='bbox 1562 2899 1757 2988; x_wconf 88' lang='lat' dir='ltr'><strong>Nam,</strong></span> <span class='ocrx_word' id='word_1_193' title='bbox 1790 2906 1865 2968; x_wconf 91' lang='lat' dir='ltr'><strong>ut</strong></span> <span class='ocrx_word' id='word_1_194' title='bbox 1891 2898 1979 2966; x_wconf 88' lang='lat' dir='ltr'><strong>ait</strong></span> <span class='ocrx_word' id='word_1_195' title='bbox 2006 2897 2345 2968; x_wconf 84' lang='lat' dir='ltr'><strong>Suaresius</strong></span> <span class='ocrx_word' id='word_1_196' title='bbox 2388 2894 2491 2985; x_wconf 81' lang='lat' dir='ltr'><strong>(de</strong></span> 
     </span>
     <span class='ocr_line' id='line_1_24' title="bbox 209 3009 2489 3116; baseline -0.005 -26"><span class='ocrx_word' id='word_1_197' title='bbox 209 3019 582 3110; x_wconf 77' lang='lat' dir='ltr'><strong>Reliqione,</strong></span> <span class='ocrx_word' id='word_1_198' title='bbox 614 3029 770 3092; x_wconf 86' lang='lat' dir='ltr'><strong>tom.</strong></span> <span class='ocrx_word' id='word_1_199' title='bbox 826 3020 895 3110; x_wconf 88' lang='lat'><strong>3,</strong></span> <span class='ocrx_word' id='word_1_200' title='bbox 945 3021 992 3090; x_wconf 93' lang='lat' dir='ltr'><strong>l.</strong></span> <span class='ocrx_word' id='word_1_201' title='bbox 1037 3021 1108 3104; x_wconf 82' lang='lat'><strong>5,</strong></span> <span class='ocrx_word' id='word_1_202' title='bbox 1141 3043 1200 3116; x_wconf 68' lang='lat' dir='ltr'><strong>q.</strong></span> <span class='ocrx_word' id='word_1_203' title='bbox 1235 3019 1344 3104; x_wconf 80' lang='lat'><strong>10,</strong></span> <span class='ocrx_word' id='word_1_204' title='bbox 1377 3039 1449 3087; x_wconf 88' lang='lat' dir='ltr'><strong>n.</strong></span> <span class='ocrx_word' id='word_1_205' title='bbox 1488 3015 1621 3106; x_wconf 84' lang='lat'><strong>17),</strong></span> <span class='ocrx_word' id='word_1_206' title='bbox 1664 3039 1699 3083; x_wconf 75' lang='grc' dir='ltr'>α</span> <span class='ocrx_word' id='word_1_207' title='bbox 1726 3014 1921 3084; x_wconf 74' lang='lat' dir='ltr'><strong>variae</strong></span> <span class='ocrx_word' id='word_1_208' title='bbox 1944 3009 2291 3102; x_wconf 87' lang='lat' dir='ltr'><strong>religiones</strong></span> <span class='ocrx_word' id='word_1_209' title='bbox 2318 3009 2489 3080; x_wconf 85' lang='lat' dir='ltr'><strong>circa</strong></span> 
     </span>
     <span class='ocr_line' id='line_1_25' title="bbox 219 3126 2493 3224; baseline -0.004 -22"><span class='ocrx_word' id='word_1_210' title='bbox 219 3161 255 3202; x_wconf 71' lang='grc' dir='ltr'>ι</span> <span class='ocrx_word' id='word_1_211' title='bbox 285 3137 454 3206; x_wconf 88' lang='lat' dir='ltr'><strong>hanc</strong></span> <span class='ocrx_word' id='word_1_212' title='bbox 481 3136 676 3206; x_wconf 86' lang='lat' dir='ltr'><strong>etiam</strong></span> <span class='ocrx_word' id='word_1_213' title='bbox 710 3136 1244 3206; x_wconf 84' lang='lat' dir='ltr'><strong>informationem</strong></span> <span class='ocrx_word' id='word_1_214' title='bbox 1281 3156 1396 3204; x_wconf 89' lang='lat' dir='ltr'><strong>seu</strong></span> <span class='ocrx_word' id='word_1_215' title='bbox 1426 3130 1947 3224; x_wconf 86' lang='lat' dir='ltr'><strong>inquisitionem,</strong></span> <span class='ocrx_word' id='word_1_216' title='bbox 1978 3134 2043 3198; x_wconf 92' lang='lat' dir='ltr'><strong>et</strong></span> <span class='ocrx_word' id='word_1_217' title='bbox 2065 3126 2237 3194; x_wconf 87' lang='lat' dir='ltr'><strong>circa</strong></span> <span class='ocrx_word' id='word_1_218' title='bbox 2266 3143 2493 3215; x_wconf 85' lang='lat' dir='ltr'><strong>perso-</strong></span> 
     </span>
     <span class='ocr_line' id='line_1_26' title="bbox 222 3239 2493 3343; baseline -0.004 -25"><span class='ocrx_word' id='word_1_219' title='bbox 222 3277 256 3318; x_wconf 86' lang='lat'>«</span> <span class='ocrx_word' id='word_1_220' title='bbox 285 3273 401 3322; x_wconf 80' lang='lat' dir='ltr'><strong>nas</strong></span> <span class='ocrx_word' id='word_1_221' title='bbox 451 3274 564 3343; x_wconf 88' lang='lat' dir='ltr'><strong>per</strong></span> <span class='ocrx_word' id='word_1_222' title='bbox 611 3273 774 3342; x_wconf 83' lang='lat' dir='ltr'><strong>quas</strong></span> <span class='ocrx_word' id='word_1_223' title='bbox 815 3252 1112 3323; x_wconf 84' lang='lat' dir='ltr'><strong>facienda</strong></span> <span class='ocrx_word' id='word_1_224' title='bbox 1153 3256 1275 3341; x_wconf 85' lang='lat' dir='ltr'><strong>est,</strong></span> <span class='ocrx_word' id='word_1_225' title='bbox 1322 3248 1427 3319; x_wconf 79' lang='lat' dir='ltr'><strong>vel</strong></span> <span class='ocrx_word' id='word_1_226' title='bbox 1460 3247 1702 3338; x_wconf 83' lang='lat' dir='ltr'><strong>quibus</strong></span> <span class='ocrx_word' id='word_1_227' title='bbox 1744 3245 1912 3316; x_wconf 87' lang='lat' dir='ltr'><strong>ratio</strong></span> <span class='ocrx_word' id='word_1_228' title='bbox 1951 3245 2031 3314; x_wconf 86' lang='lat' dir='ltr'><strong>de</strong></span> <span class='ocrx_word' id='word_1_229' title='bbox 2074 3243 2188 3311; x_wconf 87' lang='lat' dir='ltr'><strong>illa</strong></span> <span class='ocrx_word' id='word_1_230' title='bbox 2214 3248 2311 3310; x_wconf 83' lang='lat' dir='ltr'><strong>est</strong></span> <span class='ocrx_word' id='word_1_231' title='bbox 2348 3239 2493 3310; x_wconf 89' lang='lat' dir='ltr'><strong>red-</strong></span> 
     </span>
     <span class='ocr_line' id='line_1_27' title="bbox 222 3356 2494 3454; baseline -0.004 -20"><span class='ocrx_word' id='word_1_232' title='bbox 222 3395 256 3434; x_wconf 75' lang='lat'>«</span> <span class='ocrx_word' id='word_1_233' title='bbox 283 3367 521 3454; x_wconf 89' lang='lat' dir='ltr'><strong>denda,</strong></span> <span class='ocrx_word' id='word_1_234' title='bbox 578 3370 1090 3440; x_wconf 89' lang='lat' dir='ltr'><strong>moderationem</strong></span> <span class='ocrx_word' id='word_1_235' title='bbox 1137 3389 1252 3438; x_wconf 85' lang='lat' dir='ltr'><strong>seu</strong></span> <span class='ocrx_word' id='word_1_236' title='bbox 1295 3365 1801 3436; x_wconf 82' lang='lat' dir='ltr'><strong>declarationem</strong></span> <span class='ocrx_word' id='word_1_237' title='bbox 1846 3381 1885 3429; x_wconf 87' lang='lat' dir='ltr'><strong>a</strong></span> <span class='ocrx_word' id='word_1_238' title='bbox 1937 3359 2083 3430; x_wconf 82' lang='lat' dir='ltr'><strong>sede</strong></span> <span class='ocrx_word' id='word_1_239' title='bbox 2127 3356 2494 3452; x_wconf 83' lang='lat' dir='ltr'><strong>Apostolica</strong></span> 
     </span>
     <span class='ocr_line' id='line_1_28' title="bbox 223 3474 2494 3568; baseline -0.004 -20"><span class='ocrx_word' id='word_1_240' title='bbox 223 3509 258 3549; x_wconf 75' lang='grc' dir='ltr'>α</span> <span class='ocrx_word' id='word_1_241' title='bbox 285 3485 735 3554; x_wconf 86' lang='lat' dir='ltr'><strong>obtinuerunt.</strong></span> <span class='ocrx_word' id='word_1_242' title='bbox 775 3485 902 3554; x_wconf 87' lang='lat' dir='ltr'><strong>Sed</strong></span> <span class='ocrx_word' id='word_1_243' title='bbox 935 3483 1050 3553; x_wconf 88' lang='lat' dir='ltr'><strong>illa</strong></span> <span class='ocrx_word' id='word_1_244' title='bbox 1079 3479 1467 3554; x_wconf 77' lang='lat' dir='ltr'><strong>universalis</strong></span> <span class='ocrx_word' id='word_1_245' title='bbox 1505 3499 1639 3548; x_wconf 89' lang='lat' dir='ltr'><strong>non</strong></span> <span class='ocrx_word' id='word_1_246' title='bbox 1666 3483 1785 3564; x_wconf 71' lang='lat' dir='ltr'><strong>est,</strong></span> <span class='ocrx_word' id='word_1_247' title='bbox 1826 3482 1891 3545; x_wconf 89' lang='lat' dir='ltr'><strong>et</strong></span> <span class='ocrx_word' id='word_1_248' title='bbox 1918 3474 2061 3544; x_wconf 89' lang='lat' dir='ltr'><strong>ideo</strong></span> <span class='ocrx_word' id='word_1_249' title='bbox 2098 3475 2195 3568; x_wconf 78' lang='lat' dir='ltr'><strong>ad.</strong></span> <span class='ocrx_word' id='word_1_250' title='bbox 2206 3479 2494 3543; x_wconf 87' lang='lat' dir='ltr'><strong>nostram</strong></span> 
     </span>
     <span class='ocr_line' id='line_1_29' title="bbox 225 3585 2495 3691; baseline -0.007 -25"><span class='ocrx_word' id='word_1_251' title='bbox 225 3626 258 3666; x_wconf 85' lang='lat'>«</span> <span class='ocrx_word' id='word_1_252' title='bbox 289 3600 790 3671; x_wconf 83' lang='lat' dir='ltr'><strong>declarationem</strong></span> <span class='ocrx_word' id='word_1_253' title='bbox 819 3621 950 3669; x_wconf 88' lang='lat' dir='ltr'><strong>non</strong></span> <span class='ocrx_word' id='word_1_254' title='bbox 985 3599 1303 3691; x_wconf 89' lang='lat' dir='ltr'><strong>pertinet;</strong></span> <span class='ocrx_word' id='word_1_255' title='bbox 1347 3593 1461 3663; x_wconf 85' lang='lat' dir='ltr'><strong>sed</strong></span> <span class='ocrx_word' id='word_1_256' title='bbox 1499 3611 1911 3682; x_wconf 66' lang='lat' dir='ltr'><strong>unaquaque</strong></span> <span class='ocrx_word' id='word_1_257' title='bbox 1946 3587 2176 3677; x_wconf 85' lang='lat' dir='ltr'><strong>religio</strong></span> <span class='ocrx_word' id='word_1_258' title='bbox 2226 3585 2495 3654; x_wconf 87' lang='lat' dir='ltr'><strong>modum</strong></span> 
     </span>
     <span class='ocr_line' id='line_1_30' title="bbox 221 3694 2017 3807; baseline -0.005 -24"><span class='ocrx_word' id='word_1_259' title='bbox 221 3739 258 3783; x_wconf 84' lang='lat'>«</span> <span class='ocrx_word' id='word_1_260' title='bbox 283 3716 408 3785; x_wconf 87' lang='lat' dir='ltr'><strong>sibi</strong></span> <span class='ocrx_word' id='word_1_261' title='bbox 441 3718 700 3806; x_wconf 81' lang='lat' dir='ltr'><strong>proescri</strong></span> <span class='ocrx_word' id='word_1_262' title='bbox 707 3721 896 3807; x_wconf 90' lang='lat' dir='ltr'><strong>ptum</strong></span> <span class='ocrx_word' id='word_1_263' title='bbox 917 3717 1258 3786; x_wconf 78' lang='lat' dir='ltr'><strong>observare</strong></span> <span class='ocrx_word' id='word_1_264' title='bbox 1283 3709 1631 3782; x_wconf 84' lang='lat' dir='ltr'><strong>tenebitur.</strong></span> <span class='ocrx_word' id='word_1_265' title='bbox 1652 3733 1689 3776; x_wconf 62' lang='lat' dir='ltr'><em>w</em></span> <span class='ocrx_word' id='word_1_266' title='bbox 2010 3694 2017 3703; x_wconf 77' lang='grc'><strong>’</strong></span> 
     </span>
    </p>

    <p class='ocr_par' dir='ltr' id='par_1_3' title="bbox 209 3814 2504 4496">
     <span class='ocr_line' id='line_1_31' title="bbox 306 3814 2493 3915; baseline -0.007 -19"><span class='ocrx_word' id='word_1_267' title='bbox 306 3830 600 3908; x_wconf 72' lang='lat' dir='ltr'><strong>anmo</strong></span> <span class='ocrx_word' id='word_1_268' title='bbox 651 3829 783 3899; x_wconf 82' lang='lat'><strong>111⁸.</strong></span> <span class='ocrx_word' id='word_1_269' title='bbox 839 3869 931 3884; x_wconf 90' lang='lat'><strong>--</strong></span> <span class='ocrx_word' id='word_1_270' title='bbox 969 3829 1226 3914; x_wconf 75' lang='lat' dir='ltr'><strong>Quibus</strong></span> <span class='ocrx_word' id='word_1_271' title='bbox 1263 3825 1344 3896; x_wconf 83' lang='lat' dir='ltr'><strong>de</strong></span> <span class='ocrx_word' id='word_1_272' title='bbox 1375 3825 1569 3896; x_wconf 80' lang='lat' dir='ltr'><strong>rebus</strong></span> <span class='ocrx_word' id='word_1_273' title='bbox 1595 3821 1917 3915; x_wconf 81' lang='lat' dir='ltr'><strong>capienda</strong></span> <span class='ocrx_word' id='word_1_274' title='bbox 1952 3820 2045 3890; x_wconf 81' lang='lat' dir='ltr'><strong>sit</strong></span> <span class='ocrx_word' id='word_1_275' title='bbox 2072 3814 2493 3907; x_wconf 81' lang='lat' dir='ltr'><strong>informatio,</strong></span> 
     </span>
     <span class='ocr_line' id='line_1_32' title="bbox 209 3930 2500 4038; baseline -0.007 -25"><span class='ocrx_word' id='word_1_276' title='bbox 209 3965 329 4015; x_wconf 77' lang='lat' dir='ltr'><strong>seu</strong></span> <span class='ocrx_word' id='word_1_277' title='bbox 359 3941 570 4034; x_wconf 80' lang='lat' dir='ltr'><strong>(quod</strong></span> <span class='ocrx_word' id='word_1_278' title='bbox 589 3943 764 4013; x_wconf 82' lang='lat' dir='ltr'><strong>idem</strong></span> <span class='ocrx_word' id='word_1_279' title='bbox 787 3947 906 4037; x_wconf 84' lang='lat' dir='ltr'><strong>est)</strong></span> <span class='ocrx_word' id='word_1_280' title='bbox 927 3947 1166 4038; x_wconf 75' lang='lat' dir='ltr'><strong>quibus</strong></span> <span class='ocrx_word' id='word_1_281' title='bbox 1194 3943 1274 4013; x_wconf 81' lang='lat' dir='ltr'><strong>de</strong></span> <span class='ocrx_word' id='word_1_282' title='bbox 1296 3943 1491 4012; x_wconf 75' lang='lat' dir='ltr'><strong>rebus</strong></span> <span class='ocrx_word' id='word_1_283' title='bbox 1516 3951 1706 4012; x_wconf 76' lang='lat' dir='ltr'><strong>testes</strong></span> <span class='ocrx_word' id='word_1_284' title='bbox 1728 3933 2143 4026; x_wconf 72' lang='lat' dir='ltr'><strong>interroqari</strong></span> <span class='ocrx_word' id='word_1_285' title='bbox 2166 3930 2443 4001; x_wconf 80' lang='lat' dir='ltr'><strong>debeant</strong></span> <span class='ocrx_word' id='word_1_286' title='bbox 2464 3931 2500 3995; x_wconf 84' lang='lat'><strong><em>?</em></strong></span> 
     </span>
     <span class='ocr_line' id='line_1_33' title="bbox 213 4045 2502 4154; baseline -0.007 -26"><span class='ocrx_word' id='word_1_287' title='bbox 213 4097 306 4112; x_wconf 91' lang='lat'><strong>—</strong></span> <span class='ocrx_word' id='word_1_288' title='bbox 348 4057 586 4128; x_wconf 88' lang='lat' dir='ltr'><strong>Sedulo</strong></span> <span class='ocrx_word' id='word_1_289' title='bbox 637 4059 1112 4150; x_wconf 64' lang='lat' dir='ltr'><strong>distinguendis</strong></span> <span class='ocrx_word' id='word_1_290' title='bbox 1154 4066 1312 4130; x_wconf 88' lang='lat' dir='ltr'><strong>sunt</strong></span> <span class='ocrx_word' id='word_1_291' title='bbox 1355 4057 1847 4154; x_wconf 79' lang='lat' dir='ltr'><strong>informationes</strong></span> <span class='ocrx_word' id='word_1_292' title='bbox 1891 4048 2223 4142; x_wconf 81' lang='lat' dir='ltr'><strong>capiendae</strong></span> <span class='ocrx_word' id='word_1_293' title='bbox 2248 4046 2313 4116; x_wconf 81' lang='lat' dir='ltr'><strong>vi</strong></span> <span class='ocrx_word' id='word_1_294' title='bbox 2333 4045 2502 4138; x_wconf 84' lang='lat' dir='ltr'><strong>juris</strong></span> 
     </span>
     <span class='ocr_line' id='line_1_34' title="bbox 215 4160 2499 4262; baseline -0.007 -17"><span class='ocrx_word' id='word_1_295' title='bbox 215 4174 556 4262; x_wconf 85' lang='lat' dir='ltr'><strong>naturalis,</strong></span> <span class='ocrx_word' id='word_1_296' title='bbox 619 4181 735 4243; x_wconf 86' lang='lat' dir='ltr'><strong>aut</strong></span> <span class='ocrx_word' id='word_1_297' title='bbox 781 4176 851 4243; x_wconf 79' lang='lat' dir='ltr'><strong>vi</strong></span> <span class='ocrx_word' id='word_1_298' title='bbox 905 4175 1439 4246; x_wconf 80' lang='lat' dir='ltr'><strong>constitutionum</strong></span> <span class='ocrx_word' id='word_1_299' title='bbox 1492 4169 1840 4262; x_wconf 85' lang='lat' dir='ltr'><strong>cujuslibet</strong></span> <span class='ocrx_word' id='word_1_300' title='bbox 1889 4165 2137 4236; x_wconf 85' lang='lat' dir='ltr'><strong>ordinis</strong></span> <span class='ocrx_word' id='word_1_301' title='bbox 2188 4160 2499 4258; x_wconf 82' lang='lat' dir='ltr'><strong>religiosi,</strong></span> 
     </span>
     <span class='ocr_line' id='line_1_35' title="bbox 217 4276 2504 4382; baseline -0.007 -22"><span class='ocrx_word' id='word_1_302' title='bbox 217 4291 300 4360; x_wconf 84' lang='lat' dir='ltr'><strong>ab</strong></span> <span class='ocrx_word' id='word_1_303' title='bbox 342 4289 918 4363; x_wconf 84' lang='lat' dir='ltr'><strong>informationibus</strong></span> <span class='ocrx_word' id='word_1_304' title='bbox 947 4313 1064 4382; x_wconf 91' lang='lat' dir='ltr'><strong>per</strong></span> <span class='ocrx_word' id='word_1_305' title='bbox 1103 4291 1386 4362; x_wconf 85' lang='lat' dir='ltr'><strong>Sixtinas</strong></span> <span class='ocrx_word' id='word_1_306' title='bbox 1424 4283 1913 4356; x_wconf 80' lang='lat' dir='ltr'><strong>constitutiones</strong></span> <span class='ocrx_word' id='word_1_307' title='bbox 1948 4280 2285 4374; x_wconf 77' lang='lat' dir='ltr'><strong>injunctis.</strong></span> <span class='ocrx_word' id='word_1_308' title='bbox 2338 4276 2504 4346; x_wconf 86' lang='lat' dir='ltr'><strong>Nam</strong></span> 
     </span>
     <span class='ocr_line' id='line_1_36' title="bbox 217 4399 2503 4496; baseline -0.007 -19"><span class='ocrx_word' id='word_1_309' title='bbox 217 4427 524 4496; x_wconf 80' lang='lat' dir='ltr'><strong>quaenam</strong></span> <span class='ocrx_word' id='word_1_310' title='bbox 551 4409 1044 4480; x_wconf 82' lang='lat' dir='ltr'><strong>informationes</strong></span> <span class='ocrx_word' id='word_1_311' title='bbox 1067 4407 1148 4475; x_wconf 80' lang='lat' dir='ltr'><strong>de</strong></span> <span class='ocrx_word' id='word_1_312' title='bbox 1169 4407 1332 4496; x_wconf 78' lang='lat' dir='ltr'><strong>jure</strong></span> <span class='ocrx_word' id='word_1_313' title='bbox 1357 4401 1671 4474; x_wconf 73' lang='lat' dir='ltr'><strong>naturali</strong></span> <span class='ocrx_word' id='word_1_314' title='bbox 1698 4399 2027 4492; x_wconf 79' lang='lat' dir='ltr'><strong>capiendae</strong></span> <span class='ocrx_word' id='word_1_315' title='bbox 2068 4399 2225 4487; x_wconf 86' lang='lat' dir='ltr'><strong>sint,</strong></span> <span class='ocrx_word' id='word_1_316' title='bbox 2266 4402 2331 4467; x_wconf 90' lang='lat' dir='ltr'><strong>et</strong></span> <span class='ocrx_word' id='word_1_317' title='bbox 2356 4415 2503 4486; x_wconf 83' lang='lat' dir='ltr'><strong>qnae</strong></span> 
     </span>
    </p>
   </div>
  </div>
 </body>
</html>
