2834 4959
392 353 517 410 276
960 355 1299 404 'falernus
1342 355 1422 404 mr.
1469 353 1636 402 suns·
1656 335 2082 399 nauminia.

386 479 755 548 necessitate
784 497 918 546 esse
950 475 1298 556 vocandos,
1319 479 1538 565 utpote
1567 471 1692 540 sub
1721 469 1936 538 verbis
1961 465 2393 536 Clementinae
2417 475 2482 534 ct
2511 465 2663 536 aliis

394 595 697 666 interesse
720 589 1111 662 habentibus
1140 587 1660 680 comprehensos.

476 711 809 780 Immerito
836 705 1031 776 etiam
1076 703 1428 774 nonnullos
1455 704 1745 771 doctores
1785 697 2144 784 adducunt,
2173 696 2364 786 quasi
2405 693 2522 766 sibi
2557 718 2666 787 pa-

392 826 806 896 trocinantes.
836 821 933 892 Sit
957 822 1024 888 in
1050 819 1423 910 exemplum
1451 816 1754 900 Bai-bosa,
1787 815 1902 903 qui
1931 811 2037 904 (de
2065 811 2320 902 Officio
2347 820 2414 879 ct
2432 822 2660 902 potest.

266 959 277 971 ·
391 941 732 1034 Episcopi,
783 943 961 1029 parte
990 939 1062 1024 2,
1100 935 1291 1023 alleg.
1325 933 1441 1019 26,
1480 955 1551 1000 n.
1594 931 1662 1021 5)
1692 932 1787 999 sic
1817 929 2053 998 habet:
2097 951 2132 992 a
2159 927 2236 994 ln
2265 927 2668 997 concedenda

402 1083 437 1126 α
464 1054 839 1146 huiusmodi
887 1051 1147 1122 licentia
1206 1049 1397 1119 debet
1449 1046 1814 1138 Episcopus
1873 1043 2151 1112 maxime
2202 1041 2560 1124 attendere,
2619 1042 2666 1111 si

402 1197 438 1238 ι
468 1169 925 1240 monasterium
978 1171 1091 1234 aut
1150 1165 1420 1234 alterius
1467 1163 1922 1250 cujuscunque
2001 1158 2236 1227 erectio
2299 1156 2668 1248 praejudicet

326 1361 331 1368 ,
402 1313 439 1354 α
468 1306 730 1376 quoquo
785 1283 973 1351 modo
1022 1279 1305 1350 eeclesiae
1362 1276 1758 1369 parochiali:
1815 1295 1890 1344 eo
1945 1293 2229 1362 namque
2263 1294 2418 1342 casu
2465 1293 2666 1343 assen-

404 1429 438 1468 α
469 1403 577 1470 tiri
627 1401 901 1468 minime
940 1398 1171 1480 debet3
1207 1402 1270 1464 et
1318 1399 1546 1463 curato
1579 1393 1735 1461 licet
1779 1389 2242 1474 contradicere,
2289 1388 2670 1458 audiendus-

408 1541 443 1584 α
468 1537 597 1605 que
636 1520 731 1582 est
783 1515 852 1580 in
927 1533 1046 1580 sua
1106 1511 1576 1601 praetensione„
1609 1529 1686 1575 ex
1743 1504 2060 1575 (luidonis
2119 1501 2304 1594 Papae
2353 1505 2672 1574 decisione

410 1655 447 1696 α
478 1629 633 1701 370.
678 1654 714 1694 ιο
768 1627 858 1696 Ex
888 1627 991 1696 his
1036 1623 1253 1696 verbis
1292 1622 1600 1692 nonnulli
1643 1622 1959 1706 inferunt,
1999 1623 2183 1711 juxta
2207 1618 2498 1690 Barbosae
2529 1629 2673 1690 se'n-

406 1744 695 1827 tentiam,
744 1741 1099 1810 necessario
1150 1737 1515 1808 vocandum
1572 1757 1714 1806 esse
1765 1735 2168 1826 parochum;
2213 1753 2344 1824 qua
2381 1734 2672 1802 formali-

408 1867 532 1930 tate
571 1859 833 1941 omissa,
870 1855 1221 1924 invalidam
1264 1853 1401 1922 fore
1441 1851 1801 1921 licentiam.
1837 1851 1922 1919 At
1958 1851 2312 1919 immerito.
2351 1848 2674 1940 Quidquid

410 1975 505 2046 ibi
558 1975 784 2044 asserit
845 1971 1149 2053 Barbosa,
1206 1976 1269 2038 et
1314 1991 1453 2059 ‚ego
1494 1967 1806 2052 admitto;
1861 1973 1928 2034 et
1980 1971 2194 2036 tamen
2251 1986 2424 2055 nego
2483 1964 2676 2034 teneri
2785 1946 2787 2004 3

411 2089 803 2182 Episcopum
837 2087 917 2156 ad
942 2085 1305 2155 vocandum
1344 2082 1733 2173 parochum.
1788 2081 1904 2150 Jus
1952 2081 2146 2149 habet
2169 2081 2496 2172 parochus
2533 2101 2674 2152 con-

412 2203 797 2288 tradicendi,
841 2207 904 2268 et
946 2221 1095 2270 casu
1138 2221 1269 2289 quo
1314 2197 1713 2289 Episcopum
1755 2197 1938 2266 adeat
1964 2197 2044 2265 ad
2083 2197 2672 2277 contradicendum,

414 2317 603 2390 debet
646 2316 884 2384 audiri.
934 2313 1009 2382 Id
1050 2314 1205 2382 dicit
1252 2311 1556 2381 Barbosa.
1589 2313 1678 2380 At
1727 2333 1859 2383 non
1899 2311 2060 2380 dicit
2095 2313 2532 2382 necessariam
2577 2333 2674 2406 pa·

416 2431 599 2502 rochi
644 2429 1031 2500 citationem.
1064 2425 1198 2498 Nec
1232 2426 1392 2495 dicit
1435 2427 1898 2510 necessariam,
1927 2447 2004 2495 eo
2043 2427 2219 2517 quod
2257 2429 2674 2520 comprehen-

416 2547 607 2617 datur
636 2544 951 2636 parochus
975 2543 1101 2612 sub
1127 2541 1341 2612 verbis
1368 2540 1719 2612 Clementis
1745 2541 1898 2612 vul
1939 2554 2005 2611 ct
2035 2543 2191 2612 aliis
2231 2543 2548 2615 interesse
2573 2545 2672 2614 ha-

420 2660 766 2743 bentibus;
794 2660 1149 2750 praesertim
1194 2679 1349 2728 cum
1395 2659 1642 2727 nitatur
1681 2660 2060 2728 auctoritate
2105 2657 2429 2729 Guidonis
2477 2660 2670 2752 Papae,

418 2779 529 2869 qui
554 2777 749 2867 longe
766 2782 913 2844 ante
940 2773 1340 2846 Clementem
1372 2772 1517 2845 Vm
1541 2773 1883 2843 devixerat.

508 2893 883 2964 Pnorosmo
904 2890 1043 2961 lvi.
1072 2928 1162 2942 —
1186 2893 1337 2962 Non
1362 2891 1620 2960 tenetur*-
1638 2889 2030 2982 Episcopus,
2055 2903 2417 2982 antequam
2445 2913 2672 2962 novum

424 3021 818 3080 conventum
856 3005 1153 3096 eriqendi
1192 3005 1532 3073 licentiam
1571 3003 1907 3087 concedat,
1936 3008 2306 3098 par-ochum
2335 3008 2546 3078 citare
2577 3029 2675 3076 seu

424 3145 677 3193 vocare.
710 3161 801 3174 —
836 3120 1097 3190 Etenim
1127 3119 1209 3187 ad
1246 3120 1311 3188 id
1340 3127 1696 3206 teneretur,
1728 3121 1828 3189 vel
1857 3124 1918 3190 vi
1951 3124 2482 3193 constitutionum
2513 3123 2672 3192 Pon·

422 3237 773 3305 tificiarum
816 3237 991 3306 circa
1034 3255 1365 3304 novorum
1399 3242 1842 3304 conventuum
1871 3238 2245 3322 erectiones,
2291 3237 2390 3307 vel
2435 3259 2512 3307 ex
2545 3237 2676 3306 aliis

426 3347 727 3418 Ecclesiae
752 3349 1045 3436 decretis.
1086 3351 1289 3437 Atqui
1316 3356 1624 3418 neutrum
1651 3349 1777 3420 dici
1815 3359 2038 3442 potest.

519 3465 568 3535 1.
616 3465 991 3556 Pontificioe
1018 3463 1522 3534 constitutiones
1552 3462 1632 3532 de
1665 3467 1854 3535 novis
1881 3469 2314 3538 conventibus
2345 3468 2672 3561 eriqcndile,

428 3583 680 3652 dictam
696 3581 1187 3674 formalitatcm
1216 3603 1632 3671 nequaquam
1653 3582 2024 3674 requirunt.
2055 3621 2144 3638 --
2169 3583 2264 3653 Ex
2288 3588 2428 3654 istis
2447 3587 2675 3656 'consti-

430 3701 813 3781 tutionibuS,
842 3699 1060 3778 unica,
1085 3697 1151 3764 in
1183 3697 1457 3786 gratiam
1485 3695 1798 3788 oppositae
1821 3701 2173 3784 sententiae,
2207 3699 2458 3789 phrasis
2481 3703 2678 3772 obten-

428 3816 651 3896 ditur3
704 3833 833 3904 qua
872 3833 1107 3902 nempe
1155 3810 1456 3879 Clemens
1501 3809 1648 3880 vul
1693 3809 2168 3902 (constitutione
2200 3817 2556 3904 Quoniam,
2607 3811 2675 3883 23
2781 3797 2783 3800 Α

426 3929 581 4020 julii
640 3925 834 4018 ¹603)
883 3926 975 3994 sic
1018 3924 1350 3995 decernit:
1408 3952 1445 3994 <t
1486 3924 1932 4009 Declaramus,
1989 3929 2281 3999 locorum
2329 3931 2678 4002 ordinarios

441 4071 475 4112 α
505 4065 641 4112 non
700 4063 881 4133 posse
930 4039 1261 4110 licentiam
1314 4041 1395 4108 ad
1453 4061 1650 4110 novos
1699 4049 2140 4115 conventus...
2193 4047 2531 4138 erigendos
2569 4047 2680 4114 im·

442 4185 477 4227 ε(
508 4157 756 4250 per-tiri,
788 4156 920 4226 nisi
944 4155 1196 4225 vocatis
1222 4167 1285 4223 et
1304 4154 1562 4224 auditis
1588 4157 1964 4228 aliorum...
1993 4175 2439 4232 conventuum
2456 4160 2678 4256 priori·-

442 4299 475 4336 α
506 4273 627 4342 bus
642 4293 753 4340 seu
768 4271 1338 4362 procuratoribm,
1366 4282 1436 4339 et
1469 4272 1619 4341 aliie
1647 4272 1954 4344 interesse
1979 4275 2399 4367 habentibus,
2425 4285 2486 4346 et
2511 4293 2680 4348 causa

440 4415 479 4454 α
504 4387 797 4478 (servatis
835 4387 1201 4478 servandis)
1224 4387 1502 4476 cognita,
1544 4388 1923 4474 constiterit,
1957 4393 2025 4460 in
2071 4392 2316 4463 eisdem
2345 4391 2681 4466 civitatibus
