2834 4959
1078 334 1230 382 uns
1273 336 1491 384 rum.
2345 323 2422 378 25

228 458 611 529 Pnorosmo
647 455 732 524 1⁸.
767 458 986 525 Datur
1038 453 1376 525 distinctio
1414 467 1759 547 praecepta
1807 455 1980 525 inter
2026 466 2091 524 et
2114 448 2417 523 consilia.

145 614 226 629 —
259 601 298 641 ιι
339 572 692 643 Distinctio
751 571 1168 641 consiliorum
1213 593 1252 639 a
1310 570 1668 663 praeceptis,
1727 571 1939 661 inquit
1982 570 2241 653 Suara,
2290 577 2425 639 tam

149 718 184 760 α
207 701 386 763 eerta
425 688 550 757 fide
587 687 848 773 nititur,
895 694 958 757 et
1023 692 1158 755 tam
1207 708 1499 777 expresse
1550 686 1827 755 habetur
1878 688 1947 754 in
2014 707 2195 755 sacra
2248 684 2429 754 Scri·

150 831 184 869 ι
219 809 435 894 ptura,
483 806 548 868 et
595 798 875 867 traditur
923 797 1008 867 ab
1057 798 1358 883 universa
1415 797 1733 867 catholica
1770 798 2094 884 Ecclesia,
2172 804 2249 887 ut
2290 797 2431 867 sine

152 944 186 982 α
211 914 550 985 manifesta
577 912 810 981 haeresi
863 912 1084 1002 negari
1115 934 1248 981 non
1292 914 1593 1002 potuerit.
1626 936 1661 979 ³>
1701 911 1842 1003 (De
1867 911 2227 1002 Reliqione,
2257 918 2427 979 irac-

147 1040 292 1101 tatu
337 1028 484 1115 7,1.
511 1030 568 1109 1,
590 1050 651 1097 e.
685 1028 754 1112 6,
779 1050 850 1097 n.
883 1026 978 1120 6.)
1004 1026 1342 1097 Probatur
1373 1028 1435 1095 1⁰
1457 1026 1803 1119 Scriptura
1824 1048 2039 1095 sacra.
2072 1062 2161 1077 --
2213 1022 2427 1095 Evan-

147 1144 316 1235 gelii
335 1141 406 1213 S.
431 1142 704 1213 Matthaei
727 1141 932 1234 capite
953 1141 1036 1211 19
1062 1166 1080 1211 ε
1107 1142 1194 1211 Si
1220 1142 1324 1211 ita
1363 1155 1460 1211 est
1482 1164 1679 1213 cama
1708 1141 1992 1211 hominis
2019 1162 2171 1209 cum
2195 1160 2421 1219 uxore,

153 1280 292 1328 non
315 1254 573 1349 expedit
591 1256 862 1327 nubere.
905 1256 1004 1325 Ad
1052 1258 1223 1348 quod
1269 1256 1599 1348 respondit
1632 1255 1966 1325 Christus:
2014 1258 2169 1327 Non
2202 1274 2425 1321 omnes

153 1370 434 1463 captimt
465 1370 589 1439 hoc
639 1372 908 1441 verbum
917 1391 950 1456 ,·
975 1378 1062 1455 et,
1104 1372 1224 1463 qui
1257 1382 1478 1463 potest
1509 1393 1738 1463 capere
1763 1371 1997 1463 capiat
2012 1392 2039 1452 ;
2079 1374 2425 1461 posteaque

143 1486 344 1573 addit,
402 1506 540 1555 esse
583 1487 898 1577 quosdam
958 1488 1312 1569 eunuchos,
1366 1488 1482 1577 qui
1534 1508 1599 1555 se
1645 1496 2103 1555 castraverunt
2151 1495 2428 1574 propter

145 1620 428 1689 reqnum
487 1598 826 1666 eoelorum.
905 1597 1002 1667 lbi
1075 1604 1241 1667 certe
1297 1598 1767 1667 continentiam
1832 1596 2051 1668 laudat
2092 1604 2153 1663 et
2204 1596 2429 1663 suadet

143 1712 468 1799 Christus,
521 1722 828 1803 tanquam
875 1714 1036 1803 quid
1105 1712 1314 1782 multo
1369 1714 1770 1803 praestantius
1820 1734 2017 1801 quam
2088 1712 2427 1779 matrimo-

151 1828 390 1911 nium;
458 1836 522 1897 et
571 1829 1006 1897 nihilominus
1061 1850 1210 1897 eam
1261 1848 1390 1895 non
1454 1818 2129 1917 praecipit,siquidem
2184 1823 2427 1893 nedum

159 1945 530 2031 eonjugium
619 1943 912 2023 damnet,
993 1944 1138 2032 ejus
1201 1941 1835 2011 indissolubilitatem
1905 1940 2099 2005 edicit
2153 1962 2169 2004 :
2240 1936 2435 2019 Quod

157 2060 330 2127 Deus
367 2059 740 2149 conjunxit,
792 2058 987 2127 homo
1039 2080 1176 2127 non
1221 2067 1505 2148 separet.
1566 2053 1743 2123 Idem
1792 2058 2039 2122 constat
2091 2072 2167 2119 ex
2214 2059 2433 2119 sancto

153 2171 350 2242 Paulo
371 2174 426 2265 (1
459 2175 608 2243 Cor.
640 2174 706 2261 7)
739 2199 757 2241 z
791 2176 889 2241 De
913 2172 1282 2263 virqinibus
1301 2184 1711 2266 praeceptum
1736 2168 2013 2239 Domini
2038 2190 2171 2237 non
2190 2164 2425 2253 habeo,

151 2288 504 2359 consilium
521 2302 749 2359 autem
777 2287 948 2358 do...
974 2288 1239 2357 Beatior
1257 2287 1384 2355 erit
1399 2286 1463 2355 si
1482 2286 1579 2355 sie
1592 2284 2036 2377 permanserit
2066 2281 2427 2351 seeundum

151 2426 376 2473 meum
401 2405 782 2475 consilium.
836 2404 982 2474 Non
1009 2411 1253 2495 poterat
1303 2402 1539 2471 clarius
1590 2402 1863 2491 exprimi
1891 2399 2263 2469 coelibatum
2292 2417 2429 2465 esse

156 2520 234 2587 de
280 2519 580 2601 oonsilio,
626 2541 760 2587 non
813 2527 1030 2588 autem
1075 2518 1154 2587 de
1205 2525 1547 2611 praecepto.
1607 2515 1742 2586 Nec
1790 2517 2011 2583 minus
2054 2514 2221 2582 clare
2268 2532 2428 2581 con-

163 2638 376 2706 silium
406 2638 802 2729 paupertatis
819 2639 1006 2707 realis
1033 2640 1411 2727 exprimunt
1434 2638 1574 2706 haec
1596 2635 1833 2705 Christi
1862 2634 2089 2703 verba:
2118 2632 2196 2701 Si
2220 2631 2317 2699 vis
2341 2628 2435 2699 ad

169 2750 372 2818 vitam
385 2752 662 2844 inm-edi,
677 2776 864 2823 serva
875 2752 1224 2823 mandata.
1237 2804 1252 2820 .
1265 2742 1292 2820 .’
1308 2752 1392 2820 Si
1402 2754 1503 2821 vis
1506 2753 1837 2845 perfectus
1850 2772 2003 2835 esse,
2023 2748 2217 2833 vade,
2229 2744 2433 2815 vende

171 2867 546 2959 omniaquoe
561 2869 764 2939 habes
786 2881 850 2939 et
871 2868 962 2938 da
974 2870 1402 2961 pauperibus·
1430 2866 1798 2950 Consilium
1818 2866 2017 2935 fuisse
2042 2861 2214 2951 quod
2237 2859 2434 2951 primi

169 2980 382 3051 fideles
437 2984 604 3053 bona
637 3008 758 3053 sua
820 2984 1170 3055 venderent
1227 2992 1289 3052 et
1335 2984 1413 3053 ad
1470 2982 1661 3073 pedes
1714 2979 2177 3073 Apostolorum
2230 2973 2433 3043 deser·

169 3105 329 3184 rent,
358 3102 636 3193 proluunt
671 3100 807 3169 haee
833 3098 900 3169 S.
933 3098 1104 3167 Petri
1133 3099 1324 3170 verba
1346 3098 1425 3167 ad
1451 3098 1775 3167 Ananiam
1806 3095 2012 3185 (Act.,
2042 3093 2105 3184 5)
2141 3114 2159 3159 ε
2194 3092 2433 3162 Nonne

173 3238 432 3289 manens
482 3218 615 3288 tibi
642 3218 979 3299 manebat,
1033 3230 1097 3287 et
1119 3218 1598 3291 venumdatum
1625 3217 1697 3285 in
1729 3226 1850 3283 tua
1870 3220 2013 3282 erat
2040 3208 2433 3303 potestate?

261 3334 584 3403 Probatur
601 3334 670 3402 2ο
699 3358 782 3403 ex
817 3333 1071 3403 sanctis
1094 3334 1433 3403 Patribus.
1466 3368 1557 3387 -·
1574 3331 1641 3400 S.
1682 3328 2035 3419 Gregorius
2084 3325 2430 3394 Nazianze-

177 3467 338 3517 nus:
381 3474 416 3513 α
443 3447 516 3518 1η
573 3448 828 3538 legibus
889 3450 1121 3518 nostris
1193 3448 1316 3515 alia
1389 3446 1658 3538 parendi
1716 3443 2155 3513 necessitatem
2224 3443 2433 3527 impo-

183 3586 216 3623 a
239 3574 422 3647 nunt,
455 3584 578 3633 nec
606 3564 742 3631 sine
771 3564 1060 3655 periculo
1100 3562 1503 3655 praetermitti
1528 3563 1797 3651 possunt
1824 3582 1842 3627 z
1872 3558 1998 3627 alia
2032 3579 2161 3627 non
2201 3571 2431 3622 neces-

181 3700 214 3739 «
254 3678 430 3747 siiate
503 3676 984 3767 constringunt,
1042 3677 1154 3746 sed
1233 3676 1304 3745 in
1379 3676 1647 3745 arbitrio
1712 3680 1777 3743 et
1850 3678 2151 3765 potestate
2230 3665 2432 3757 posita

183 3802 426 3882 «sunt3
479 3815 558 3863 ae
611 3794 1091 3893 proinde'hane
1151 3792 1464 3861 rationem
1525 3791 1785 3877 habent,
1840 3788 2066 3878 utqui
2111 3806 2183 3852 ea
2220 3788 2433 3849 eusto-

183 3931 218 3971 c
257 3908 516 3991 dierint,
589 3910 834 3979 honore
877 3914 940 3978 et
985 3908 1266 4001 praemiis
1313 3906 1708 3978 afficiantur.
1766 3903 1893 3985 Qui
1940 3911 2155 3971 autem
2212 3898 2435 3967 minus

181 4046 218 4087 (ι
253 4044 330 4093 ea
403 4026 823 4118 expleverint,
865 4006 868 4015 ⁵
903 4025 1070 4094 nihil
1142 4024 1414 4117 periculi
1484 4024 2026 4117 pertimescant.»
2093 4014 2330 4107 (Oratio
2362 4016 2429 4099 3,

179 4135 326 4207 alias
367 4141 429 4225 1,
485 4148 704 4211 contra
753 4139 1117 4227 «lulianum,
1174 4162 1392 4209 versus
1420 4140 1618 4208 finem
1660 4131 2039 4229 paragraphi
2084 4131 2195 4200 Ad
2239 4130 2428 4221 kaee).

185 4245 482 4339 Origenes
555 4275 573 4320 z
637 4278 671 4319 α
730 4250 879 4321 ldeo
940 4258 1252 4344 praecepta
1301 4250 1651 4335 donantur,
1715 4252 1791 4314 ut
1840 4244 2069 4313 delicta
2115 4242 2433 4334 persolva-

199 4386 474 4437 «mus...
523 4366 614 4437 Ea
663 4388 811 4437 vero
857 4388 1005 4457 quae
1057 4386 1253 4458 supra
1297 4364 1591 4433 debitum
1639 4360 1935 4451 facimus,
1976 4380 2107 4429 non
2158 4356 2433 4425 facimus
