2834 4959
283 353 286 365 Β
387 289 462 348 18
953 297 1290 348 mcnws
1333 261 1414 346 1313
1457 299 1607 346 sulm
1646 299 2056 348 nncummtm.

467 415 638 506 Ergo
671 437 889 486 revera
911 418 982 485 in
1010 417 1398 510 Episcopatu
1432 439 1584 488 vera
1605 420 1925 510 reperitur
1948 424 2147 487 status
2184 421 2369 488 ratio.

470 532 537 599 2⁰
569 531 783 600 Status
831 532 940 602 ille
985 534 1186 624 exigit
1210 541 1284 602 ut
1308 533 1662 626 Episcopus
1690 534 2143 626 perfectionem
2180 538 2320 626 jam
2368 536 2657 626 acquisi-

378 648 562 716 verit.
617 646 786 716 Nam
824 649 894 714 in
941 647 1118 718 hunc
1145 649 1347 718 finem
1400 649 1604 717 tendit
1649 655 1713 718 et
1760 650 2100 718 ordinatur
2138 657 2335 718 status
2390 650 2524 734 ille,
2574 660 2661 719 ut

375 761 702 831 mundum
737 761 1062 830 illuminet
1112 769 1174 831 et
1221 763 1596 845 sanctificet,
1622 765 1806 853 juxta
1850 763 2013 833 illud
2060 763 2341 834 Matthaei
2368 764 2451 833 5:
2526 767 2660 834 Vos

374 878 524 946 estis
550 878 660 946 sal
689 890 880 946 terroe
899 897 931 961 ;
966 898 1079 944 vos
1109 878 1262 949 estas
1286 877 1407 945 lua:
1450 875 1694 946 mundi
1716 899 1741 945 .·
1767 899 1959 946 nemo
1982 877 2280 946 accendit
2308 879 2663 948 lucernam

373 1004 437 1060 et
457 993 655 1084 ponit
677 1013 823 1060 eam
845 990 966 1059 sub
995 990 1242 1074 modic,
1268 991 1387 1060 sed
1409 982 1614 1084 super'
1627 991 2137 1082 candelabrum,
2157 1006 2237 1063 ut
2260 995 2479 1062 luceat
2504 1019 2663 1064 om-

373 1108 584 1194 nibus,
611 1107 825 1200 quiin
845 1105 1042 1174 domo
1065 1119 1246 1176 sunt.
1279 1105 1703 1176 Constituitur
1738 1129 1973 1200 nempe
2000 1107 2380 1200 Episcopu5‚
2415 1133 2550 1178 non
2584 1118 2665 1179 ut

370 1221 776 1314 acquirendae
814 1223 1098 1313 propriae
1142 1223 1525 1313 perfectioni
1554 1223 1901 1310 adlaboret‚
1950 1225 2061 1292 sed
2108 1230 2183 1293 ut
2224 1233 2484 1294 caeteros
2514 1227 2661 1317 ipse

370 1335 686 1428 perficiat,
744 1341 806 1402 et
855 1337 926 1404 in
978 1336 1380 1426 procuranda
1438 1357 1665 1406 eorum
1712 1338 1913 1405 salute
1964 1346 2027 1406 et
2080 1338 2465 1428 perfectione
2512 1361 2661 1410 sese

367 1448 722 1541 impendat.
775 1447 856 1518 Et
881 1449 1146 1538 quidem
1189 1450 1267 1520 ad
1298 1451 1619 1539 ejusmodi
1664 1459 1922 1520 caeteros
1947 1451 2327 1541 perficiendi
2350 1451 2655 1522 officium

371 1567 460 1635 ita
491 1565 857 1656 deputatur,
902 1573 974 1632 ut
1002 1563 1415 1656 ipse‹,debeat
1470 1587 1603 1634 esse
1644 1565 1765 1634 lux
1792 1564 2075 1651 mwzdi;
2124 1573 2188 1634 et
2233 1589 2366 1635 non
2393 1575 2657 1638 tanmm

373 1678 587 1748 verbis
639 1678 1100 1770 perfectionem
1157 1677 1451 1757 suadere,
1512 1677 1623 1746 sed
1670 1678 1945 1768 ipsomet
1994 1678 2398 1767 perfectionis
2464 1702 2655 1748 exer-

382 1791 532 1861 citio
593 1793 666 1860 in
717 1791 1004 1860 Ecclesia
1051 1791 1414 1881 splendere.
1480 1790 1652 1880 Ergo
1693 1793 2022 1882 Episcopis
2067 1793 2411 1880 incumbit,
2438 1796 2500 1861 vi
2542 1798 2649 1885 ip-

374 1927 595 1976 sorum
643 1912 868 1994 status,
921 1906 1272 1976 exercenda
1303 1905 1631 1996 perfectio.
1666 1905 1791 1978 Sed
1856 1909 2137 1976 exerceri
2196 1909 2421 1998 nequit
2464 1911 2649 2000 quod

371 2044 504 2093 non
530 2021 804 2090 habetur
828 2044 845 2089 ε
873 2043 1030 2111 ergo
1053 2005 1360 2111 supponit
1384 2029 1451 2090 et
1476 2044 1589 2110 per
1624 2044 1691 2091 se
1722 2023 2000 2112 postulat
2024 2031 2223 2092 status
2246 2024 2358 2093 ille
2378 2027 2517 2111 jam
2544 2049 2657 2096 ac·

373 2134 674 2225 quisitam
699 2132 1182 2223 perfectionem.
1235 2131 1319 2200 Et
1341 2132 1437 2202 sic
1461 2133 1646 2202 valde
1690 2133 1909 2202 differt
1942 2133 2362 2228 Episcopatus
2405 2159 2441 2204 a
2482 2145 2660 2206 statu

372 2247 846 2334 religiosorum.
877 2245 1046 2316 Nam
1079 2245 1530 2336 religiosorum
1582 2252 1777 2316 status
1818 2249 1888 2316 in
1913 2240 2091 2318 hunc
2116 2250 2315 2318 finem
2356 2250 2569 2320 tendit
2598 2261 2664 2321 et

372 2363 702 2432 institutus
729 2369 848 2449 est,
874 2369 948 2429 ut
990 2360 1360 2452 acquiratur
1387 2361 1691 2452 perfectio
1718 2386 1737 2446 ;
1764 2362 1843 2430 ad
1878 2385 2077 2453 quem
2107 2366 2306 2434 finem
2333 2372 2663 2454 tanquam

378 2477 590 2547 media
617 2477 1008 2546 adhibentur
1052 2472 1477 2545 consiliorum
1503 2477 1715 2566 praxis
1751 2487 1815 2546 et
1838 2477 2313 2548 obstaculorum
2348 2485 2659 2552 remotio.

379 2589 796 2682 Episcopatus
831 2596 1074 2668 autem,
1126 2609 1282 2657 cum
1341 2588 1425 2657 ad
1479 2587 1895 2658 exercendam
1937 2591 2392 2681 perfectionem
2456 2595 2667 2665 fuerit

377 2706 735 2789 institutus,
777 2713 840 2774 et
880 2723 1023 2772 eam
1045 2711 1361 2794 supponat
1387 2703 1794 2794 acquisitam,
1832 2725 1964 2774 non
2002 2707 2199 2796 exigit
2226 2710 2665 2782 consiliorum

379 2822 654 2915 praxim,
711 2817 890 2887 verbi
947 2813 1170 2908 gratia,
1223 2825 1667 2909 paupertatem
1712 2824 1776 2888 et
1818 2821 2247 2891 ohedientiam
2280 2823 2369 2916 (1)
2422 2847 2439 2907 ;
2494 2831 2667 2916 quia

379 2938 520 3008 haec
543 2933 812 3006 consilia
837 2955 968 3002 non
997 2932 1412 3019 adhibentur,
1456 2935 1587 3002 nisi
1611 2942 1925 3025 tanquam
1954 2938 2171 3008 media
2198 2938 2277 3008 ad
2308 2945 2665 3029 acquiren-

381 3053 530 3122 dam
566 3051 1024 3143 perfectionem
1054 3074 1070 3117 ε
1101 3069 1232 3118 non
1257 3055 1475 3118 autem
1522 3059 1775 3119 tenetur
1800 3053 1949 3142 quis
1974 3054 2281 3123 adhibere
2325 3057 2545 3126 media
2582 3061 2663 3128 ad
2752 3051 2758 3054 ’

383 3165 852 3256 acquirendum
883 3165 1057 3256 quod
1078 3163 1292 3232 habet.

472 3280 606 3348 Nec
637 3280 885 3347 dicatur
907 3279 1066 3348 hinc
1091 3279 1271 3368 sequi
1297 3277 1646 3346 absurdum
1675 3301 1696 3349 t
1730 3302 1861 3349 non
1891 3303 2071 3372 posse
2096 3281 2337 3352 scilicet
2362 3285 2665 3375 aliquem

387 3396 458 3464 in
491 3392 880 3483 Episcopum
927 3393 1256 3478 constitui,
1290 3392 1416 3459 nisi
1462 3392 1644 3484 prius
1691 3395 1760 3460 in
1804 3402 1969 3463 statu
1998 3397 2407 3486 acquirendae
2442 3403 2667 3489 perfe-

387 3509 640 3584 ctionis,
659 3506 724 3574 id
751 3513 866 3591 est,
889 3507 959 3575 in
985 3511 1150 3574 statu
1177 3505 1629 3596 religiosorum
1662 3508 2053 3594 militaverit,
2082 3516 2147 3579 et
2178 3513 2257 3580 ad
2284 3515 2663 3586 terminum

386 3626 582 3715 hujus
631 3629 829 3690 status
871 3621 1256 3710 pervenerit,
1289 3622 1355 3690 id
1381 3628 1500 3707 est,
1552 3623 2007 3714 perfectionem
2036 3647 2151 3716 per
2195 3648 2348 3695 eum
2404 3634 2663 3700 statum

383 3741 680 3829 attigerit.
735 3737 928 3821 Nam,
977 3746 1052 3803 ut
1079 3739 1167 3804 ait
1211 3736 1450 3806 Suarez
1486 3737 1591 3828 (de
1629 3739 1991 3830 Reliqione,
2043 3748 2309 3811 tractatu
2359 3743 2423 3826 7,
2474 3746 2519 3811 l.
2592 3750 2660 3833 1,

387 3876 444 3924 c.
483 3857 590 3935 14,
647 3877 718 3922 n.
758 3851 848 3943 8),
899 3873 1034 3920 non
1069 3865 1161 3920 est
1201 3873 1451 3921 necesse
1489 3865 1570 3920 ut
1616 3853 1749 3922 illa
1786 3856 2107 3946 perfectio
2145 3860 2510 3948 personalis
2580 3864 2661 3939 in

386 3969 613 4060 aliquo
638 3980 822 4038 statu
837 3965 1276 4059 perfectionis
1313 3967 1647 4059 acquisita
1667 3969 1759 4037 sit
1768 3988 1800 4054 ,⁰
1831 3982 2053 4060 potest
2072 3972 2250 4041 enim
2275 3986 2471 4042 extra
2496 3989 2660 4046 sta-

392 4107 540 4164 tum
565 4092 986 4184 perfectionis
1013 4092 1419 4184 comparari.
1450 4092 1649 4161 Aliud
1678 4114 1915 4186 nempe
1930 4102 2024 4168 est
2046 4117 2179 4166 esse
2212 4100 2557 4190 perfectus,
2592 4110 2661 4172 et

440 4283 500 4343 (ι)
523 4279 594 4330 Ad
613 4282 896 4331 castimem
913 4285 1117 4333 tenetur
1149 4281 1440 4346 Episcopus,
1465 4293 1529 4335 ex
1547 4282 1744 4332 rattone
1776 4279 2101 4346 Episcopatut
2128 4285 2422 4348 extrinseca3
2454 4297 2655 4350 nempe

377 4375 438 4416 ex
459 4365 574 4412 voto
595 4361 752 4411 sacris
773 4358 1029 4412 ordinibus
1054 4361 1270 4414 adnexo.
2506 4435 2535 4474 x
