2834 4959
1181 290 1332 337 PARS
1380 290 1597 339 PRIMA.
2454 287 2485 343 1
2500 288 2529 343 1

1187 672 1465 743 CAPUT
1502 673 1615 741 ΠΙ.

1047 895 1190 949 QUID
1235 896 1330 941 SIT
1373 894 1725 944 PERPEGTIO.

343 1114 712 1185 Pnorosmo
773 1116 856 1185 1⁸.
889 1154 982 1167 —
1011 1116 1124 1185 Ad
1159 1117 1631 1209 perfectionem
1679 1118 2045 1207 requiritur
2088 1118 2407 1189 charitas.
2438 1158 2529 1173 —-

252 1232 733 1301 Praemonemus
776 1253 896 1299 nos
943 1232 1054 1299 hic
1106 1232 1288 1322 loqui
1332 1232 1414 1300 de
1471 1230 1859 1321 perfectione
1902 1232 2165 1301 relative
2207 1234 2284 1301 ad
2330 1236 2526 1305 vitam

247 1348 666 1416 christianam
697 1369 718 1429 ;
745 1346 922 1415 unde
961 1346 1106 1417 haec
1151 1348 1310 1435 duc,
1351 1348 1677 1438 perfectio
1700 1354 1763 1417 et
1794 1348 2107 1439 perfectio
2140 1348 2524 1421 christiam

239 1462 424 1545 vitae,
455 1462 531 1529 in
564 1460 862 1552 prementi
895 1461 1356 1551 disceptatione
1383 1461 1559 1531 idom
1595 1462 1867 1531 omnino
1900 1469 2153 1533 sonant.
2196 1464 2383 1545 Quod
2412 1486 2527 1535 au-

236 1584 372 1643 tem
475 1577 556 1643 ad
630 1574 949 1663 ejusmodi
1017 1572 1477 1665 perfectionem
1559 1575 2071 1645 constituendam
2156 1580 2526 1667 requiratur

237 1691 524 1760 charitas
565 1689 880 1782 probatur
931 1690 1164 1759 facile:
1207 1712 1360 1759 nam
1409 1691 1691 1782 perfecta
1721 1691 1855 1759 dici
1906 1692 2133 1781 nequit
2168 1694 2297 1761 vita
2341 1694 2525 1762 chri-

232 1808 472 1887 stiana,
531 1808 658 1876 nisi
705 1808 1043 1875 hominem
1087 1807 1342 1897 justum
1380 1814 1445 1874 et
1490 1806 1623 1875 Deo
1662 1814 1921 1897 gratum
1972 1809 2190 1889 faciat,
2240 1832 2523 1900 eumque

252 1922 448 1989 ducat
485 1924 557 1989 ad
621 1928 932 1989 aeternam
997 1921 1507 2001 beatitudinem;
1570 1924 1682 1989 sed
1732 1920 1975 2010 absque
2034 1922 2339 1989 charitate
2406 1946 2525 1993 nec

251 2056 456 2104 rernm
492 2037 818 2126 justitiam
877 2036 1140 2124 habere,
1189 2058 1308 2105 nec
1355 2034 1491 2105 Deo
1536 2035 1813 2129 placere,
1867 2056 1987 2104 nec
2028 2034 2301 2103 salutem
2346 2038 2565 2105 aeter-'

235 2174 394 2219 nam
445 2151 788 2243 consequi,
832 2152 1030 2222 homo
1084 2160 1321 2244 potest;
1393 2174 1549 2243 ergo
1602 2152 1680 2221 ad
1739 2151 2197 2243 perfectionem
2242 2154 2524 2223 'omnino

227 2267 597 2356 requiritur
639 2268 942 2335 charitas.
1004 2267 1087 2336 Et
1147 2276 1453 2358 praeterea
1506 2270 1899 2337 christianus
1946 2268 2061 2357 qni
2114 2287 2246 2335 non
2308 2272 2406 2337 est
2455 2270 2525 2337 in

226 2389 404 2451 statu
461 2382 794 2451 charitatis
813 2434 832 2463 ,
895 2382 1022 2451 hoc
1083 2384 1220 2475 ipso
1261 2390 1356 2453 est
1402 2385 1475 2451 in
1536 2388 1705 2451 statu
1771 2383 2009 2473 peccati
2063 2382 2349 2451 mortalis
2367 2435 2387 2467 ,
2446 2404 2523 2451 ac

229 2498 508 2587 proinde
553 2505 877 2589 repugnat
905 2520 1060 2567 eum
1111 2499 1467 2589 perfectum
1512 2498 1665 2567 dici.
1722 2498 1941 2568 Posset
1980 2504 2193 2566 autem
2244 2518 2527 2587 praesens

233 2614 570 2683 conclusio
599 2614 850 2685 firmari
891 2636 1086 2685 sacrae
1131 2614 1481 2704 Scripturas
1526 2614 1824 2693 textibuS‚
1868 2614 2141 2703 aliisque
2174 2614 2521 2683 auctorita-

237 2724 455 2811 tibus3
486 2750 522 2797 a
549 2728 794 2819 quibus
828 2734 1047 2798 tamen
1091 2726 1487 2798 adducendis
1521 2727 1946 2812 abstinemus,
1994 2730 2147 2817 quia
2172 2749 2278 2797 res
2310 2750 2426 2818 per
2454 2748 2523 2797 se

239 2846 443 2931 patet,
489 2850 550 2910 et
598 2842 844 2933 absque
877 2842 1012 2911 ullo
1049 2842 1340 2911 dissensu
1388 2849 1697 2931 tanquam
1742 2842 2099 2911 certissima
2134 2841 2411 2922 habetur
2436 2841 2519 2909 ab

235 2956 584 3041 omnibus3
641 2965 836 3048 prout
878 2958 1080 3026 videri
1131 2966 1332 3049 potest
1361 2959 1534 3049 apud
1564 2956 1797 3027 Suarez
1822 2956 1927 3048 (de
1969 2955 2338 3048 Reliqione‚
2386 2964 2523 3025 tra-

229 3055 1050 3164 ctatu7,1.1,c.3et4).'

325 3185 711 3258 Pnomsmo
731 3188 838 3257 11⁸.
863 3188 1078 3257 -Ad
1085 3188 1557 3281 perfectionem
1576 3210 1716 3277 non
1728 3187 1988 3279 sufficit
2008 3187 2296 3257 charitas
2315 3209 2521 3257 essen-

246 3298 452 3387 tialis,
477 3300 597 3370 sed
617 3303 978 3395 requiritur
1007 3304 1274 3395 insuper
1291 3303 1661 3395 peculiaris
1684 3302 1957 3394 quidam
1983 3302 2333 3373 charitatis
2356 3327 2519 3397 qm·-

235 3412 392 3499 ἀπε,
408 3418 528 3507 qui
543 3440 956 3489 communem
980 3419 1491 3487 christianorum
1512 3418 1909 3487 charitatem
1932 3430 2219 3509 superet.
2239 3458 2329 3471 —
2352 3418 2519 3487 Cha·-

234 3531 394 3600 ritas
419 3533 773 3602 essentialis
822 3535 892 3603 in
943 3536 1066 3604 hoc
1112 3535 1400 3624 ponitur,
1460 3535 1632 3623 quod
1676 3533 1987 3622 diligatur
2038 3533 2211 3603 Deus
2259 3538 2520 3624 propter

227 3648 521 3737 seipsum
567 3672 645 3718 ex
662 3655 792 3719 toto
819 3649 1010 3719 corde
1047 3656 1110 3719 et
1135 3650 1380 3737 animo,
1426 3649 1493 3717 id
1523 3655 1641 3735 est,
1685 3671 1883 3743 super
1908 3649 2137 3718 omnia
2178 3642 2521 3738 appretia-

233 3761 396 3831 tive.
429 3762 768 3855 Ejusmodi
815 3772 1033 3835 autem
1077 3766 1350 3835 charitas
1391 3768 1657 3835 existere
1714 3772 1921 3857 potest
1963 3767 2031 3833 in
2078 3762 2373 3845 homine,
2404 3758 2521 3850 qui

229 3899 372 3947 non
431 3890 616 3949 curat
668 3881 747 3949 de
799 3881 1073 3950 vitandis
1125 3882 1398 3973 peccatis
1449 3882 1836 3966 venialibus,
1880 3902 2003 3949 nec
2062 3874 2516 3966 cupiditatibus

219 3996 374 4063 suis
422 3995 688 4084 resistit,
737 3998 864 4065 nisi
907 4003 1226 4086 qnantum
1250 4018 1531 4069 -necesse
1573 4004 1665 4067 est
1712 3998 1791 4067 ad
1822 3991 2159 4066 vitandum
2184 3998 2515 4081 peccatum

221 4110 532 4200 mortale,
581 4111 863 4203 quique,
940 4092 1405 4203 praeceptorum
1470 4104 1910 4183 observatione
1958 4112 2298 4176 contentus
2318 4158 2339 4189 ‚
2392 4128 2513 4177 nec

219 4226 510 4296 consilia
559 4227 952 4319 evangelica,
1001 4249 1118 4333 nec
1161 4228 1290 4297 alia
1337 4223 1919 4321 supererogationis
1971 4244 2164 4317 opera
2205 4227 2508 4291 sectatur.

217 4337 439 4413 Porro
495 4344 616 4434 qui
691 4344 783 4415 sic
830 4346 1060 4415 vivunt
1124 4343 1369 4436 absque
1417 4350 1675 4435 peccato
1727 4341 2037 4425 mortali,
2096 4356 2509 4431 nequaquam
