2834 4959
335 335 458 392 366
903 331 1242 382 TRAGTATUS
1286 331 1367 379 m:
1412 329 1562 378 mn
1608 327 2021 377 REGULARIUM.

327 463 614 532 doctores
639 455 1090 527 Lovanienses.
1115 451 1359 526 Casum
1386 450 1541 542 ipsis
1570 448 2005 550 propositum,
2036 469 2191 517 cum
2219 469 2538 540 responso
2566 445 2645 522 et

330 570 941 665 subscriptionibus,
970 567 1332 659 reperimus
1361 567 1434 634 in
1469 563 1795 634 Hibernia
1823 561 2273 649 dominicam,
2314 587 2381 656 p.
2419 563 2489 634 3.
2524 566 2643 635 Ad

334 687 892 758 authenticitatem
915 689 1135 753 autem
1165 679 1340 773 quod
1361 680 1591 750 attinet
1616 678 1893 769 hujusce
1918 677 2325 764 documenti,
2361 685 2641 751 testatur

332 802 616 873 Thomas
647 801 728 870 de
768 801 1014 890 Burgo,
1044 797 1362 888 originale
1395 817 1659 866 summa
1690 815 1851 864 cura
1879 791 2191 862 asservari
2235 795 2309 862 in
2334 795 2633 866 archivio

333 919 602 1010 Collegii
628 917 863 986 Sancti
905 913 1154 984 Isidori
1200 913 1278 982 de
1333 911 1537 996 Urbe,
1574 909 1879 980 Fratrum
1928 909 2265 978 Minorum
2302 907 2629 980 Hiberno-

337 1057 514 1120 rum,
541 1039 604 1103 et
629 1032 898 1124 reperiri
923 1033 1124 1100 etiam
1151 1029 1328 1098 idem
1377 1027 1847 1097 documentum
1899 1025 1970 1092 in
2009 1025 2379 1094 summario
2407 1028 2631 1118 cujus·

339 1151 490 1220 dam
529 1169 738 1218 causae
781 1145 1120 1238 (parochos
1169 1144 1336 1212 inter
1367 1147 1431 1212 et
1467 1139 1721 1214 Fratres
1746 1139 2181 1212 mendicantes
2224 1139 2449 1232 oppidi
2474 1140 2629 1210 Gal-

340 1267 578 1336 viensis
623 1266 694 1334 in
741 1263 1078 1347 Hibernia,
1123 1259 1299 1351 apud
1343 1258 1410 1327 S.
1464 1256 2049 1347 Congregationem
2090 1255 2169 1324 de
2210 1257 2627 1349 propaganda

342 1383 489 1469 fide,
517 1378 873 1468 vertentis),
904 1377 1124 1445 Romae
1151 1374 1465 1464 impresso
1506 1371 1673 1463 typis
1730 1375 1788 1439 Z
1792 1369 1989 1463 inqlu·
2013 1383 2077 1439 et
2121 1370 2428 1442 Monaldi
2449 1371 2627 1440 1722

343 1494 708 1586 (Hibernia
731 1491 1184 1578 dominicam,
1215 1511 1365 1580 pag.
1417 1486 1556 1578 86).
1596 1485 1697 1556 En
1726 1489 2231 1557 instrumentum
2254 1487 2621 1576 integrum,

346 1616 536 1699 prout
556 1609 698 1676 loco
723 1605 914 1675 citato
942 1604 1278 1675 Hiber-nice
1301 1601 1743 1672 dominicanae
1761 1605 1931 1693 iacet
1957 1626 1975 1671 ε

439 1749 474 1788 a
506 1721 720 1792 Casus.
750 1759 842 1774 -
865 1719 1099 1790 Utrum
1134 1719 1459 1810 regulares
1487 1717 1559 1786 in
1590 1715 1985 1802 civitatibus,
2028 1715 2143 1786 ubi
2180 1715 2339 1785 olim
2362 1715 2629 1788 habue-

353 1847 572 1909 «runt
616 1837 1025 1923 monasteria,
1073 1838 1145 1905 in
1179 1835 1419 1926 quibus
1475 1853 1830 1904 nunc·non
1878 1839 2152 1925 possunt
2196 1832 2493 1903 habitare
2540 1833 2633 1904 ob

352 1982 386 2022 «
415 1956 863 2032 baereticorum
893 1953 1390 2042 persecutiones,
1426 1949 1674 2041 possint
1711 1948 1885 2018 licite
1913 1954 1977 2017 et
2019 1947 2233 2017 valide
2273 1948 2347 2016 in
2393 1949 2625 2018 iisdem

353 2095 389 2138 α
415 2041 807 2148 civitatibus,
837 2067 972 2137 sine
1003 2086 1167 2134 nova
1191 2062 1691 2136 ordinariorum
1720 2063 2139 2150 admissione,
2168 2063 2627 2154 approbatione

353 2207 387 2250 α
415 2189 528 2252 aut
581 2182 869 2261 licentia,
926 2180 1243 2249 aedificare
1301 2185 1416 2248 aut
1466 2177 1826 2248 conducere
1866 2177 2094 2247 domos
2138 2177 2497 2261 saeculares,
2550 2181 2626 2248 in

354 2323 392 2362 α
417 2294 659 2386 quibus
684 2295 809 2365 sub
844 2295 1128 2385 regulari
1167 2293 1456 2386 praelato,
1490 2299 1625 2363 tam
1656 2315 1836 2364 sacra
1872 2292 2197 2362 celebrent
2219 2293 2291 2362 in
2321 2293 2629 2364 altaribus

360 2437 392 2477 c<
424 2410 866 2504 portatilibus,
900 2413 1082 2501 juxta
1127 2409 1459 2479 facultates
1488 2431 1525 2478 a
1569 2407 1638 2480 S.
1690 2408 1836 2479 sede
1870 2409 2235 2501 Apostolica
2268 2429 2623 2496 concessae,

358 2555 390 2592 a
419 2546 618 2615 quam
641 2525 794 2594 alias
827 2545 1096 2594 suarum
1121 2523 1524 2615 religionum
1564 2525 1932 2594 functiones
1956 2525 2305 2616 (quantum
2344 2531 2631 2616 tempora

357 2665 392 2708 α
417 2640 770 2734 periculosa
817 2640 1218 2731 permittunt)
1260 2639 1640 2710 exerceant?
1686 2637 1768 2708 Et
1805 2660 1888 2708 an
1938 2641 2008 2708 in
2046 2639 2277 2708 iisdem
2325 2639 2629 2710 domibus

355 2781 389 2820 α
418 2753 740 2845 gaudeant
775 2755 911 2822 suis
943 2753 1297 2844 privilegiis
1339 2762 1401 2824 et
1444 2754 1896 2845 indulgentiis,
1934 2761 2242 2846 tanquam
2282 2753 2439 2824 siin
2475 2777 2625 2847 pro-

354 2890 390 2936 «
416 2869 578 2961 priis
605 2867 1002 2936 monasteriis
1037 2866 1360 2938 fuissent?

439 2973 886 3044 Rasrounss‘rua
951 2998 969 3043 ε
1030 3014 1118 3027 -
1181 2973 1368 3056 Quod
1422 2973 1707 3045 haeretici
1762 2997 1877 3066 per
1924 2975 2401 3068 persecutiones
2454 2999 2628 3060 suas,

357 3114 394 3156 ι(
424 3088 750 3179 religiosos
787 3089 1043 3180 pellunt
1085 3088 1352 3179 quidem
1389 3088 1649 3160 sedibus
1694 3091 1855 3177 suis,
1908 3113 2041 3161 non
2070 3098 2295 3162 autem
2334 3091 2627 3183 juribus,

357 3229 396 3270 α
421 3205 523 3272 vel
573 3204 922 3294 privilegiis
967 3204 1126 3274 suis.
1181 3203 1398 3295 ltaque
1446 3210 1716 3296 possunt
1759 3206 1883 3296 ipsi
1930 3207 1999 3275 in
2032 3206 2217 3289 locis,
2251 3208 2489 3297 quibus
2520 3229 2631 3276 ex-

361 3343 396 3384 «
427 3317 601 3410 pulsi
648 3341 762 3409 per
811 3318 1146 3388 baereticos
1188 3327 1364 3401 sunt,
1420 3319 1521 3389 vel
1580 3321 1651 3389 in
1704 3320 1998 3392 districtu
2054 3345 2173 3394 suo
2222 3321 2435 3414 solito,
2494 3325 2629 3394 sine

359 3459 395 3498 a
421 3453 588 3502 novo
641 3453 958 3504 consensu
1012 3432 1340 3505 Ordinarii
1402 3435 1723 3506 aedificare
1790 3437 1917 3507 sibi
1972 3437 2152 3508 sedes
2214 3444 2291 3508 et‘
2332 3439 2625 3518 oratoria,

359 3575 394 3614 a
422 3549 546 3617 sub
591 3550 878 3640 antiquis
909 3554 972 3618 et
1020 3548 1221 3620 solitis
1274 3550 1635 3643 privilegiis
1670 3575 1747 3622 ac
1789 3553 2216 3646 indulgentiis
2248 3554 2423 3640 suis3
2457 3561 2519 3624 et
2562 3555 2626 3623 in

359 3691 395 3732 a
423 3665 526 3732 his
557 3686 849 3735 exercere
894 3685 1042 3754 quae
1073 3687 1206 3734 suae
1236 3666 1574 3757 religionis
1618 3689 1692 3737 ac
1724 3668 2221 3759 privilegiorum
2270 3677 2455 3754 sunt,
2498 3671 2625 3738 sine

365 3806 398 3846 α
426 3801 598 3850 novo
644 3801 962 3850 consensu
1014 3778 1364 3867 Ordinarii,
1428 3782 1600 3852 salvo
1650 3785 1826 3873 quod
1872 3784 1941 3854 in
1988 3784 2447 3878 approbatione
2478 3805 2622 3855 con-

360 3923 396 3962 «
419 3897 823 3966 cionatorum
883 3901 945 3964 et
1012 3896 1551 3968 confessariorum
1604 3902 1821 3990 (prout
1872 3902 2095 3992 solent)
2146 3904 2481 3992 requirant
2517 3922 2619 3992 ap·

362 4035 396 4076 <a
425 4009 872 4100 probationem
923 4009 1445 4082 ordinariorum.
1502 4013 1694 4084 Salvo
1738 4016 1993 4086 meliori
2026 4015 2279 4108 judicio
2322 4055 2415 4069 —
2446 4016 2617 4085 Jaco-

359 4149 394 4190 «
419 4123 542 4192 bus
591 4123 970 4209 Sansonius,
1024 4145 1354 4194 sacrarum
1420 4126 1905 4218 Scripturarum
1958 4130 2233 4200 Lovanii
2289 4132 2615 4222 professor,

365 4265 400 4306 ι(
429 4237 728 4308 Ecclesiae
773 4240 907 4309 divi
957 4239 1129 4309 Petri
1153 4241 1416 4328 ibidem
1445 4239 1726 4312 decanus
1752 4283 1844 4296 —
1878 4243 2245 4317 Gulielmus
2268 4245 2611 4327 Fabricius,

366 4377 398 4414 «
427 4373 625 4420 sacrae
677 4353 1012 4443 theologiae
1087 4354 1354 4424 Lovanii
1436 4357 1755 4449 professor
1804 4367 1867 4430 et
1932 4362 2149 4442 doctor
2206 4399 2299 4418 -
2358 4361 2617 4430 Joannes
