2834 4959
1081 363 1231 412 PARS
1278 363 1574 411 SECUNDA.
2331 361 2357 414 1
2373 359 2408 413 8
2421 362 2452 407 7

198 488 419 570 tiones,
471 485 783 576 reliqiosa
830 483 1141 554 instituta
1172 507 1195 552 .-
1250 483 1598 574 aliquando
1643 505 1792 552 vero
1845 485 2170 554 diversum
2225 487 2452 558 iisdem

190 602 457 671 vocibus
484 621 751 668 sensum
780 599 1077 688 affigunt.

272 717 350 784 In
412 717 711 807 praesenti
756 721 973 783 autem
1022 716 1293 782 materia
1342 715 1613 784 omnino
1653 736 1910 785 necesse
1959 723 2074 803 est,
2131 718 2210 786 ad
2251 719 2458 787 vitan-

186 832 343 901 dam
370 831 841 913 confusionem,
871 830 1195 921 praecipue
1221 831 1427 919 quoad
1459 851 1644 898 voces
1671 830 1900 921 reliqio
1939 836 2001 900 et
2027 834 2448 924 conqreqatio

188 945 531 1036 reliqiosa,
560 965 823 1014 sensum
854 945 1141 1034 aliquem
1178 944 1684 1014 determinatum
1717 952 2150 1037 praestatuere.
2185 947 2264 1016 Et
2287 948 2458 1017 banc

192 1063 463 1152 quidem
509 1059 1113 1128 determinationem
1160 1081 1279 1128 nos
1320 1065 1628 1150 putamus
1683 1083 1864 1152 posse
1917 1061 2060 1131 fieri
2115 1084 2190 1130 ex
2245 1069 2460 1132 aucto-

190 1179 413 1258 ritate3
442 1174 753 1244 sumendo
794 1195 1029 1263 nempe
1074 1195 1191 1263 pro
1220 1195 1454 1244 norma
1485 1176 1726 1264 stylum
1764 1199 1804 1244 a
1839 1179 2022 1245 curia
2070 1175 2359 1245 Romana
2401 1186 2461 1245 et

194 1313 236 1362 a
268 1291 567 1360 Romanis
598 1286 1015 1357 Pontificibus
1051 1289 1343 1357 adhiberi
1380 1290 1670 1360 solitum.
1719 1291 1788 1360 Si
1815 1291 1963 1380 quis
1989 1297 2206 1359 tamen
2234 1291 2301 1360 id
2328 1311 2460 1360 non

193 1407 525 1493 concedat,
566 1403 789 1472 saltem
838 1402 1103 1471 affixum
1162 1425 1201 1472 a
1258 1404 1446 1473 nobis
1488 1405 1674 1474 dictis
1720 1406 1989 1476 vocibus
2043 1427 2306 1474 sensum
2350 1427 2456 1473 ac·

186 1523 407 1611 cipiet,
456 1527 771 1608 tanquam
854 1519 1442 1602 conventionalem,
1498 1541 1616 1610 pro
1672 1519 2093 1609 intelligenda
2145 1519 2460 1611 discepta-

186 1637 357 1706 tione
376 1642 621 1704 nostra.
655 1631 831 1701 Duas
852 1653 1007 1722 ergo
1030 1633 1327 1723 praet'atas
1348 1635 1706 1704 locutiones
1734 1637 2024 1704 dicimus
2059 1657 2193 1705 esse
2222 1637 2459 1705 intelli-

188 1750 453 1838 gendaS,
480 1753 596 1816 aut
616 1746 843 1815 saltem
872 1767 911 1814 a
934 1746 1122 1815 nobis
1146 1747 1456 1837 intelligi,
1493 1751 1561 1816 in
1583 1747 1762 1817 hunc
1783 1749 2058 1817 modum
2087 1774 2106 1816 τ

276 1867 403 1932 Per
443 1881 826 1943 surerenas,
882 1881 997 1928 seu
1042 1860 1223 1952 quod
1266 1861 1443 1930 idem
1490 1873 1612 1949 est,
1653 1885 1783 1952 per
1829 1863 2180 1953 reliqiones
2235 1866 2460 1932 stricte

198 1979 427 2065 dietas,
448 1999 557 2046 seu
569 1977 927 2068 formales,
952 1975 1391 2068 intelliqenda
1406 1989 1568 2046 sunt
1585 1977 1933 2066 instituta,
1953 1999 2098 2068 quoe
2118 1979 2462 2046 essentiam

192 2106 405 2162 status
426 2093 722 2186 reliqiosi
738 2091 1008 2176 habent,
1036 2113 1186 2160 eum
1206 2093 1374 2162 votis
1396 2091 1810 2162 solemnibus
1825 2115 1849 2160 .·
1871 2115 1996 2184 per
2009 2113 2460 2162 consensuro-

186 2233 287 2280 nss
296 2223 519 2280 autem
538 2229 919 2292 ueniamus,
940 2206 1111 2276 intel
1114 2207 1380 2298 liqenda
1400 2221 1556 2277 sunt
1567 2208 1909 2293 instituta,
1933 2231 2082 2300 quae
2103 2208 2454 2277 essentiam

190 2341 399 2398 status
415 2327 713 2420 reliqiosi
732 2324 1002 2410 habent,
1042 2324 1159 2393 sed
1178 2349 1329 2394 cum
1355 2327 1530 2396 votis
1558 2327 1896 2396 duntaxat
1918 2326 2359 2418 simplicibus.

273 2444 459 2512 Hanc
494 2445 933 2531 acceptionem
990 2461 1121 2512 non
1152 2462 1288 2510 esse
1323 2443 1731 2511 arbitrariam
1758 2443 2084 2511 evincitur
2117 2464 2192 2511 ex
2249 2443 2456 2512 docu-

190 2551 427 2617 mentis
465 2549 880 2638 sequentibus
911 2575 928 2617 :

288 2651 357 2730 l'n
400 2663 599 2732 lndiis
634 2662 1151 2733 occidentalibus
1179 2661 1669 2732 confraternitas
1716 2661 2044 2748 quaedam,
2088 2663 2455 2731 Bethlemi-

200 2795 427 2850 tarum
439 2791 822 2875 nuncupata,
843 2783 1107 2852 initium
1132 2781 1409 2872 sumpsit
1433 2781 1608 2849 circa
1625 2799 1872 2848 annum
1904 2779 2100 2862 1653,
2120 2804 2157 2847 a
2176 2783 2314 2848 viro
2338 2781 2456 2849 Dei

198 2896 384 2968 Petro
418 2897 793 2985 Betancour,
856 2919 1211 2990 pauperum
1262 2898 1333 2965 in
1377 2891 1802 2986 hospitalibus
1851 2896 2306 2982 aegrotantium
2359 2895 2454 2962 le-

198 3015 432 3084 vamini
468 3014 739 3086 addicta.
787 3017 849 3084 A
888 3015 1041 3083 sede
1092 3010 1462 3104 Apostolica
1517 3009 1642 3078 tuit
1693 3015 2004 3099 tanquam
2063 3029 2240 3074 mera
2299 3030 2455 3078 con·

190 3129 533 3200 fraternitas
555 3131 960 3216 confirmata,
986 3148 1157 3197 anno
1197 3127 1394 3195 1674.
1449 3125 1672 3194 Postea
1721 3144 1874 3193 vero
1923 3123 2100 3191 illam
2132 3121 2454 3190 Innocen-

186 3245 311 3312 tiu's
346 3245 456 3326 ΧΙ,
496 3245 953 3315 constitutione
1002 3241 1318 3311 Ecclesiae
1376 3239 1751 3322 catholiea»,
1809 3237 1898 3306 29
1953 3239 2170 3306 martii
2241 3235 2446 3325 1687,

192 3361 382 3432 erexit
400 3363 467 3430 in
503 3359 1087 3452 conqreqationem
1116 3357 1530 3449 reliqiosam;
1553 3364 1617 3424 et
1642 3353 2046 3423 confirmavit
2075 3359 2277 3422 certas
2305 3355 2447 3442 ejus

191 3491 691 3576 constitutiones,
726 3492 797 3560 in
840 3491 1007 3560 dicta
1034 3490 1213 3559 bulla
1252 3489 1540 3556 insertas.
1585 3487 1664 3553 In
1717 3484 1845 3552 illis
1906 3504 2096 3572 porro
2146 3485 2454 3552 constitu·

188 3606 463 3676 tionibus
498 3608 713 3697 quoad
757 3612 902 3676 vota
956 3605 1049 3674 sic
1123 3604 1490 3694 disponitur
1539 3624 1558 3671 z
1619 3600 1877 3690 Elapso
1913 3596 2354 3688 probationis·
2389 3605 2456 3662 et

188 3725 551 3794 novitiatus
570 3746 799 3794 anno..
817 3775 864 3813 .‚
880 3721 1359 3817 professionem
1386 3718 1695 3786 emittent
1725 3717 1798 3785 in
1836 3711 2146 3782 manibus
2189 3710 2454 3778 Fratris

190 3841 521 3930 Proesecti,
539 3853 698 3910 vota
719 3838 1133 3927 obedientiae,
1154 3835 1602 3928 paupertatis,
1627 3847 1692 3901 et
1709 3830 2041 3902 castitatis
2059 3851 2137 3896 ac
2151 3825 2454 3915 hospita-

192 3960 407 4028 litatis
446 3960 823 4030 vovend0...
844 3979 875 4046 ;
896 3970 963 4028 et
997 3958 1347 4027 successive
1373 3957 1493 4047 fiet
1522 3951 1712 4022 aliud
1736 3964 1960 4021 votum
1983 3939 2445 4039 perseverandi

188 4088 493 4164 perpetuo
502 4077 573 4145 in
596 4085 829 4144 nostra
840 4073 1153 4142 societate
1166 4069 1365 4141 Beth!
1367 4070 1501 4142 emi
1504 4069 1658 4157 tica,
1676 4067 1747 4135 in
1748 4063 2088 4157 firmisque
2102 4057 2445 4128 serviendi.

188 4186 392 4258 Tenor
416 4199 632 4260 autem
662 4191 1006 4260 erectionis
1034 4189 1105 4257 in
1128 4187 1690 4278 congregationem
1714 4179 2078 4268 religiosam
2103 4183 2196 4243 est
2222 4175 2452 4261 hujus-

188 4305 348 4374 modi
372 4331 387 4376 :
408 4309 781 4399 Praefatam
795 4305 1196 4384 societatem,
1219 4303 1634 4392 confratrum
1650 4291 2265 4365 Bethlemitieorum
2277 4308 2453 4354 nun-

194 4438 609 4514 cupatam...,
659 4425 733 4492 in
762 4420 1363 4514 eonqreqationem,
1416 4417 1538 4486 sub
1591 4413 1820 4504 reyula
1871 4413 1948 4480 S.
2001 4407 2366 4502 Auqustini
2387 4417 2451 4474 et
