2834 4959
1138 364 1287 412 rans
1337 365 1550 412 Panis.
2396 361 2471 418 61

197 483 553 552 observatio
595 483 880 575 triplicis
927 483 1180 553 consilii
1233 485 1609 578 evangelici,
1662 491 1807 554 voto
1841 485 2117 567 firmata,
2159 507 2313 554 cum
2352 495 2483 558 tra-

187 599 434 668 ditione
489 601 604 668 sui
647 599 788 668 Deo
841 599 997 667 facta
1029 605 1093 667 et
1148 623 1187 668 a
1241 599 1376 670 Deo
1417 607 1766 694 acceptata,
1817 608 1909 670 est
1951 602 2017 669 id
2043 602 2210 692 quod
2244 610 2479 674 statum

179 718 580 808 religiosum
637 716 982 785 intrinsece
1023 718 1376 788 constituit.
1439 717 1833 810 Approbatio
1882 725 2101 788 autem
2182 717 2482 790 Ecclesiae
2578 811 2583 818 .

179 844 280 904 ost
305 841 490 904 actus
517 834 941 926 superiorum
988 835 1593 916 ecclesiasticorum,
1636 858 1765 926 quo
1810 835 2004 904 talem
2052 835 2247 924 hujus
2285 843 2484 906 status

187 949 478 1020 formam
525 973 642 1020 seu
697 949 994 1040 regulam
1043 950 1284 1020 bonam
1356 950 1707 1037 declarant,
1759 958 1821 1020 et
1868 952 1945 1021 ad
1993 953 2247 1044 praxim
2316 953 2485 1024 licite

197 1063 436 1134 deduci
473 1088 660 1158 posse
707 1065 1086 1134 decernunt.
1135 1065 1261 1147 Qui
1314 1075 1494 1137 actus
1556 1069 1926 1137 declarandi
1982 1076 2041 1136 et
2094 1069 2485 1140 decernendi

198 1189 297 1250 est
343 1181 496 1274 quid
543 1184 982 1251 extrinsecum
1045 1183 1202 1250 huic
1273 1190 1471 1252 status
1515 1184 1798 1276 religiosi
1862 1187 2110 1272 sormae‚
2168 1193 2244 1254 ut
2290 1193 2478 1278 patet.

199 1297 342 1367 Non
367 1301 551 1369 enim
605 1306 897 1367 mutatur
950 1299 1056 1368 ille
1093 1305 1290 1368 status
1325 1323 1437 1392 per
1490 1301 1685 1369 talem
1746 1301 2137 1393 peculiarem
2186 1301 2483 1394 regulam

196 1415 692 1501 determinatus,
769 1417 1028 1506 quando
1079 1415 1437 1484 declaratur
1507 1417 1755 1502 bonus3
1818 1441 1936 1488 nec
1983 1420 2056 1488 fit
2101 1419 2311 1488 bonus
2366 1443 2484 1512 per

185 1531 364 1600 illam
389 1531 901 1601 declarationem
929 1555 947 1615 ;
976 1531 1084 1600 sed
1113 1533 1271 1622 quia
1293 1539 1387 1602 est
1430 1533 1497 1600 in
1537 1555 1601 1602 se
1642 1533 1877 1620 bonus,
1916 1536 2060 1604 talis
2084 1535 2167 1604 ab
2196 1535 2481 1606 Ecclesia

185 1646 589 1718 declaratur.
639 1647 797 1718 ltem
842 1649 1104 1740 quando
1155 1647 1439 1717 Ecclesia
1472 1649 1757 1720 decernit
1806 1651 2065 1740 aliquod
2110 1653 2481 1723 institutum

187 1765 584 1854 religiosum
632 1786 816 1863 posse
853 1763 1025 1832 licite
1081 1765 1158 1832 ad
1207 1765 1457 1855 praxim
1493 1764 1751 1852 deduci,
1809 1789 1938 1834 non
1970 1769 2485 1838 constituitsub·

187 1881 492 1948 stantiam
524 1879 732 1968 hujus
757 1880 1059 1960 instituti,
1097 1880 1204 1948 sed
1235 1881 1611 1948 institutum
1646 1881 1835 1965 illud,
1868 1882 2063 1970 ⁴quale
2105 1889 2200 1952 est
2236 1883 2483 1952 intrin-

203 2016 341 2063 sece
389 2003 452 2063 et
503 1995 1041 2084 substantialiter,
1075 1997 1230 2064 iniri
1284 2017 1463 2087 posse
1500 2019 1537 2064 a
1586 1996 1887 2066 fidelibus
1926 1998 2234 2066 decernit.
2297 1996 2485 2070 Unde

194 2119 394 2180 status
443 2111 798 2202 religiosus
845 2119 1159 2200 quatenus
1195 2113 1360 2200 talis,
1407 2137 1524 2206 per
1579 2115 2109 2206 approbationem
2157 2137 2291 2182 non
2339 2135 2491 2184 mu-

193 2237 364 2300 tatur
387 2231 787 2315 intrinsece3
854 2233 964 2301 sed
1004 2233 1176 2302 idem
1205 2240 1495 2304 remanet
1542 2236 2071 2324 substantialiter,
2120 2237 2253 2306 sive
2312 2245 2485 2326 ante,

187 2350 328 2418 sive
381 2359 534 2442 post
583 2349 1134 2441 approbationem.
1173 2353 1390 2442 Atque
1432 2352 1499 2420 id
1546 2354 1859 2422 illustrari
1914 2353 2252 2423 commode
2288 2361 2491 2445 potest

189 2465 501 2556 exemplo
544 2466 1043 2535 canonizationis
1094 2477 1489 2538 sanctorum.
1552 2469 1963 2538 Canonizatio
2008 2493 2249 2562 nempe
2288 2471 2493 2540 alicu·-

193 2585 312 2674 jus
365 2583 572 2652 sancti
608 2606 740 2652 non
784 2588 879 2652 est
928 2585 1006 2652 de
1058 2584 1328 2686 essentia
1387 2587 1741 2656 sanctitatis
1787 2586 1949 2678 ejus.
1998 2585 2296 2657 Declarat
2342 2591 2491 2681 qui-

207 2699 370 2766 dem
393 2701 611 2768 virum
637 2700 824 2768 illum
874 2723 1009 2770 esse
1056 2709 1380 2788 sanctum,
1428 2708 1489 2770 et
1508 2701 1799 2772 decernit
1846 2725 2032 2794 posse
2076 2703 2249 2774 licite
2278 2712 2350 2772 ut
2394 2713 2493 2774 ta·-

153 2883 162 2892 ,
209 2817 353 2884 lem
421 2815 590 2904 coli;
639 2817 740 2886 sed
780 2815 875 2885 nil
923 2818 1100 2886 addit
1153 2820 1292 2908 ejus
1343 2817 1661 2888 sanctitati
1688 2843 1707 2905 ;
1756 2824 1818 2886 et
1874 2821 2175 2888 sanctitas
2230 2819 2371 2888 haec
2421 2823 2493 2890 in

211 2953 288 3001 se
341 2937 404 3000 et
451 2931 780 3004 intrinsece
823 2933 1049 3004 eadem
1093 2936 1361 3006 omnino
1411 2941 1507 3004 est
1552 2941 1697 3003 ante
1744 2957 1822 3004 ac
1870 2941 2013 3026 post
2056 2933 2486 3008 canonizatio-

205 3071 388 3118 nem.

299 3167 602 3259 Objicies.
633 3205 727 3222 -—
749 3165 1112 3237 prohibitio
1149 3167 1422 3259 alicujus
1460 3165 1738 3236 instituti
1776 3166 2061 3257 religiosi
2100 3167 2486 3259 impeditus

201 3285 442 3355 habere
491 3288 694 3379 possit
731 3287 1074 3356 essentiam
1103 3291 1300 3354 status
1349 3286 1677 3374 religiosi:
1738 3305 1891 3375 ergo
1920 3307 1955 3354 a
1984 3285 2125 3378 pari
2168 3288 2489 3379 approba-

201 3405 297 3472 tio
317 3403 465 3472 facit
495 3411 570 3472 ut
593 3404 666 3472 in
690 3401 964 3472 essentia
1013 3406 1212 3470 status
1274 3402 1563 3490 religiosi
1614 3403 2059 3473 constituatur.
2084 3442 2171 3456 —
2198 3403 2487 3497 Respon-

197 3521 365 3592 deo:
408 3542 575 3612 nego
625 3520 987 3613 paritatem.
1017 3515 1186 3587 Nam
1232 3515 1871 3612 prohibitio‘attingit
1904 3520 2245 3590 essentiam
2274 3523 2482 3612 ipsam

195 3645 406 3708 status
439 3638 752 3728 religiosi,
780 3644 843 3705 et
869 3658 1010 3704 eam
1045 3635 1288 3721 ausert;
1334 3633 1390 3703 si
1417 3634 1679 3724 quidem
1713 3634 1793 3703 de
1838 3641 2109 3706 essentia
2150 3643 2245 3704 est
2287 3643 2484 3706 status

197 3755 484 3847 religiosi
510 3762 584 3824 ut
608 3755 692 3822 sit
717 3759 916 3820 status
961 3750 1368 3842 perfectionis
1421 3751 1867 3840 acquirendae:
1920 3755 2135 3822 statim
2164 3754 2377 3818 autem
2408 3773 2483 3820 ac

199 3871 333 3940 suit
356 3871 434 3940 ab
461 3869 755 3940 Ecclesia
789 3867 1177 3958 prohibitus,
1211 3869 1352 3956 jam
1402 3867 1527 3936 hoc
1560 3869 1699 3958 ipso
1728 3891 1859 3938 non
1910 3875 2004 3938 est
2046 3875 2244 3936 status
2283 3867 2485 3958 perse·—

197 3988 422 4072 tioniS,
449 3987 560 4056 sed
595 3983 1007 4073 rebellionis,
1037 3994 1128 4076 pt
1159 3983 1341 4054 aiunt
1377 3984 1687 4054 doctores.
1739 3985 1795 4054 E
1840 3991 2061 4054 contra
2110 3985 2483 4075 approbatio

202 4107 538 4196 non'ponit
555 4105 898 4173 essentiam
927 4109 1126 4172 status
1151 4101 1433 4192 religiosi
1464 4103 1579 4192 qui
1605 4101 2025 4192 approbatur,
2054 4101 2229 4190 quod
2254 4125 2483 4174 neces—

207 4221 454 4290 sarium
505 4223 670 4290 t'oret
723 4229 796 4288 ut
845 4219 1086 4288 adesset
1135 4217 1412 4309 paritas;
1458 4219 1565 4286 sed
1604 4216 1887 4284 declarat
1936 4237 2083 4286 eam
2136 4221 2477 4288 essentiam

210 4339 422 4408 adesse
467 4340 540 4408 in
588 4337 704 4408 tali
755 4335 1046 4408 instituto
1071 4358 1090 4420 ;
1120 4341 1184 4404 et
1212 4333 1376 4405 illud
1409 4333 1779 4403 institutum
1818 4336 1959 4402 tuto
1982 4339 2045 4404 et
2072 4334 2478 4406 laudabiliter

215 4476 364 4522 inu-1
389 4477 586 4547 posse.
