2834 4959
1183 382 1335 429 PARS
1376 384 1616 432 TERTIA.
2401 381 2436 435 4
2451 381 2470 436 Ι
2487 382 2522 437 5

212 528 433 579 annos
472 507 547 575 in
590 506 821 577 ordine
874 502 1106 575 versati
1154 502 1430 574 fuissent
1475 526 1632 609 cum
1689 506 1860 576 votis
1903 505 2338 599 simplicibus.
2396 506 2520 580 De-

209 630 479 695 cretum
520 629 742 693 autem
772 620 942 691 illud
986 619 1215 691 eodem
1244 642 1420 691 anno
1455 620 1583 691 fnit
1617 642 1656 693 a
1697 623 1846 693 sede
1891 623 2258 715 Apostolica
2286 645 2521 717 appro-
2573 664 2583 671 -

210 741 741 922 batg’mdlterum
796 849 1268 921 documentum
1318 854 1415 919 est
1469 856 1862 943 rescriptum
1915 872 2036 943 pro
2101 850 2397 924 facultate
2448 857 2516 925 in

212 968 469 1039 saeculo
482 964 896 1055 remanendi,
924 964 1189 1037 cuidam
1206 964 1512 1055 religioso
1529 962 1962 1037 carthusiano
1987 986 2312 1055 concessa,
2345 989 2520 1040 anno

218 1084 437 1155 ¹855.
468 1082 687 1152 Patria
728 1075 957 1151 Gallus
988 1080 1044 1149 is
1084 1084 1247 1167 erat,
1280 1086 1474 1171 atque
1521 1082 1592 1149 in
1636 1078 1868 1166 Gallia,
1911 1083 1983 1151 in
2011 1102 2246 1172 magna
2286 1104 2519 1175 nempe

212 1199 575 1271 Carthasia
604 1198 961 1268 solemnem
988 1196 1452 1288 professionem
1479 1198 1804 1267 emiserat.
1833 1195 1962 1289 Ipsi
1993 1218 2186 1289 porro
2209 1201 2515 1269 concedi-

219 1323 343 1384 tur
362 1314 627 1384 facultas
650 1310 1049 1384 remanendi
1067 1322 1259 1381 extra
1297 1311 1596 1381 claustra
1623 1310 1854 1405 quoad
1875 1312 2144 1399 vixerit,
2171 1324 2248 1383 in
2280 1316 2514 1385 habitu

222 1428 535 1501 clericali
568 1448 595 1495 .·
634 1428 735 1496 ita
778 1437 1005 1495 tamen
1040 1437 1121 1495 ut
1150 1424 1635 1497 substantialia
1671 1440 1982 1497 votorum
2021 1450 2159 1497 suoe
2189 1428 2518 1521 reliqiosoe

210 1540 673 1633 pmfessiom's,
698 1562 851 1611 cum
878 1552 1147 1611 statu...
1177 1542 1662 1633 competibilia,
1697 1544 1986 1613 observet
1999 1564 2030 1629 ;
2063 1543 2330 1634 aliquid
2354 1568 2518 1634 pro-

206 1657 456 1750 prium
490 1657 833 1749 περαίαν-εἱς
868 1656 1141 1726 habitus
1178 1658 1456 1727 interius
1487 1658 1767 1749 deferat,
1799 1672 2000 1752 atque
2035 1659 2420 1730 obedientioe
2453 1674 2516 1730 ct

198 1773 680 1865 jurisdictioni
722 1771 1101 1861 ordinarii,
1134 1772 1207 1842 in
1242 1774 1431 1863 cujus
1468 1772 1728 1843 dioecesi
1761 1775 1868 1842 vel
1905 1775 2241 1844 territorio
2281 1798 2513 1844 mora-

216 1889 442 1979 bitur,
474 1886 842 1957 omnimode
867 1886 1109 1971 subsit,
1144 1908 1205 1955 m
1232 1908 1348 1958 vm
1384 1910 1573 1958 nrm!
1609 1908 1896 1959 sommus
1925 1910 2300 1959 onsmanmn
2339 1912 2508 1961 veri.

216 2003 393 2075 Haec
420 2004 655 2073 ultima
694 2002 882 2073 verba
912 2002 1127 2095 palam
1152 2002 1428 2071 omnino
1457 2002 1726 2086 faciunt,
1779 2009 1842 2070 et
1885 2000 2098 2071 Sacrae
2135 2004 2510 2094 Congrege-

210 2119 393 2189 tioni
428 2139 627 2210 super
649 2116 989 2208 disciplina
1032 2114 1317 2206 regulari
1324 2168 1344 2205 ,
1372 2122 1438 2184 et
1481 2114 1772 2185 Romano
1807 2114 2102 2185 Pontifici
2133 2138 2510 2208 persuasum

210 2252 385 2321 esse,
415 2252 455 2299 a
478 2232 638 2301 viris
760 2232 775 2247 ⁶
828 2232 843 2247 “
921 2232 980 2299 is
998 2229 1225 2301 Gauiae
1248 2250 1395 2300 vere
1423 2230 1739 2303 solemnia
1768 2230 1978 2303 emitti
2007 2236 2174 2301 vota.

306 2348 399 2421 V.
438 2346 603 2417 Item
635 2346 973 2417 nonnullis
1008 2345 1329 2437 religiosis
1362 2346 1678 2417 societatis
1716 2344 1892 2431 lesu,
1937 2367 1976 2415 e
2010 2342 2224 2415 Gallia
2271 2346 2510 2417 oriun-

212 2465 341 2553 dis,
368 2468 437 2533 et
454 2464 569 2554 qui
595 2464 665 2531 in
688 2460 897 2532 Gallia
918 2462 1275 2534 solemnem
1302 2462 1768 2553 professionem
1791 2460 2179 2545 emiserunt,
2206 2482 2507 2532 concessa

210 2580 403 2651 haud
431 2580 685 2672 pridem
712 2578 983 2649 facultas
1023 2584 1121 2649 est
1158 2576 1544 2647 remanendi
1567 2578 1639 2646 in
1683 2578 1946 2647 saeculo.
1993 2576 2196 2647 Porro
2225 2578 2296 2647 in
2323 2580 2384 2669 ej
2393 2600 2504 2649 us-

214 2694 407 2766 modi
446 2692 882 2783 facultatibus,
937 2714 1099 2785 quas
1133 2694 1319 2763 dictoe
1358 2690 1694 2761 Societatis
1731 2690 2052 2779 generalis
2095 2695 2498 2783 praepositus,

214 2832 299 2881 ex
329 2810 595 2901 speciali
622 2811 785 2881 sedis
811 2809 1197 2901 Apostolicae
1222 2806 1648 2895 delegatione,
1676 2804 1998 2895 impertiri
2029 2804 2209 2892 solet,
2239 2806 2506 2896 ponitur

206 2946 486 3016 semper
506 2924 793 2995 clausula
826 2924 991 3013 haec,
1024 2931 1098 2994 ut
1140 2939 1379 3014 nempe
1402 2922 1450 2990 ii
1486 2918 1773 3009 religiosi
1793 2914 2184 2987 obedientioe
2211 2929 2276 2985 ec
2291 2919 2504 3009 juris-

206 3044 504 3121 dictioni
540 3040 1049 3113 Ordinariorum
1082 3038 1547 3131 subjiciantur,
1579 3054 1642 3104 m
1669 3055 1785 3106 vnt
1821 3053 1965 3103 vori
2013 3054 2304 3103 eominus
2343 3055 2503 3105 osa-

208 3174 509 3224 mmrm.
552 3156 623 3225 ld
680 3156 847 3225 mihi
898 3156 1171 3225 omnino
1220 3156 1674 3244 compertum3
1733 3154 1796 3219 et
1839 3146 2107 3219 cuilibet
2156 3146 2504 3216 sciscitanti

208 3270 629 3341 testabuntur
652 3272 808 3342 dicti
846 3270 1110 3341 Ordinis
1156 3268 1542 3361 superiores.
1576 3264 1948 3335 Notandum
1985 3265 2200 3330 autem
2234 3266 2350 3348 est,
2377 3260 2500 3331 ali·

208 3388 315 3455 ter
332 3406 481 3456 sese
499 3406 643 3456 rem
662 3386 927 3472 habere,
958 3384 1219 3476 quando
1248 3405 1285 3451 e
1316 3380 1632 3452 Societate
1658 3379 2082 3450 dimittuntur
2109 3376 2497 3457 scholastici,

208 3501 333 3591 qui
380 3502 709 3593 simplicia
752 3504 1058 3571 duntaxat
1102 3506 1248 3569 vota
1286 3498 1666 3566 emiserunt.
1715 3492 1840 3563 Eos
1891 3512 2130 3584 nempe
2182 3492 2504 3581 generalis

204 3618 521 3709 superior
556 3640 593 3687 a
617 3618 779 3687 votis
802 3616 1019 3701 solvit,
1062 3620 1125 3683 et
1162 3614 1411 3703 absque
1459 3610 1590 3681 ulla
1636 3608 2008 3680 conditione
2050 3604 2294 3675 liberos
2322 3604 2496 3674 facit.

204 3730 303 3803 Ex
356 3754 499 3824 qua
540 3734 723 3825 praxi
762 3734 999 3803 iterum
1039 3730 1259 3824 patefit
1300 3726 1630 3821 persuasio
1663 3724 1886 3795 Romae
1923 3720 2178 3813 vigens,
2218 3740 2366 3788 vere
2401 3738 2502 3789 so-

206 3846 477 3917 lemnia
522 3848 731 3919 emitti
778 3849 851 3918 in
886 3846 1115 3918 Galliis
1157 3850 1325 3930 vota,
1366 3864 1500 3913 non
1539 3842 1830 3911 obstante
1873 3840 2016 3930 lege
2045 3836 2357 3920 saecnlari,
2389 3835 2502 3905 do-

206 3963 421 4033 minii
450 3964 939 4059 incapacitatem
960 3965 1032 4033 in
1058 3962 1377 4054 religiosis
1404 3958 1584 4029 haud
1609 3960 2021 4049 agnoscente.

294 4078 481 4151 Cum
522 4086 744 4151 amem
786 4082 979 4153 dictae
1012 4078 1346 4150 facultates
1372 4078 1446 4145 in
1473 4072 1706 4145 saeculo
1735 4067 2120 4141 remanendi
2161 4084 2294 4135 non
2321 4082 2504 4155 expe-

204 4196 511 4287 dientur,
540 4198 671 4269 nisi
712 4198 883 4269 facta
918 4196 1225 4267 relatione
1266 4210 1530 4264 summo
1569 4186 1888 4271 Pontifici,
1931 4191 2122 4275 atque
2171 4180 2508 4253 accedente

204 4316 425 4407 ipsius
478 4300 962 4407 approbatione,
1038 4310 1213 4382 dicta
1293 4305 1578 4378 formula
1641 4302 1714 4373 in
1785 4302 1928 4371 vim
1993 4296 2314 4369 solemnis
2365 4292 2509 4363 voti

204 4434 568 4525 ipsiusmet
602 4432 885 4505 Romani
922 4426 1253 4499 pontificis
1280 4424 1648 4495 doctrinam
1676 4415 2002 4511 exprimit.
2037 4413 2314 4485 Proinde
2341 4410 2507 4482 doc-
