2834 4959
1100 354 1250 402 PARS
1294 358 1537 409 TERTIA.
2361 358 2484 415 393

184 485 280 547 est
342 495 585 565 nempe
634 470 987 543 consilium
1056 479 1536 570 evangelicum,
1615 485 1936 575 spirituali
2001 486 2238 556 animae
2315 486 2485 555 bono

182 592 377 663 valde
425 587 835 681 proficuum3
891 593 987 658 est
1029 590 1297 680 proinde
1344 595 1504 687 quid
1554 596 1687 668 Deo
1719 601 2264 693 acceptissimum.
2301 598 2483 669 Unde

183 711 518 798 repugnat
587 704 876 795 principi
949 706 1239 775 saeculari
1292 708 1508 779 datam
1567 732 1604 781 a
1653 710 1787 785 Deo
1851 715 2047 785 fuisse
2109 720 2482 806 potestatem

184 818 519 910 ejusmodi
570 825 794 887 votum
850 819 1173 913 irrigandi.
1236 822 1498 915 Obligat
1555 848 1710 919 ergo
1763 830 2106 922 promissio
2163 831 2484 921 ejusmodi

182 936 707 1026 independenter
732 956 771 1005 a
802 934 1089 1024 qualibet
1114 939 1440 1011 saecularis
1469 946 1800 1034 potestatis
1832 946 2288 1039 prohibitione.
2324 946 2483 1027 Quae

188 1050 551 1141 prohibitio
580 1050 745 1120 nihil
773 1070 907 1121 esse
935 1058 1135 1142 potest
1158 1074 1356 1144 quam
1380 1057 1577 1127 ina'ne
1628 1066 1852 1130 contra
1897 1062 2230 1133 Christum
2260 1063 2480 1154 ipsum

190 1170 606 1236 attentatum.

282 1280 461 1372 Ergo
514 1283 837 1352 saecularis
872 1288 1145 1373 potestas
1198 1286 1361 1357 nihil
1428 1311 1683 1374 eorum,
1740 1312 1890 1383 quae
1941 1297 2140 1363 status
2194 1293 2481 1383 religiosi
2563 1334 2572 1356 2

192 1399 537 1469 essentiam
580 1399 983 1498 constituunt
1030 1399 1349 1492 impedire
1399 1404 1607 1491 valet3
1657 1427 1815 1497 ergo
1861 1409 2277 1498 quantumvis
2325 1408 2482 1476 reli-

197 1514 411 1604 giosos
434 1518 511 1583 ut
550 1514 707 1582 tales
736 1534 868 1583 non
897 1521 1225 1603 agnoscat,
1274 1538 1690 1609 nequaquam
1741 1522 2059 1614 impedire
2089 1528 2292 1613 potest
2318 1524 2479 1612 quin

194 1630 329 1699 veri
363 1630 646 1718 religiosi
681 1629 835 1698 sint.

289 1744 593 1835 Objicies.
638 1782 729 1797 -
774 1744 1101 1835 impedire
1141 1746 1309 1815 valet
1360 1748 1688 1817 saecularis
1739 1757 2006 1841 potestas
2055 1773 2138 1821 ne
2195 1751 2480 1843 religiosi

193 1860 405 1930 simul
450 1866 956 1959 commorentur,
1008 1863 1302 1954 cogendo
1359 1884 1593 1955 nempe
1651 1869 1726 1933 ut
1779 1865 2050 1954 dispersi
2101 1872 2165 1934 et
2209 1868 2480 1935 wlitarii

196 1976 463 2058 vivant3
496 1975 603 2041 sed
630 1976 905 2065 religiosi
936 1977 1205 2046 solitarii
1240 1982 1381 2067 jam
1407 1977 1491 2047 ab
1535 1977 1824 2047 Ecclesia
1855 2000 1986 2047 non
2011 1980 2476 2069 approbantur,

200 2110 327 2158 nec
366 2089 641 2180 proinde
684 2094 813 2161 veri
852 2092 1137 2182 religiosi
1174 2086 1363 2175 sunt}
1405 2114 1560 2183 ergo
1611 2093 2024 2185 aliquomodo
2070 2092 2233 2164 valet
2277 2116 2479 2164 saecu-

198 2206 352 2274 laris
398 2212 669 2297 potestas
708 2208 1047 2299 religiosos
1078 2210 1393 2302 impedire
1424 2233 1507 2279 ne
1545 2209 1681 2280 veri
1707 2210 1992 2301 religiosi
2029 2211 2180 2279 sint.
2212 2250 2302 2263 —
2327 2212 2480 2281 Res-

200 2320 453 2413 pondeo
483 2324 547 2391 1·
582 2348 598 2390 τ
638 2322 822 2392 Valet
843 2324 1170 2394 saecularis
1199 2332 1470 2416 potestas
1493 2326 1824 2417 religiosos
1850 2346 2082 2416 cogere
2111 2332 2184 2395 ut
2211 2327 2478 2417 dispersi

200 2438 437 2525 vivant,
474 2440 819 2530 tyrannice
838 2454 905 2509 et
916 2442 1262 2533 justitiam
1292 2443 1639 2533 violando,
1669 2444 1952 2515 concedo
1985 2466 2002 2513 t
2035 2465 2184 2511 cum
2200 2444 2482 2534 justitia

201 2574 309 2622 seu
334 2554 580 2623 utendo
618 2556 771 2645 jure
816 2578 960 2647 su0,
1009 2580 1201 2649 nego.
1230 2558 1518 2627 Tenetur
1547 2581 1781 2651 nempe
1835 2558 2160 2631 saecularis
2207 2546 2481 2651 potestas

202 2668 497 2740 fidelibus
548 2671 909 2741 libertatem
954 2672 1321 2765 relinquere
1360 2671 1630 2741 consilia
1670 2675 2038 2763 evangelica
2065 2676 2372 2761 sectandi,
2405 2694 2480 2743 eo

208 2788 403 2855 modo
454 2810 641 2877 quem
696 2788 1029 2858 utiliorem
1095 2788 1381 2859 Ecclesia
1447 2785 1925 2857 determinavit.
1973 2787 2044 2858 Si
2081 2810 2264 2857 secus
2306 2796 2478 2877 agat,

204 2922 335 2971 non
385 2904 497 2995 jus
544 2926 765 2993 suum,
820 2904 931 2974 sed
1003 2910 1289 2997 apertam
1338 2903 1730 2990 injustitiam
1785 2902 2124 2971 exercebit.
2188 2902 2480 2992 Respon-

204 3016 319 3087 deo
360 3016 433 3085 2⁰
467 3043 485 3085 :
540 3016 825 3089 Ecclesia
869 3022 1010 3109 jam
1057 3041 1193 3088 non
1236 3018 1546 3111 approbat
1583 3015 1916 3107 religiosos
1959 3014 2297 3105 solitarios,
2345 3016 2482 3087 dis-

204 3132 453 3223 tinguo,
505 3132 849 3202 solitarios
907 3156 989 3203 ex
1038 3133 1375 3216 instituto,
1423 3131 1704 3201 concedo
1761 3154 1778 3199 z
1843 3128 2178 3211 solitarios,
2244 3132 2310 3197 id
2360 3135 2476 3215 est,

203 3247 269 3315 υἱ
310 3247 661 3340 disperso&
714 3250 867 3319 licet
913 3249 1277 3341 pertineant
1329 3246 1409 3316 ad
1455 3248 1754 3316 ordinem
1799 3244 2252 3315 coenobiticam
2279 3244 2480 3313 vitam

205 3370 525 3453 agentem,
571 3386 761 3456 nego,
800 3362 965 3435 Nam
1012 3363 1554 3433 communitatum
1599 3359 1958 3451 religiosos,
2013 3382 2128 3453 per
2168 3360 2304 3430 vim
2351 3359 2482 3429 ini-

203 3494 327 3563 que
372 3474 718 3566 dispersos,
764 3496 897 3545 non
946 3476 1169 3544 minus
1215 3481 1288 3542 ut
1329 3474 1658 3563 religiosos
1701 3470 1893 3540 habet
1939 3468 2246 3555 Ecclesia,
2281 3492 2480 3560 quam

200 3588 253 3655 si
304 3590 375 3657 in
410 3591 549 3659 suis
598 3591 905 3661 domibus
961 3612 1097 3660 una
1144 3590 1470 3680 degerent.
1529 3586 1716 3657 Unde
1759 3587 2068 3679 nuspiam
2110 3587 2182 3653 in
2235 3584 2484 3654 mundo
2621 3651 2631 3659 .

200 3703 389 3788 valet,
446 3711 558 3774 aut
606 3728 897 3797 unquam
944 3706 1207 3792 valebit,
1262 3705 1582 3775 saecularis
1639 3710 1906 3796 potestas
1953 3702 2266 3793 impedire
2310 3720 2480 3791 quo-

204 3819 423 3889 minus
460 3823 593 3892 veri
620 3828 863 3893 exstent
886 3822 1194 3913 religiosi.
