2834 4959
1143 346 1296 395 puts
1337 346 1601 405 nunu.
2096 380 2106 386 -
2389 342 2509 397 651

1039 730 1489 840 SECTIO
1547 734 1710 838 ΠΙ.

246 988 342 1039 ΒΕ
390 988 587 1040 sums
635 984 1262 1041 DISPOSITIONIBUS.
1311 986 1473 1046 QUAE
1513 988 1923 1039 MON1AL1UM
1971 988 2383 1041 NOVITIATUI
2426 990 2515 1041 ΕΤ

342 1102 796 1156 PROFESSIONI
871 1100 1247 1153 SPECIALES
1299 1101 1529 1167 SUNT3
1594 1102 1998 1155 PUELLASVE
2071 1106 2147 1157 IN
2200 1106 2511 1157 IPSARUM

341 1218 824 1271 CONVENTIBUS
875 1216 1291 1269 EDUCANDAS
1349 1218 1841 1271 coNGERNUNT.

331 1821 687 1893 Dicemus:
746 1823 809 1890 1⁰
851 1842 933 1891 an
991 1825 1057 1891 et
1095 1826 1412 1912 quatenus
1467 1822 1549 1891 ad
1600 1822 1991 1914 Episcopum
2040 1823 2359 1913 pertineat
2402 1847 2513 1895 ex-

248 1942 508 2035 plorare
549 1939 944 2009 voluntatem
989 1939 1461 2033 postulantium
1510 1962 1577 2009 se
1624 1941 1706 2009 ad
1752 1940 2081 2027 habitum,
2111 1942 2212 2011 vel
2250 1943 2330 2011 ad
2368 1966 2515 2036 pro-

245 2061 586 2131 fessionem
641 2057 890 2129 admitti
932 2082 951 2129 t
1013 2058 1080 2129 2⁰
1143 2061 1468 2151 quomodo
1504 2063 1655 2150 jure
1702 2064 1968 2130 cautum
2004 2061 2085 2130 sit
2130 2082 2213 2129 ne
2260 2063 2514 2132 admitti

243 2174 493 2269 possint
541 2196 722 2244 novoe
777 2174 1112 2263 moniales,
1143 2176 1314 2245 ultra
1350 2196 1705 2245 numerum
1752 2196 1867 2266 pro
1905 2196 2301 2267 unoquoque
2356 2199 2514 2247 con·

241 2295 440 2361 ventu
491 2292 824 2381 praefixum
875 2314 892 2361 z
951 2290 1021 2361 30
1101 2292 1265 2383 quid
1337 2292 1527 2361 liceat
1577 2297 1641 2357 et
1684 2289 2007 2361 observari
2063 2291 2287 2362 debeat
2344 2294 2515 2363 circa

245 2386 464 2475 dotem
519 2407 900 2497 exigendam
945 2432 963 2477 ε
1029 2410 1098 2477 4⁰
1163 2408 1288 2477 alia
1344 2395 1688 2477 nonnulla'
1712 2404 1991 2476 breviter
2034 2408 2511 2495 adnotabimus,

244 2542 394 2612 quae
463 2523 848 2593 monialium
921 2522 1305 2591 novitiatum
1379 2530 1494 2592 aut
1573 2522 2037 2613 professionem
2100 2525 2456 2617 respiciunt
2493 2548 2511 2591 ε

243 2636 313 2706 50
335 2638 506 2728 juris
540 2638 987 2731 dispositiones
1021 2637 1498 2727 subjungemus
1542 2638 1805 2707 relative
1844 2639 1925 2709 ad
1968 2640 2216 2730 puellas
2251 2640 2323 2710 in
2357 2662 2515 2710 con-

241 2752 540 2825 ventibus
565 2754 954 2825 educandas.

1194 2982 1477 3055 CAPUT
1504 2982 1555 3051 l.

295 3190 376 3235 AN
441 3192 518 3235 ΕΤ
571 3189 886 3244 QUATENUS
948 3188 1324 3236 mumolum
1391 3186 1641 3235 INGREDI
1709 3186 2016 3233 VOLENTES
2071 3186 2319 3233 Possm‘r
2388 3188 2465 3233 ΕΤ

815 3286 1103 3333 nmmum·
1143 3286 1224 3331 AB
1265 3284 1553 3331 erscoro
1595 3282 1968 3332 ExAmNAm.

333 3466 624 3549 Qusssno
641 3469 722 3536 1¹⁸.
745 3502 838 3519 -
863 3466 1050 3533 Num
1091 3462 1352 3533 dictum
1395 3485 1677 3532 examen
1717 3461 1805 3531 ab
1854 3462 2185 3555 Episcopo
2222 3466 2321 3535 bis
2366 3466 2522 3556 fieri

231 3582 450 3675 possit
470 3594 596 3651 aut
613 3580 843 3649 debeat
851 3598 880 3663 ;
902 3578 978 3647 id
996 3590 1118 3665 est,
1131 3591 1292 3649 ante
1315 3580 1793 3670 susceptionem
1810 3578 2079 3649 habitus
2095 3592 2161 3648 et
2178 3594 2513 3671 antepro-

235 3696 582 3785 fessionem
604 3720 629 3762 .·
657 3720 750 3765 an
765 3716 916 3763 vero
933 3694 1167 3779 semel,·
1193 3694 1271 3763 id
1285 3704 1380 3764 est
1405 3695 1513 3763 vel
1534 3706 1691 3764 ante
1712 3694 1983 3765 habitus
2004 3694 2512 3787 susceptionem,

245 3810 356 3878 vel
394 3822 552 3879 ante
591 3811 1132 3902 professionem?
1169 3848 1262 3863 --
1302 3811 1365 3878 10
1392 3809 1585 3900 Legis
1630 3816 1814 3881 tenor
1857 3819 1952 3881 est
1994 3810 2448 3901 hujuscemodi
2490 3836 2508 3879 ε

257 3950 294 3993 α
323 3922 556 3995 Sancta
589 3926 872 4015 synodus
911 3927 1130 3995 statuit
1173 3936 1365 4016 atque
1409 3926 1701 3995 decernit
1734 3931 1831 4007 ut,
1874 3926 1926 3996 si
1956 3926 2195 4018 puella,
2226 3948 2375 4016 qum
2400 3927 2515 3995 hs-

257 4064 294 4105 «
325 4039 538 4109 bitum
559 4040 924 4129 regularem
939 4044 1264 4134 suscipere
1283 4043 1586 4127 voluerit,
1606 4044 1819 4131 major
1840 4040 2185 4111 duodecim
2202 4044 2387 4113 annis
2404 4044 2511 4132 sit,

251 4180 290 4221 α
319 4176 452 4225 non
481 4164 628 4225 ante
653 4178 812 4226 eum
835 4159 1170 4249 suscipiat,
1199 4180 1318 4227 nec
1355 4165 1571 4249 postea
1596 4158 1735 4249 ipsa
1764 4156 1871 4226 vel
1896 4157 2023 4226 alia
2052 4160 2511 4247 professionem

252 4296 288 4338 α
312 4273 582 4363 emittat,
633 4295 832 4365 quam
879 4275 1304 4365 exploraverit
1355 4274 1715 4366 Episcopus
1768 4272 1921 4364 (vel,
1978 4294 2053 4343 eo
2104 4274 2364 4345 absente
2411 4278 2515 4346 vel
2608 4290 2617 4301 ·

253 4390 650 4481 «impedito,
677 4392 820 4480 ejus
859 4390 1164 4481 vicarius,
1189 4396 1302 4463 aut
1338 4391 1575 4481 aliquis
1624 4410 1855 4460 eorum
1892 4390 2261 4483 sumptibus
2296 4392 2381 4463 ab
2420 4394 2513 4464 eis
