2834 4959
853 357 1809 578 TRACTATUS

273 772 860 1097 sumz-
965 910 2343 1107 REGULARIUM

463 1429 970 1505 DE'RELIGIOSIS
1004 1438 1364 1505 ORDINIBUS
1393 1439 1480 1505 ET
1502 1438 2161 1507 GONGREGATIONIBUS

415 2032 787 2105 TOTIUS
864 2026 1473 2101 TRACTATUS
1550 2024 2213 2101 DISTRIBUTIO

251 2304 428 2373 Cum
477 2302 906 2371 vastissimam
956 2302 1406 2391 ingrediamur
1451 2300 1815 2391 disciplina}
1862 2302 2191 2369 canonicae
2237 2303 2452 2391 regio-

163 2436 348 2503 nem,
401 2436 676 2505 eamque
718 2416 1116 2485 densissimis
1161 2438 1236 2484 ac
1289 2416 1687 2504 gravissimis
1740 2414 2229 2484 difficultatibus
2284 2416 2455 2486 obsi-

163 2535 330 2612 tam,
377 2550 512 2619 quo
553 2528 764 2619 potius
803 2528 1110 2599 lectorem
1149 2531 1404 2597 tramite
1459 2530 1529 2596 in
1576 2550 1649 2596 ea
1694 2528 2138 2619 perlustranda
2182 2529 2453 2601 ducere-

173 2666 326 2713 mus
360 2651 614 2713 mature
657 2644 1148 2714 deliberandum
1199 2644 1342 2713 fuit.
1397 2642 1553 2712 Visa
1592 2648 1809 2712 autem
1854 2651 1945 2712 est
1993 2644 2285 2734 eligenda
2324 2649 2449 2732 via,

177 2778 320 2825 non
359 2781 498 2847 quae
539 2760 746 2850 logice
779 2761 1038 2841 rectior,
1085 2766 1276 2849 atque
1312 2780 1386 2825 ex
1430 2760 1571 2851 ipsa
1614 2758 1707 2827 rei
1754 2765 1984 2826 natura
2030 2760 2191 2827 sorte
2234 2761 2453 2851 perse-

167 2872 372 2953 ctior,
416 2873 514 2941 sed
560 2895 707 2965 quae
753 2872 1070 2963 gradienti
1115 2873 1196 2941 ad
1239 2872 1626 2962 exploranda
1677 2874 1894 2939 omnia
1942 2872 2212 2958 facilior,
2264 2879 2328 2939 et
2372 2874 2451 2940 ad

171 2988 606 3078 practicarum
668 2990 1169 3059 conclusionum
1227 2988 1592 3079 praeprimis
1645 2986 2117 3057 intendendum
2176 3009 2446 3079 scopum

162 3106 732 3175 accommodatior.
779 3102 903 3174 Cui
955 3104 1254 3195 practicae
1299 3103 1594 3171 utilitatis
1638 3103 1871 3172 rationi
1914 3110 1987 3171 ut
2039 3102 2449 3193 potissimum

170 3220 685 3305 consuleremus,
757 3240 863 3287 sex
931 3218 1332 3286 instituimus
1391 3218 1588 3287 totius
1660 3222 1965 3287 tractatus
2025 3226 2261 3307 partes,
2324 3218 2449 3289 hoc

173 3331 398 3401 ordine
437 3334 782 3426 dispositas
831 3357 850 3401 ε
919 3334 983 3399 1⁰
1030 3332 1110 3402 de
1167 3338 1366 3401 status
1422 3332 1707 3423 religiosi
1762 3338 1995 3401 natura
2050 3338 2112 3401 et
2155 3334 2441 3425 origine3

165 3446 240 3515 2ο
282 3448 362 3517 de
395 3450 710 3519 canonica
752 3469 984 3519 norma
1031 3468 1228 3515 novas
1267 3446 1558 3537 erigendi
1581 3446 1929 3539 'religiosas
1978 3448 2279 3531 familias,
2326 3472 2445 3519 no-

163 3584 412 3655 vosque
461 3566 840 3635 earumdem
881 3568 1272 3647 conventus;
1322 3562 1386 3632 3⁰
1430 3563 1509 3631 de
1542 3564 2043 3633 extraordinaria
2079 3564 2446 3634 conditione
2542 3595 2557 3605 ·

161 3686 505 3773 canonica,
548 3692 688 3752 tum
735 3682 1123 3753 monialium
1159 3682 1400 3772 absque
1450 3680 1773 3767 clausura,
1832 3690 1977 3752 tum
2042 3682 2441 3773 regularium

155 3806 226 3869 vi
273 3801 742 3891 dispersorum,
787 3804 926 3865 tum
965 3794 1431 3867 hodiernorum
1468 3794 1690 3865 Galliae
1717 3797 2167 3889 religiosorum
2190 3800 2255 3863 et
2289 3816 2445 3865 san-

153 3914 678 3995 ctimonialium3
721 3913 788 3981 4⁰
825 3914 904 3981 de
939 3932 1168 3983 norma
1203 3912 1513 3981 canonica
1548 3916 1784 3980 statum
1816 3912 2190 4001 religiosum
2228 3910 2441 4001 ingre-

146 4027 410 4113 diendi,
447 4047 562 4093 seu
595 4024 676 4093 de
711 4025 1027 4095 novitiatu
1071 4026 1134 4089 et
1171 4022 1593 4113 professione3
1633 4016 1706 4091 5⁰
1744 4022 1823 4091 de
1854 4024 2003 4110 jure
2040 4022 2442 4111 regularium

145 4142 238 4211 ad
277 4148 487 4225 extra3
521 4138 592 4209 6⁰
623 4140 882 4209 tandem
909 4139 1160 4229 dejure
1188 4137 1565 4209 eorumdem
1594 4138 1675 4207 ad
1711 4138 1902 4205 intra.

410 4485 458 4535 1.
2130 4480 2157 4526 1
