2834 4959
414 341 538 398 128
985 345 1325 393 TRAcTATus
1369 349 1451 394 DE
1490 348 1641 394 JURE
1664 347 2099 394 REGULAMUM.

407 489 652 550 revera,
685 464 934 534 secluso
963 469 1114 553 jure
1151 467 1448 557 positivo,
1481 467 1849 568 requiratur
1874 463 2173 534 Ecclesiae
2199 468 2567 556 approbatio
2597 474 2667 541 ad

410 583 837 656 substantiam
883 578 1168 670 religiosi
1211 585 1437 664 status,
1491 579 2011 667 controvertitur,
2052 587 2249 671 prout
2298 603 2492 671 supra
2528 585 2671 653 vidi-

413 689 592 782 mus3
621 699 690 765 in
714 717 846 788 qua
868 697 1296 764 controversia
1326 697 1639 786 negativae
1664 695 1999 765 sententiat
2022 696 2444 764 adbaesimus.
2470 697 2533 765 2⁰
2566 697 2671 768 Sed

413 820 546 884 esto
595 814 838 882 dictam
886 809 1414 901 approbationem
1462 831 1600 880 esse
1638 810 1721 878 de
1774 816 1973 878 status
2020 809 2309 898 religiosi
2360 813 2663 880 essentia:

415 949 826 1018 nequaquam
899 926 1190 1017 legitime
1255 925 1483 995 inferri
1556 931 1759 1016 potest
1818 945 1954 996 esse
2013 929 2256 994 statum
2317 925 2665 1016 religiosum

417 1045 840 1115 institutionis
879 1063 1052 1111 mere
1095 1041 1559 1112 ecclesiasticas.
1593 1041 1760 1110 Nam
1792 1041 1912 1132 qui
1936 1039 2361 1110 necessariam
2400 1039 2667 1110 Ecclesiae

417 1159 946 1253 approbationem
1005 1157 1351 1244 sustinent,
1401 1157 1573 1224 banc
1616 1157 1819 1225 solam
1868 1163 2107 1246 urgent
2152 1157 2502 1244 rationem3
2560 1175 2667 1224 non

419 1296 603 1367 posse
654 1280 894 1342 statum
935 1271 1314 1362 religiosum
1362 1274 1629 1340 existere
1682 1273 1751 1339 in
1810 1272 2149 1340 abstracto
2173 1325 2193 1358 ,
2244 1271 2353 1340 sed
2400 1271 2669 1339 duntaxat

421 1411 574 1460 cum
625 1389 748 1457 hac
798 1386 900 1454 vel
949 1384 1064 1456 illa
1099 1384 1522 1456 determinata
1573 1386 1780 1455 forma
1837 1411 1853 1456 ε
1904 1387 2187 1476 formam
2248 1393 2462 1456 autem
2518 1385 2666 1452 illam

421 1501 886 1572 accidentalem
941 1499 1428 1591 approbandam
1477 1521 1613 1570 esse
1663 1499 1745 1571 ab
1796 1500 2109 1582 Ecclesia,
2164 1505 2238 1568 ut
2294 1506 2428 1568 tuta
2468 1499 2565 1579 sit,
2610 1516 2667 1564 ac

424 1617 695 1708 proinde
729 1621 799 1685 ut
827 1621 1023 1684 status
1051 1616 1390 1706 religiosus
1430 1637 1584 1684 cum
1627 1615 1740 1684 illa
1782 1618 1993 1686 forma
2036 1619 2125 1686 sit
2152 1637 2301 1686 vere
2328 1620 2513 1683 status
2540 1631 2666 1702 per-

425 1731 746 1817 fectionis,
808 1736 874 1798 et
925 1752 1057 1800 non
1123 1732 1336 1823 potius
1408 1732 1941 1822 imperfectionis.
2012 1731 2185 1823 Ergo
2238 1731 2311 1800 in
2373 1721 2666 1817 hypothesi

425 1848 620 1916 etiam
697 1847 1064 1915 necessariae
1134 1846 1617 1938 approbationis
1682 1846 1987 1916 Ecclesiae
2044 1847 2131 1916 ad
2200 1837 2667 1916 constituendam

425 1967 625 2034 status
682 1962 964 2052 religiosi
1007 1960 1460 2046 substantiam,
1530 1941 1903 2053 approbatio
1965 1962 2107 2032 haec
2170 1983 2304 2030 non
2359 1955 2668 2046 requiritur

427 2079 558 2146 nisi
581 2077 666 2146 ob
693 2075 1164 2144 accidentalem
1179 2080 1498 2167 formam.
1526 2075 1653 2146 Sed
1680 2100 1757 2146 ex
1780 2099 1855 2147 eo
1872 2078 2045 2170 quod
2068 2079 2156 2148 ab
2180 2073 2458 2146 Ecclesia
2480 2087 2667 2161 appro-

428 2190 572 2260 bari
614 2190 842 2260 debeat
880 2191 1088 2260 [orma
1124 2191 1540 2260 accidentalis
1576 2197 1777 2262 status
1818 2193 2131 2283 religiosi,
2181 2207 2506 2286 perperam
2546 2202 2665 2252 cou-

431 2306 804 2376 cluderetur
847 2313 1087 2375 Statum
1130 2307 1350 2399 ipsum
1401 2307 1787 2399 religiosum
1832 2309 1915 2378 ab
1956 2309 2249 2379 Ecclesia
2296 2305 2482 2374 fuisse
2516 2297 2665 2367 insti-
2754 2337 2756 2352 2

431 2428 648 2490 tutum
679 2445 698 2490 ε
731 2442 880 2489 nam
911 2423 1186 2491 minime
1209 2430 1551 2514 repugnat,
1580 2431 1643 2493 et
1667 2447 1704 2493 e
1732 2431 1954 2494 contra
1982 2422 2289 2515 possibile
2318 2413 2659 2506 concipitur,

429 2541 666 2604 statum
717 2536 1089 2624 religiosum
1124 2537 1320 2607 fuisse
1360 2560 1399 2606 a
1446 2538 1704 2609 Christo
1750 2538 2033 2609 Domino
2083 2539 2453 2609 institutum
2492 2520 2661 2618 quoad
2752 2559 2755 2594 ;

431 2651 886 2738 substantiam3
921 2652 1008 2720 ita
1044 2658 1114 2721 ut
1161 2660 1378 2721 tamen
1422 2652 1729 2724 deberent
1766 2657 1961 2725 variae
1994 2656 2223 2726 formae
2263 2639 2658 2722 accidentales,

429 2789 542 2837 ⁵⁶¹²
589 2767 781 2835 *³¹⁸3ae
827 2767 1092 2855 regulae,
1164 2769 1245 2836 ab
1286 2767 1573 2839 Ecclesia
1624 2771 1994 2862 approbari.
2064 2777 2236 2864 Ergo
2300 2773 2459 2837 stare
2502 2760 2661 2828 simul
2750 2835 2752 2850 Ε

429 2889 700 2972 possunt
731 2884 870 2952 haec
915 2884 1048 2951 duo
1092 2906 1111 2949 τ
1157 2883 1533 2952 institutum
1570 2905 1607 2953 a
1642 2884 1900 2955 Christo
1932 2885 2131 2958 fuisse
2174 2891 2409 2954 statum
2441 2867 2659 2960 religio-
2750 2865 2752 2894 ²

429 3019 602 3081 sum,
637 3005 699 3066 et
741 3005 956 3066 tamen
988 2999 1410 3067 necessariam
1445 3020 1579 3068 esse
1627 2998 1925 3071 Ecclesiae
1954 3001 2495 3093 approbationem.
2526 2985 2663 3070 EfS⁰

431 3133 506 3181 ex
557 3116 920 3183 necessitate
985 3113 1172 3184 dictae
1235 3115 1719 3207 approbationis
1790 3139 2131 3210 perperam
2206 3107 2585 3187 concluditur
2634 3115 2661 3160 ³
2748 3147 2750 3160 ·

433 3225 686 3296 Christo
715 3229 1082 3298 institutum
1115 3251 1242 3298 non
1271 3229 1471 3300 fuisse
1504 3237 1741 3300 statum
1774 3234 2182 3324 religiosum.

523 3337 694 3410 Hinc
749 3346 980 3414 merito
1037 3344 1476 3416 moderniores
1534 3347 1942 3418 Bollandistae
1994 3351 2090 3440 (in
2136 3368 2350 3439 opere,
2404 3339 2659 3410 Eaeamen

433 3455 592 3526 libri
637 3458 929 3527 Mariani
979 3459 1368 3550 Verhoeven‚
1411 3483 1559 3552 pag.
1604 3462 1779 3552 13):
1822 3491 1857 3528 α
1899 3460 2489 3532 Animadvertimus
2530 3435 2656 3513 null¹
2746 3441 2748 3514 ζ

439 3597 476 3640 α
525 3573 848 3664 theologo,
889 3595 970 3641 ne
1015 3576 1182 3644 inter
1227 3595 1332 3644 eos
1380 3577 1648 3666 quidem
1678 3579 1791 3668 qui
1836 3578 2368 3670 approbationem
2405 3551 2659 3635 Ecclesia

443 3713 480 3754 a
523 3711 778 3780 semper
805 3690 1228 3760 necessariam
1255 3689 1453 3760 fuisse
1487 3691 1779 3761 arbitrati
1806 3700 1982 3777 sunt,
2015 3696 2086 3763 in
2124 3699 2406 3762 mentem
2434 3671 2657 3750 venisse,

441 3829 480 3868 ιι
519 3811 594 3872 ut
620 3827 696 3874 ex
743 3805 868 3873 hac
902 3807 1276 3875 necessitate
1324 3813 1627 3897 argueret
1676 3814 1911 3878 statum
1963 3810 2345 3899 religiosum
2390 3813 2513 3866 non
2554 3797 2657 3854 ⁶8⁵⁰

447 3943 480 3981 α
527 3917 792 3998 divinae,
840 3919 951 3988 sed
989 3920 1294 3990 humanae
1330 3919 1605 4012 originis
1656 3945 1677 3994 ε
1716 3925 1960 4016 quippe
1996 3944 2222 3993 omnes
2264 3937 2413 3988 cum
2454 3900 2659 3976 Benar·

449 4055 487 4096 α
531 4031 712 4099 mino
764 4030 1188 4124 Suaresioque
1237 4041 1455 4104 tenent
1500 4039 1841 4106 essentiam
1882 4038 2275 4128 religionum
2326 4021 2661 4097 fundamen·
2742 4053 2744 4062 ·

448 4173 484 4214 α
531 4153 674 4215 tum
703 4147 986 4219 habere
967 4172 1036 4219 1n
1053 4149 1427 4239 Evangelio,
1456 4153 1991 4244 approbationem
2029 4176 2178 4223 vero
2214 4133 2658 4218 ecclesiasticam

452 4287 486 4326 α
531 4269 787 4330 tantum
833 4265 1056 4335 cadere
1119 4287 1301 4357 posse
1359 4267 1432 4336 in
1490 4269 1739 4352 modos,
1792 4271 2037 4362 quibus
2088 4256 2491 4338 accidentales
2546 4239 2659 4308 vitae
2740 4337 2742 4346 Ι

451 4402 487 4443 <r
532 4377 846 4468 religiosas
883 4387 1092 4470 partes
1133 4381 1212 4450 ad
1256 4383 1461 4473 ipsius
1505 4383 1930 4456 substantiam
1962 4387 2131 4479 (quae
2168 4382 2240 4456 in
2274 4373 2470 4446 tribus
2492 4371 2657 4429 evan·-
