2834 4959
1069 354 1218 402 PARS
1265 356 1480 403 PRIMA.
2329 352 2362 405 5
2372 352 2409 404 ὅ

153 498 190 540 ι
218 477 313 543 tur
369 476 504 545 vita
567 476 992 545 communis?
1039 476 1437 567 Respondeo‚
1500 484 1778 567 spectato
1792 478 1941 566 jure
1990 479 2408 547 ecclesiastico

151 618 184 656 ι
206 613 372 659 novo
423 598 492 661 et
531 590 882 674 hodierno,
909 590 1308 661 affirmative.
1360 592 1453 660 lta
1488 592 1725 661 Suarez
1777 591 1974 680 (tomo
2020 592 2059 660 3
2099 590 2179 659 de
2226 594 2407 662 Reli·
2482 650 2489 657 .

149 734 180 773 α
201 709 426 800 qione,
460 708 586 777 lib.
619 708 692 789 2,
723 730 782 775 c.
819 709 888 792 4,
916 730 984 776 n.
1027 710 1116 798 1),
1152 708 1558 777 Pellizzarius
1590 707 1791 787 (tomo
1820 707 1881 791 1,
1914 715 2096 777 tract.
2141 710 2204 793 1,
2248 732 2305 777 c.
2342 714 2406 798 1,

146 848 272 915 «q.
305 826 419 909 12,
447 846 518 891 n.
556 805 696 913 18),
743 822 1056 910 Pirrhing
1108 823 1266 915 (hic,
1323 846 1394 891 n.
1459 822 1589 914 18).
1641 822 1720 890 Et
1770 830 1945 914 patet
1996 846 2071 892 ex
2096 826 2416 916 capiten-

147 968 178 1005 ιι
205 942 351 1011 nali
377 938 458 1007 de
483 938 820 1031 Reliqiosis
843 938 1142 1007 domibus
1163 965 1188 1021 ;
1239 948 1302 1008 et
1338 940 1543 1030 capite
1571 939 1792 1019 unico,
1824 940 2049 1007 eodem
2082 942 2294 1026 titulo,
2344 944 2413 1012 in

147 1082 178 1121 «
211 1055 304 1139 63
361 1054 476 1122 ubi
503 1054 824 1139 statuitur,
858 1060 1000 1122 vota
1041 1054 1364 1144 religiosa,
1398 1076 1512 1122 seu
1560 1054 2019 1141 professionem
2052 1054 2419 1144 religiosam

151 1196 188 1237 (ι
213 1170 448 1238 debere
487 1170 624 1237 fieri
677 1171 744 1239 in
798 1170 1114 1258 religione
1163 1170 1513 1260 approbata
1538 1192 1575 1237 a
1604 1169 1767 1239 Sede
1792 1170 2175 1261 Apostolica.
2207 1174 2413 1261 Atqui

152 1310 188 1351 α
217 1284 576 1353 secundum
623 1293 1001 1376 praesentem
1052 1284 1354 1355 Ecclesiae
1406 1285 1942 1354 consuetudinem
1994 1285 2187 1363 Sedes
2232 1290 2415 1377 Apo-

151 1398 428 1467 «stolica
469 1420 598 1465 non
645 1378 956 1489 approbat
1007 1400 1132 1467 nisi
1194 1406 1432 1467 statum
1473 1398 1960 1482 coenobiticam,
1989 1420 2103 1483 seu
2134 1400 2201 1465 in
2231 1420 2411 1466 com-

145 1516 394 1584 «muni
437 1514 802 1583 viventium
849 1514 971 1581 sub
1017 1535 1150 1582 uno
1196 1514 1426 1604 capite,
1468 1536 1581 1582 seu
1633 1514 1897 1603 praelato
1953 1514 2410 1605 ecclesiastico,

149 1658 176 1697 ι(
205 1641 270 1700 et
313 1632 446 1699 sub
502 1652 636 1727 una
676 1629 902 1717 regula
953 1630 1300 1720 approbata
1351 1631 1429 1697 ad
1493 1630 1915 1697 christianam
1950 1631 2413 1720 perfectionem

149 1747 642 1817 «tendentium.
712 1744 914 1834 Igitur
967 1752 1037 1813 ut
1089 1747 1234 1835 quis
1290 1746 1399 1812 fiat
1459 1744 1819 1833 religiosus,
1872 1766 2127 1813 necesse
2192 1753 2285 1813 est
2338 1753 2408 1814 ut

145 1888 178 1927 α
205 1864 324 1929 fiat
349 1861 729 1929 membrum
759 1859 902 1927 talis
936 1859 1446 1945 communitatis,
1479 1868 1942 1946 consequenter
1973 1860 2044 1926 in
2071 1863 2412 1929 communi

152 2002 186 2041 ιι
213 1978 416 2059 vivat,
445 1977 536 2044 vel
562 1976 791 2045 saltem
811 1974 1041 2044 babeat
1068 1994 1486 2043 communem
1516 1971 1857 2063 praelatum
1880 1978 1944 2039 et
1968 1974 2265 2061 regulam
2292 1974 2415 2041 sub

145 2114 178 2153 α
207 2110 343 2179 qua
372 2089 562 2156 vivat.

227 2230 266 2268 α
297 2202 478 2285 Dixi,
506 2214 803 2294 spectato
813 2202 974 2293 jure
1003 2200 1442 2269 ecelesiastica
1476 2222 1642 2267 novo
1668 2209 1733 2266 et
1753 2195 2071 2265 hodierno
2087 2217 2118 2280 ;
2155 2218 2307 2265 uam
2334 2220 2411 2267 ex

143 2348 174 2385 κ
195 2328 438 2388 natura
480 2341 598 2387 sua
652 2323 851 2387 status
890 2316 1228 2405 religiosus
1273 2338 1406 2384 non
1454 2315 1809 2383 necessario
1884 2314 2156 2403 requirit
2208 2315 2409 2383 vitam

143 2462 176 2499 α
197 2456 660 2504 communem.
726 2433 796 2504 Si
853 2436 1031 2503 enim
1105 2432 1286 2500 illam
1330 2432 1707 2520 requireret,
1744 2430 2101 2519 requireret
2126 2451 2269 2497 eam
2304 2429 2409 2498 vel

146 2575 179 2613 ι
199 2552 452 2618 ratione
507 2556 707 2617 status
757 2562 828 2615 ut
872 2550 991 2631 sic,
1041 2546 1143 2613 vel
1189 2546 1435 2614 ratione
1480 2544 1887 2635 perfectionis
1920 2567 1938 2611 τ
1983 2565 2115 2612 non
2163 2544 2407 2613 ratione

150 2672 412 2733 «status
437 2672 511 2733 ut
544 2666 678 2749 sic3
730 2665 885 2754 quia
921 2662 1028 2731 hic
1075 2656 1286 2730 solum
1333 2661 1493 2729 dicit
1540 2658 2057 2727 immobilitatem
2097 2682 2274 2728 :non
2306 2682 2409 2729 ra-

147 2807 188 2845 «
219 2782 400 2847 tione
441 2780 884 2871 perfectionis;
935 2780 1090 2868 quia
1118 2779 1196 2845 ad
1243 2778 1413 2843 banc
1450 2775 1707 2843 tendere
1732 2774 1925 2841 etiam
1966 2775 2167 2841 vitam
2199 2775 2411 2842 solita-

157 2920 192 2959 α
217 2894 388 2961 riam
429 2896 662 2984 degens
709 2902 912 2984 potest
943 2920 957 2960 :
995 2914 1172 2981 ergo.
1207 2892 1465 2961 Sufficit
1508 2911 1662 2979 ergo
1708 2911 1825 2979 per
1864 2909 1933 2956 se
1970 2888 2291 2977 quuendo
2327 2889 2407 2957 ad

155 3034 188 3075 ιι
219 3010 418 3077 vitam
445 3011 838 3098 religiosam,
891 3010 944 3075 si
987 3009 1066 3089 is,
1127 3009 1242 3097 qui
1289 3030 1435 3075 eam
1492 3006 1847 3096 profitetur,
1882 3003 2111 3071 habeat
2135 3001 2404 3092 reliqua,

147 3150 180 3189 ιι
208 3148 360 3215 quae
389 3126 712 3209 recensui,
761 3124 1104 3214 requisita3
1160 3124 1280 3193 hoc
1325 3130 1443 3203 est,
1494 3134 1567 3191 ut
1600 3122 1892 3190 observet
1919 3120 2190 3190 consilia
2217 3142 2411 3189 evan-

147 3268 184 3306 ιι
209 3241 440 3331 getica,
468 3248 542 3309 ut
587 3242 824 3309 borum
867 3241 1338 3308 observantiam
1377 3239 1595 3306 firmet
1638 3244 1807 3322 voto,
1858 3242 1921 3304 et
1974 3236 2237 3323 quidem
2270 3258 2413 3327 per-

145 3385 182 3423 «
209 3363 430 3447 petuo,
480 3363 546 3425 et
584 3358 723 3425 haec
780 3364 924 3425 vota
963 3365 1264 3445 tanquam
1316 3354 1757 3423 substantialia
1788 3354 2119 3441 religionis
2145 3352 2261 3422 Dei
2284 3375 2409 3421 no-

143 3500 178 3539 «
205 3474 388 3542 mine
433 3474 517 3542 ab
567 3472 784 3562 aliquo
823 3474 898 3541 ad
953 3472 1018 3539 id
1071 3478 1439 3561 potestatem
1490 3470 1787 3550 habente,
1847 3477 2275 3559 acceptentur.
2332 3467 2413 3535 Et

143 3590 365 3657 «tales
426 3588 710 3677 religiosi
769 3586 866 3677 (ut
903 3586 1257 3666 Suarez...,
1291 3584 1774 3671 PellizariuS...,
1822 3585 2243 3673 Pirrhing...,
2279 3583 2413 3649 exi-

147 3702 502 3791 stumant)
545 3710 728 3771 erant
774 3702 1024 3792 antiqui
1066 3702 1162 3771 illi
1198 3703 1619 3781 anachoretae,
1664 3712 1725 3769 et
1789 3702 2085 3792 quaedam
2129 3698 2413 3786 virgines

141 3848 174 3885 ιι
201 3843 285 3889 ac
305 3821 544 3887 viduae.
576 3842 612 3879 π

222 3934 392 4003 Item
448 3931 784 4002 Suaroeius
831 3940 1138 4021 tanquam
1194 3934 1463 4002 omnino
1511 3942 1757 4003 certum
1802 3934 2021 4015 docet,
2064 3950 2241 4019 posse
2270 3930 2412 3999 abs-

139 4074 268 4143 que
324 4054 458 4119 vita
499 4050 838 4119 communi
874 4056 1068 4117 totam
1105 4051 1385 4139 religiosi
1411 4057 1611 4118 status
1639 4050 1987 4117 essentiam
2018 4044 2359 4113 subsistere
2390 4071 2407 4113 z

148 4196 178 4235 ει
209 4168 442 4257 Neque
503 4188 578 4233 ex
620 4166 864 4233 ratione
926 4173 1125 4234 status
1175 4173 1248 4234 ut
1297 4168 1390 4234 sic
1434 4166 1731 4255 (inquit),
1790 4182 1994 4251 neque
2049 4182 2121 4228 ex
2175 4164 2412 4230 ratione

151 4310 186 4351 ι
213 4292 426 4353 status
487 4281 896 4371 perfectionis
947 4284 1298 4351 necessaria
1325 4288 1421 4349 est
1464 4282 1575 4348 illa
1613 4277 1895 4346 conditio
1940 4277 2082 4347 vitae
2117 4300 2413 4345 commu-

151 4427 188 4466 ι
213 4401 372 4483 nis3
403 4420 610 4490 neque
635 4404 835 4468 status
881 4398 1223 4511 religiosus
1249 4420 1325 4467 ex
1374 4418 1491 4465 sua
1518 4394 1816 4485 specifica
1866 4396 2111 4463 ratione
2165 4394 2413 4483 aliquid
