<?xml version="1.0" encoding="UTF-8"?>
<!DOCTYPE html PUBLIC "-//W3C//DTD XHTML 1.0 Transitional//EN"
    "http://www.w3.org/TR/xhtml1/DTD/xhtml1-transitional.dtd">
<html xmlns="http://www.w3.org/1999/xhtml" xml:lang="en" lang="en">
 <head>
  <title>
</title>
<meta http-equiv="Content-Type" content="text/html;charset=utf-8" />
  <meta name='ocr-system' content='tesseract 3.04.00' />
  <meta name='ocr-capabilities' content='ocr_page ocr_carea ocr_par ocr_line ocrx_word'/>
</head>
<body>
  <div class='ocr_page' id='page_1' title='image "./tractatusdejure01unkngoog_0077.png"; bbox 0 0 2834 4959; ppageno 0'>
   <div class='ocr_carea' id='block_1_1' title="bbox 1132 372 2481 427">
    <p class='ocr_par' dir='ltr' id='par_1_1' title="bbox 1132 372 2481 427">
     <span class='ocr_line' id='line_1_1' title="bbox 1132 372 2481 427; baseline 0.005 -7"><span class='ocrx_word' id='word_1_1' title='bbox 1132 372 1280 421; x_wconf 69' lang='lat' dir='ltr'>PARS</span> <span class='ocrx_word' id='word_1_2' title='bbox 1325 374 1543 423; x_wconf 69' lang='lat' dir='ltr'>Palm.</span> <span class='ocrx_word' id='word_1_3' title='bbox 2402 373 2481 427; x_wconf 74' lang='grc'>59</span> 
     </span>
    </p>
   </div>
   <div class='ocr_carea' id='block_1_2' title="bbox 204 486 2489 4281">
    <p class='ocr_par' dir='ltr' id='par_1_2' title="bbox 204 486 2489 3241">
     <span class='ocr_line' id='line_1_2' title="bbox 213 486 2481 587; baseline 0.004 -28"><span class='ocrx_word' id='word_1_4' title='bbox 213 488 514 559; x_wconf 80' lang='lat' dir='ltr'>omnibus</span> <span class='ocrx_word' id='word_1_5' title='bbox 539 486 716 557; x_wconf 86' lang='lat' dir='ltr'>nibil</span> <span class='ocrx_word' id='word_1_6' title='bbox 757 510 1030 581; x_wconf 82' lang='lat' dir='ltr'>pravum</span> <span class='ocrx_word' id='word_1_7' title='bbox 1056 498 1174 575; x_wconf 80' lang='lat' dir='ltr'>est,</span> <span class='ocrx_word' id='word_1_8' title='bbox 1214 494 1324 563; x_wconf 88' lang='lat' dir='ltr'>sed</span> <span class='ocrx_word' id='word_1_9' title='bbox 1367 494 1631 563; x_wconf 81' lang='lat' dir='ltr'>honesta</span> <span class='ocrx_word' id='word_1_10' title='bbox 1685 494 1941 582; x_wconf 83' lang='lat' dir='ltr'>singula</span> <span class='ocrx_word' id='word_1_11' title='bbox 1985 498 2047 562; x_wconf 88' lang='lat' dir='ltr'>et</span> <span class='ocrx_word' id='word_1_12' title='bbox 2091 493 2224 563; x_wconf 91' lang='lat' dir='ltr'>Deo</span> <span class='ocrx_word' id='word_1_13' title='bbox 2276 507 2481 587; x_wconf 81' lang='lat' dir='ltr'>grata.</span> 
     </span>
     <span class='ocr_line' id='line_1_3' title="bbox 209 605 2486 705; baseline 0.002 -29"><span class='ocrx_word' id='word_1_14' title='bbox 209 606 567 677; x_wconf 81' lang='lat' dir='ltr'>Honestum</span> <span class='ocrx_word' id='word_1_15' title='bbox 610 605 902 699; x_wconf 79' lang='lat' dir='ltr'>profecto</span> <span class='ocrx_word' id='word_1_16' title='bbox 953 606 1181 701; x_wconf 77' lang='lat' dir='ltr'>triplex</span> <span class='ocrx_word' id='word_1_17' title='bbox 1228 616 1491 678; x_wconf 82' lang='lat' dir='ltr'>votum:</span> <span class='ocrx_word' id='word_1_18' title='bbox 1528 610 1826 697; x_wconf 86' lang='lat' dir='ltr'>honesta,</span> <span class='ocrx_word' id='word_1_19' title='bbox 1860 632 1939 679; x_wconf 84' lang='lat' dir='ltr'>ex</span> <span class='ocrx_word' id='word_1_20' title='bbox 1979 612 2344 703; x_wconf 78' lang='lat' dir='ltr'><strong>hypothesi,</strong></span> <span class='ocrx_word' id='word_1_21' title='bbox 2374 638 2486 705; x_wconf 89' lang='lat' dir='ltr'>pe-</span> 
     </span>
     <span class='ocr_line' id='line_1_4' title="bbox 205 722 2489 818; baseline 0.004 -26"><span class='ocrx_word' id='word_1_22' title='bbox 205 724 458 792; x_wconf 81' lang='lat' dir='ltr'>culiaris</span> <span class='ocrx_word' id='word_1_23' title='bbox 485 724 560 790; x_wconf 86' lang='lat' dir='ltr'>in</span> <span class='ocrx_word' id='word_1_24' title='bbox 602 722 1018 790; x_wconf 81' lang='lat' dir='ltr'>observandis</span> <span class='ocrx_word' id='word_1_25' title='bbox 1063 722 1228 793; x_wconf 79' lang='lat' dir='ltr'>votis</span> <span class='ocrx_word' id='word_1_26' title='bbox 1266 725 1586 818; x_wconf 87' lang='lat' dir='ltr'>proposita</span> <span class='ocrx_word' id='word_1_27' title='bbox 1619 724 1829 792; x_wconf 79' lang='lat' dir='ltr'>forma</span> <span class='ocrx_word' id='word_1_28' title='bbox 1861 750 1879 793; x_wconf 70' lang='grc' dir='ltr'>ι</span> <span class='ocrx_word' id='word_1_29' title='bbox 1919 726 2185 797; x_wconf 86' lang='lat' dir='ltr'>honesta</span> <span class='ocrx_word' id='word_1_30' title='bbox 2213 729 2294 797; x_wconf 90' lang='lat' dir='ltr'>de</span> <span class='ocrx_word' id='word_1_31' title='bbox 2330 752 2397 797; x_wconf 87' lang='lat' dir='ltr'>se</span> <span class='ocrx_word' id='word_1_32' title='bbox 2422 738 2489 801; x_wconf 90' lang='lat' dir='ltr'>et</span> 
     </span>
     <span class='ocr_line' id='line_1_5' title="bbox 204 838 2485 930; baseline 0.004 -24"><span class='ocrx_word' id='word_1_33' title='bbox 204 840 334 907; x_wconf 90' lang='lat' dir='ltr'>Deo</span> <span class='ocrx_word' id='word_1_34' title='bbox 369 846 551 927; x_wconf 84' lang='lat' dir='ltr'>grata</span> <span class='ocrx_word' id='word_1_35' title='bbox 586 838 848 907; x_wconf 87' lang='lat' dir='ltr'>traditio</span> <span class='ocrx_word' id='word_1_36' title='bbox 872 839 1012 907; x_wconf 85' lang='lat' dir='ltr'>haec</span> <span class='ocrx_word' id='word_1_37' title='bbox 1033 840 1268 923; x_wconf 85' lang='lat' dir='ltr'>totalis,</span> <span class='ocrx_word' id='word_1_38' title='bbox 1300 862 1431 930; x_wconf 90' lang='lat' dir='ltr'>qua</span> <span class='ocrx_word' id='word_1_39' title='bbox 1464 862 1531 909; x_wconf 90' lang='lat' dir='ltr'>se</span> <span class='ocrx_word' id='word_1_40' title='bbox 1560 838 1773 909; x_wconf 87' lang='lat' dir='ltr'>Titius</span> <span class='ocrx_word' id='word_1_41' title='bbox 1816 848 2025 909; x_wconf 90' lang='lat' dir='ltr'>totum</span> <span class='ocrx_word' id='word_1_42' title='bbox 2063 842 2195 911; x_wconf 91' lang='lat' dir='ltr'>Deo</span> <span class='ocrx_word' id='word_1_43' title='bbox 2242 848 2485 915; x_wconf 86' lang='lat' dir='ltr'>manci-</span> 
     </span>
     <span class='ocr_line' id='line_1_6' title="bbox 209 953 2488 1051; baseline 0.004 -30"><span class='ocrx_word' id='word_1_44' title='bbox 209 962 318 1044; x_wconf 86' lang='lat' dir='ltr'>pat</span> <span class='ocrx_word' id='word_1_45' title='bbox 357 954 731 1021; x_wconf 67' lang='lat' dir='ltr'>:honestum</span> <span class='ocrx_word' id='word_1_46' title='bbox 779 960 1038 1043; x_wconf 87' lang='lat' dir='ltr'>pactum</span> <span class='ocrx_word' id='word_1_47' title='bbox 1083 977 1216 1044; x_wconf 92' lang='lat' dir='ltr'>quo</span> <span class='ocrx_word' id='word_1_48' title='bbox 1266 976 1332 1023; x_wconf 87' lang='lat' dir='ltr'>se</span> <span class='ocrx_word' id='word_1_49' title='bbox 1358 953 1572 1025; x_wconf 86' lang='lat' dir='ltr'>Titius</span> <span class='ocrx_word' id='word_1_50' title='bbox 1598 956 1679 1023; x_wconf 91' lang='lat' dir='ltr'>ad</span> <span class='ocrx_word' id='word_1_51' title='bbox 1716 956 2153 1027; x_wconf 89' lang='lat' dir='ltr'>obediendum</span> <span class='ocrx_word' id='word_1_52' title='bbox 2186 959 2488 1051; x_wconf 88' lang='lat' dir='ltr'>Sempro-</span> 
     </span>
     <span class='ocr_line' id='line_1_7' title="bbox 217 1068 2481 1159; baseline 0.004 -23"><span class='ocrx_word' id='word_1_53' title='bbox 217 1070 327 1137; x_wconf 91' lang='lat' dir='ltr'>nio</span> <span class='ocrx_word' id='word_1_54' title='bbox 355 1068 684 1158; x_wconf 76' lang='lat' dir='ltr'>obligavit.</span> <span class='ocrx_word' id='word_1_55' title='bbox 725 1068 898 1138; x_wconf 90' lang='lat' dir='ltr'>Cum</span> <span class='ocrx_word' id='word_1_56' title='bbox 944 1092 1100 1159; x_wconf 84' lang='lat' dir='ltr'>ergo</span> <span class='ocrx_word' id='word_1_57' title='bbox 1147 1072 1284 1140; x_wconf 85' lang='lat' dir='ltr'>haec</span> <span class='ocrx_word' id='word_1_58' title='bbox 1317 1073 1539 1141; x_wconf 91' lang='lat' dir='ltr'>omnia</span> <span class='ocrx_word' id='word_1_59' title='bbox 1575 1072 1841 1141; x_wconf 87' lang='lat' dir='ltr'>honesta</span> <span class='ocrx_word' id='word_1_60' title='bbox 1877 1074 2009 1141; x_wconf 87' lang='lat' dir='ltr'>sint</span> <span class='ocrx_word' id='word_1_61' title='bbox 2039 1081 2103 1141; x_wconf 90' lang='lat' dir='ltr'>et</span> <span class='ocrx_word' id='word_1_62' title='bbox 2134 1072 2267 1143; x_wconf 90' lang='lat' dir='ltr'>Deo</span> <span class='ocrx_word' id='word_1_63' title='bbox 2302 1096 2481 1145; x_wconf 83' lang='lat' dir='ltr'>acce-</span> 
     </span>
     <span class='ocr_line' id='line_1_8' title="bbox 215 1180 2487 1277; baseline 0.004 -25"><span class='ocrx_word' id='word_1_64' title='bbox 215 1192 318 1275; x_wconf 88' lang='lat' dir='ltr'>pta</span> <span class='ocrx_word' id='word_1_65' title='bbox 345 1240 364 1269; x_wconf 90' lang='lat'>,</span> <span class='ocrx_word' id='word_1_66' title='bbox 419 1206 494 1252; x_wconf 84' lang='lat' dir='ltr'>ex</span> <span class='ocrx_word' id='word_1_67' title='bbox 543 1186 668 1254; x_wconf 82' lang='lat' dir='ltr'>hoc</span> <span class='ocrx_word' id='word_1_68' title='bbox 736 1188 876 1277; x_wconf 88' lang='lat' dir='ltr'>ipso</span> <span class='ocrx_word' id='word_1_69' title='bbox 944 1188 1174 1257; x_wconf 86' lang='lat' dir='ltr'>merito</span> <span class='ocrx_word' id='word_1_70' title='bbox 1249 1187 1659 1257; x_wconf 82' lang='lat' dir='ltr'><strong>concluditur</strong></span> <span class='ocrx_word' id='word_1_71' title='bbox 1735 1187 1945 1256; x_wconf 89' lang='lat' dir='ltr'>Deum</span> <span class='ocrx_word' id='word_1_72' title='bbox 1994 1180 2195 1257; x_wconf 82' lang='lat' dir='ltr'>ratam</span> <span class='ocrx_word' id='word_1_73' title='bbox 2250 1190 2487 1261; x_wconf 85' lang='lat' dir='ltr'>habere</span> 
     </span>
     <span class='ocr_line' id='line_1_9' title="bbox 217 1296 2485 1393; baseline 0.003 -25"><span class='ocrx_word' id='word_1_74' title='bbox 217 1296 578 1391; x_wconf 85' lang='lat' dir='ltr'>Sempronii</span> <span class='ocrx_word' id='word_1_75' title='bbox 629 1300 1155 1392; x_wconf 77' lang='lat' dir='ltr'><strong>acceptationem.</strong></span> <span class='ocrx_word' id='word_1_76' title='bbox 1197 1328 1234 1367; x_wconf 74' lang='lat' dir='ltr'>t&lt;</span> <span class='ocrx_word' id='word_1_77' title='bbox 1284 1303 1388 1371; x_wconf 91' lang='lat' dir='ltr'>Ad</span> <span class='ocrx_word' id='word_1_78' title='bbox 1436 1300 1899 1393; x_wconf 85' lang='lat' dir='ltr'>acceptandum</span> <span class='ocrx_word' id='word_1_79' title='bbox 1958 1303 2339 1393; x_wconf 84' lang='lat' dir='ltr'>hujusmodi</span> <span class='ocrx_word' id='word_1_80' title='bbox 2366 1326 2485 1373; x_wconf 79' lang='lat' dir='ltr'>vo-</span> 
     </span>
     <span class='ocr_line' id='line_1_10' title="bbox 217 1416 2487 1512; baseline 0.003 -31"><span class='ocrx_word' id='word_1_81' title='bbox 217 1424 408 1483; x_wconf 78' lang='lat' dir='ltr'>«tum</span> <span class='ocrx_word' id='word_1_82' title='bbox 455 1416 558 1484; x_wconf 80' lang='lat' dir='ltr'>vel</span> <span class='ocrx_word' id='word_1_83' title='bbox 588 1418 1111 1507; x_wconf 84' lang='lat' dir='ltr'>promissionem,</span> <span class='ocrx_word' id='word_1_84' title='bbox 1157 1440 1290 1486; x_wconf 89' lang='lat' dir='ltr'>non</span> <span class='ocrx_word' id='word_1_85' title='bbox 1335 1425 1429 1487; x_wconf 87' lang='lat' dir='ltr'>est</span> <span class='ocrx_word' id='word_1_86' title='bbox 1473 1417 1827 1487; x_wconf 87' lang='lat' dir='ltr'>necessaria</span> <span class='ocrx_word' id='word_1_87' title='bbox 1876 1418 2172 1511; x_wconf 85' lang='lat' dir='ltr'>specialis</span> <span class='ocrx_word' id='word_1_88' title='bbox 2212 1426 2487 1512; x_wconf 80' lang='lat' dir='ltr'>potestas</span> 
     </span>
     <span class='ocr_line' id='line_1_11' title="bbox 209 1531 2487 1625; baseline 0.002 -26"><span class='ocrx_word' id='word_1_89' title='bbox 209 1531 466 1600; x_wconf 82' lang='lat' dir='ltr'>«aDeo</span> <span class='ocrx_word' id='word_1_90' title='bbox 511 1532 904 1615; x_wconf 82' lang='lat' dir='ltr'>commissa3</span> <span class='ocrx_word' id='word_1_91' title='bbox 959 1535 1066 1601; x_wconf 86' lang='lat' dir='ltr'>sed</span> <span class='ocrx_word' id='word_1_92' title='bbox 1118 1535 1362 1603; x_wconf 80' lang='lat' dir='ltr'>sufficit</span> <span class='ocrx_word' id='word_1_93' title='bbox 1410 1541 1485 1602; x_wconf 89' lang='lat' dir='ltr'>ut</span> <span class='ocrx_word' id='word_1_94' title='bbox 1526 1533 1885 1603; x_wconf 89' lang='lat' dir='ltr'>secundum</span> <span class='ocrx_word' id='word_1_95' title='bbox 1937 1542 2181 1603; x_wconf 88' lang='lat' dir='ltr'>rectam</span> <span class='ocrx_word' id='word_1_96' title='bbox 2230 1543 2295 1603; x_wconf 92' lang='lat' dir='ltr'>et</span> <span class='ocrx_word' id='word_1_97' title='bbox 2330 1556 2487 1625; x_wconf 91' lang='lat' dir='ltr'>pru-</span> 
     </span>
     <span class='ocr_line' id='line_1_12' title="bbox 206 1647 2483 1733; baseline 0.002 -20"><span class='ocrx_word' id='word_1_98' title='bbox 206 1648 524 1717; x_wconf 70' lang='lat' dir='ltr'>«dentem</span> <span class='ocrx_word' id='word_1_99' title='bbox 579 1647 1068 1719; x_wconf 63' lang='lat' dir='ltr'>aestimationem</span> <span class='ocrx_word' id='word_1_100' title='bbox 1118 1652 1451 1733; x_wconf 81' lang='lat' dir='ltr'>judicetur</span> <span class='ocrx_word' id='word_1_101' title='bbox 1503 1650 1571 1718; x_wconf 91' lang='lat' dir='ltr'>id</span> <span class='ocrx_word' id='word_1_102' title='bbox 1622 1672 1755 1718; x_wconf 84' lang='lat' dir='ltr'>esse</span> <span class='ocrx_word' id='word_1_103' title='bbox 1811 1651 2154 1719; x_wconf 87' lang='lat' dir='ltr'>honestum</span> <span class='ocrx_word' id='word_1_104' title='bbox 2236 1657 2300 1719; x_wconf 88' lang='lat' dir='ltr'>et</span> <span class='ocrx_word' id='word_1_105' title='bbox 2349 1648 2483 1719; x_wconf 89' lang='lat' dir='ltr'>Deo</span> 
     </span>
     <span class='ocr_line' id='line_1_13' title="bbox 211 1764 2486 1856; baseline 0.002 -25"><span class='ocrx_word' id='word_1_106' title='bbox 211 1792 240 1831; x_wconf 78' lang='grc' dir='ltr'>ιι</span> <span class='ocrx_word' id='word_1_107' title='bbox 267 1772 534 1854; x_wconf 82' lang='lat' dir='ltr'>gratum</span> <span class='ocrx_word' id='word_1_108' title='bbox 569 1788 588 1832; x_wconf 77' lang='lat' dir='ltr'><em>z</em></span> <span class='ocrx_word' id='word_1_109' title='bbox 643 1786 795 1832; x_wconf 90' lang='lat' dir='ltr'>nam</span> <span class='ocrx_word' id='word_1_110' title='bbox 830 1786 948 1856; x_wconf 89' lang='lat' dir='ltr'>per</span> <span class='ocrx_word' id='word_1_111' title='bbox 1000 1767 1126 1835; x_wconf 90' lang='lat' dir='ltr'>hoc</span> <span class='ocrx_word' id='word_1_112' title='bbox 1167 1767 1563 1835; x_wconf 77' lang='lat' dir='ltr'>sufficienter</span> <span class='ocrx_word' id='word_1_113' title='bbox 1608 1766 1995 1855; x_wconf 78' lang='lat' dir='ltr'>intelligitur</span> <span class='ocrx_word' id='word_1_114' title='bbox 2039 1764 2249 1833; x_wconf 91' lang='lat' dir='ltr'>Deum</span> <span class='ocrx_word' id='word_1_115' title='bbox 2304 1786 2486 1835; x_wconf 86' lang='lat' dir='ltr'>acce·</span> 
     </span>
     <span class='ocr_line' id='line_1_14' title="bbox 211 1878 2485 1970; baseline 0.001 -25"><span class='ocrx_word' id='word_1_116' title='bbox 211 1888 440 1970; x_wconf 67' lang='lat' dir='ltr'>aptare</span> <span class='ocrx_word' id='word_1_117' title='bbox 501 1878 682 1970; x_wconf 86' lang='lat' dir='ltr'>quod</span> <span class='ocrx_word' id='word_1_118' title='bbox 723 1880 804 1948; x_wconf 88' lang='lat' dir='ltr'>ad</span> <span class='ocrx_word' id='word_1_119' title='bbox 861 1902 1058 1949; x_wconf 89' lang='lat' dir='ltr'>suum</span> <span class='ocrx_word' id='word_1_120' title='bbox 1113 1880 1501 1968; x_wconf 85' lang='lat' dir='ltr'>obsequium</span> <span class='ocrx_word' id='word_1_121' title='bbox 1562 1879 1825 1967; x_wconf 85' lang='lat' dir='ltr'>aliquis,</span> <span class='ocrx_word' id='word_1_122' title='bbox 1876 1878 2115 1947; x_wconf 87' lang='lat' dir='ltr'>electus</span> <span class='ocrx_word' id='word_1_123' title='bbox 2172 1886 2485 1968; x_wconf 85' lang='lat' dir='ltr'>tanquam</span> 
     </span>
     <span class='ocr_line' id='line_1_15' title="bbox 215 1992 2487 2089; baseline 0 -30"><span class='ocrx_word' id='word_1_124' title='bbox 215 2020 250 2059; x_wconf 72' lang='grc' dir='ltr'><strong>α</strong></span> <span class='ocrx_word' id='word_1_125' title='bbox 279 1993 570 2063; x_wconf 78' lang='lat' dir='ltr'>minister</span> <span class='ocrx_word' id='word_1_126' title='bbox 597 1998 773 2082; x_wconf 82' lang='lat' dir='ltr'>ejus,</span> <span class='ocrx_word' id='word_1_127' title='bbox 799 2004 1102 2089; x_wconf 85' lang='lat' dir='ltr'>acceptat.</span> <span class='ocrx_word' id='word_1_128' title='bbox 1151 1992 1286 2063; x_wconf 89' lang='lat' dir='ltr'>Nec</span> <span class='ocrx_word' id='word_1_129' title='bbox 1333 1994 1511 2063; x_wconf 86' lang='lat' dir='ltr'>enim</span> <span class='ocrx_word' id='word_1_130' title='bbox 1574 2000 1821 2083; x_wconf 80' lang='lat' dir='ltr'>oportet</span> <span class='ocrx_word' id='word_1_131' title='bbox 1870 2000 1943 2061; x_wconf 91' lang='lat' dir='ltr'>ut</span> <span class='ocrx_word' id='word_1_132' title='bbox 1978 1992 2089 2060; x_wconf 92' lang='lat' dir='ltr'>ille</span> <span class='ocrx_word' id='word_1_133' title='bbox 2139 1994 2224 2059; x_wconf 87' lang='lat' dir='ltr'>sit</span> <span class='ocrx_word' id='word_1_134' title='bbox 2267 1993 2487 2083; x_wconf 89' lang='lat' dir='ltr'>publi-</span> 
     </span>
     <span class='ocr_line' id='line_1_16' title="bbox 212 2108 2485 2200; baseline 0.002 -28"><span class='ocrx_word' id='word_1_135' title='bbox 212 2130 388 2179; x_wconf 77' lang='lat' dir='ltr'>«cus</span> <span class='ocrx_word' id='word_1_136' title='bbox 431 2108 778 2189; x_wconf 85' lang='lat' dir='ltr'>minister,</span> <span class='ocrx_word' id='word_1_137' title='bbox 833 2110 913 2179; x_wconf 90' lang='lat' dir='ltr'>ad</span> <span class='ocrx_word' id='word_1_138' title='bbox 962 2110 1128 2180; x_wconf 91' lang='lat' dir='ltr'>illud</span> <span class='ocrx_word' id='word_1_139' title='bbox 1175 2132 1416 2179; x_wconf 89' lang='lat' dir='ltr'>munus</span> <span class='ocrx_word' id='word_1_140' title='bbox 1475 2110 1556 2177; x_wconf 88' lang='lat' dir='ltr'>ab</span> <span class='ocrx_word' id='word_1_141' title='bbox 1604 2108 1891 2179; x_wconf 85' lang='lat' dir='ltr'>Ecclesia</span> <span class='ocrx_word' id='word_1_142' title='bbox 1939 2109 2320 2200; x_wconf 76' lang='lat' dir='ltr'>deputatu83</span> <span class='ocrx_word' id='word_1_143' title='bbox 2374 2109 2485 2177; x_wconf 84' lang='lat' dir='ltr'>sed</span> 
     </span>
     <span class='ocr_line' id='line_1_17' title="bbox 207 2223 2486 2315; baseline 0.002 -26"><span class='ocrx_word' id='word_1_144' title='bbox 207 2248 238 2289; x_wconf 75' lang='lat' dir='ltr'>tt</span> <span class='ocrx_word' id='word_1_145' title='bbox 267 2225 420 2293; x_wconf 85' lang='lat' dir='ltr'>satis</span> <span class='ocrx_word' id='word_1_146' title='bbox 463 2230 564 2293; x_wconf 85' lang='lat' dir='ltr'>est</span> <span class='ocrx_word' id='word_1_147' title='bbox 623 2224 801 2315; x_wconf 89' lang='lat' dir='ltr'>quod</span> <span class='ocrx_word' id='word_1_148' title='bbox 855 2226 938 2293; x_wconf 86' lang='lat' dir='ltr'>ab</span> <span class='ocrx_word' id='word_1_149' title='bbox 993 2226 1190 2293; x_wconf 86' lang='lat' dir='ltr'>altero</span> <span class='ocrx_word' id='word_1_150' title='bbox 1267 2226 1625 2294; x_wconf 82' lang='lat' dir='ltr'>voluntarie</span> <span class='ocrx_word' id='word_1_151' title='bbox 1694 2231 1758 2291; x_wconf 87' lang='lat' dir='ltr'>et</span> <span class='ocrx_word' id='word_1_152' title='bbox 1811 2223 2161 2315; x_wconf 87' lang='lat' dir='ltr'>prudenter</span> <span class='ocrx_word' id='word_1_153' title='bbox 2216 2226 2300 2292; x_wconf 85' lang='lat' dir='ltr'>sit</span> <span class='ocrx_word' id='word_1_154' title='bbox 2350 2224 2486 2293; x_wconf 88' lang='lat' dir='ltr'>ele-</span> 
     </span>
     <span class='ocr_line' id='line_1_18' title="bbox 208 2337 2485 2431; baseline 0.002 -28"><span class='ocrx_word' id='word_1_155' title='bbox 208 2348 491 2409; x_wconf 74' lang='lat' dir='ltr'>«ctus...</span> <span class='ocrx_word' id='word_1_156' title='bbox 549 2337 1105 2409; x_wconf 86' lang='lat' dir='ltr'>Concluditur...:</span> <span class='ocrx_word' id='word_1_157' title='bbox 1165 2340 1276 2408; x_wconf 86' lang='lat' dir='ltr'>illa</span> <span class='ocrx_word' id='word_1_158' title='bbox 1329 2341 1553 2409; x_wconf 90' lang='lat' dir='ltr'>omnia</span> <span class='ocrx_word' id='word_1_159' title='bbox 1598 2346 1865 2431; x_wconf 80' lang='lat' dir='ltr'>possunt</span> <span class='ocrx_word' id='word_1_160' title='bbox 1912 2337 2122 2407; x_wconf 79' lang='lat' dir='ltr'>valide</span> <span class='ocrx_word' id='word_1_161' title='bbox 2184 2338 2323 2406; x_wconf 82' lang='lat' dir='ltr'>fieri</span> <span class='ocrx_word' id='word_1_162' title='bbox 2344 2340 2485 2407; x_wconf 84' lang='lat' dir='ltr'>sine</span> 
     </span>
     <span class='ocr_line' id='line_1_19' title="bbox 205 2454 2485 2549; baseline 0 -28"><span class='ocrx_word' id='word_1_163' title='bbox 205 2484 238 2521; x_wconf 71' lang='lat' dir='ltr'>t&lt;</span> <span class='ocrx_word' id='word_1_164' title='bbox 267 2457 547 2549; x_wconf 80' lang='lat' dir='ltr'>positiva</span> <span class='ocrx_word' id='word_1_165' title='bbox 591 2454 894 2525; x_wconf 80' lang='lat' dir='ltr'>Ecclesiae</span> <span class='ocrx_word' id='word_1_166' title='bbox 939 2457 1439 2547; x_wconf 85' lang='lat' dir='ltr'>approbatione;</span> <span class='ocrx_word' id='word_1_167' title='bbox 1489 2464 1552 2525; x_wconf 88' lang='lat' dir='ltr'>et</span> <span class='ocrx_word' id='word_1_168' title='bbox 1596 2457 1710 2524; x_wconf 89' lang='lat' dir='ltr'>illa</span> <span class='ocrx_word' id='word_1_169' title='bbox 1759 2454 2097 2523; x_wconf 85' lang='lat' dir='ltr'>sufficiunt</span> <span class='ocrx_word' id='word_1_170' title='bbox 2149 2454 2227 2521; x_wconf 89' lang='lat' dir='ltr'>ad</span> <span class='ocrx_word' id='word_1_171' title='bbox 2267 2455 2485 2522; x_wconf 88' lang='lat' dir='ltr'>homi-</span> 
     </span>
     <span class='ocr_line' id='line_1_20' title="bbox 217 2570 2481 2660; baseline 0.001 -25"><span class='ocrx_word' id='word_1_172' title='bbox 217 2596 250 2635; x_wconf 74' lang='lat'>«</span> <span class='ocrx_word' id='word_1_173' title='bbox 281 2592 431 2641; x_wconf 87' lang='lat' dir='ltr'>nem</span> <span class='ocrx_word' id='word_1_174' title='bbox 481 2592 713 2641; x_wconf 84' lang='lat' dir='ltr'>verum</span> <span class='ocrx_word' id='word_1_175' title='bbox 761 2571 1140 2660; x_wconf 86' lang='lat' dir='ltr'>religiosum</span> <span class='ocrx_word' id='word_1_176' title='bbox 1197 2572 1773 2653; x_wconf 83' lang='lat' dir='ltr'>constituendum3</span> <span class='ocrx_word' id='word_1_177' title='bbox 1824 2573 1982 2660; x_wconf 87' lang='lat' dir='ltr'>quia</span> <span class='ocrx_word' id='word_1_178' title='bbox 2037 2570 2374 2639; x_wconf 77' lang='lat' dir='ltr'>sufficiunt</span> <span class='ocrx_word' id='word_1_179' title='bbox 2398 2570 2481 2637; x_wconf 92' lang='lat' dir='ltr'>ad</span> 
     </span>
     <span class='ocr_line' id='line_1_21' title="bbox 225 2666 2485 2777; baseline 0.002 -28"><span class='ocrx_word' id='word_1_180' title='bbox 225 2712 262 2749; x_wconf 70' lang='grc' dir='ltr'><strong>α</strong></span> <span class='ocrx_word' id='word_1_181' title='bbox 283 2688 618 2777; x_wconf 75' lang='lat' dir='ltr'>perfectam</span> <span class='ocrx_word' id='word_1_182' title='bbox 662 2666 1290 2756; x_wconf 79' lang='lat' dir='ltr'>abrenuntiationem</span> <span class='ocrx_word' id='word_1_183' title='bbox 1346 2698 1408 2757; x_wconf 92' lang='lat' dir='ltr'>et</span> <span class='ocrx_word' id='word_1_184' title='bbox 1460 2688 1953 2777; x_wconf 80' lang='lat' dir='ltr'>abnegationem</span> <span class='ocrx_word' id='word_1_185' title='bbox 1988 2737 2007 2772; x_wconf 92' lang='lat'>,</span> <span class='ocrx_word' id='word_1_186' title='bbox 2060 2686 2485 2753; x_wconf 86' lang='lat' dir='ltr'>ablationem-</span> 
     </span>
     <span class='ocr_line' id='line_1_22' title="bbox 231 2800 2479 2894; baseline 0 -29"><span class='ocrx_word' id='word_1_187' title='bbox 231 2826 266 2865; x_wconf 80' lang='lat'>«</span> <span class='ocrx_word' id='word_1_188' title='bbox 301 2824 412 2890; x_wconf 89' lang='lat' dir='ltr'>que</span> <span class='ocrx_word' id='word_1_189' title='bbox 434 2804 742 2871; x_wconf 88' lang='lat' dir='ltr'>omnium</span> <span class='ocrx_word' id='word_1_190' title='bbox 789 2802 1433 2894; x_wconf 82' lang='lat' dir='ltr'>impedimentorum,</span> <span class='ocrx_word' id='word_1_191' title='bbox 1484 2824 1637 2871; x_wconf 90' lang='lat' dir='ltr'>eum</span> <span class='ocrx_word' id='word_1_192' title='bbox 1695 2801 2039 2871; x_wconf 81' lang='lat' dir='ltr'>sufficienti</span> <span class='ocrx_word' id='word_1_193' title='bbox 2096 2800 2479 2887; x_wconf 87' lang='lat' dir='ltr'>stabilitate;</span> 
     </span>
     <span class='ocr_line' id='line_1_23' title="bbox 231 2916 2483 3005; baseline 0.001 -26"><span class='ocrx_word' id='word_1_194' title='bbox 231 2939 268 2979; x_wconf 75' lang='grc' dir='ltr'><em>α</em></span> <span class='ocrx_word' id='word_1_195' title='bbox 293 2936 420 3003; x_wconf 82' lang='lat' dir='ltr'>quae</span> <span class='ocrx_word' id='word_1_196' title='bbox 443 2920 598 2987; x_wconf 85' lang='lat' dir='ltr'>satis</span> <span class='ocrx_word' id='word_1_197' title='bbox 627 2917 878 2986; x_wconf 84' lang='lat' dir='ltr'>suntad</span> <span class='ocrx_word' id='word_1_198' title='bbox 903 2917 1427 2987; x_wconf 86' lang='lat' dir='ltr'>constituendum</span> <span class='ocrx_word' id='word_1_199' title='bbox 1458 2920 1651 2987; x_wconf 89' lang='lat' dir='ltr'>illum</span> <span class='ocrx_word' id='word_1_200' title='bbox 1678 2918 1748 2985; x_wconf 91' lang='lat' dir='ltr'>in</span> <span class='ocrx_word' id='word_1_201' title='bbox 1782 2916 2099 3005; x_wconf 85' lang='lat' dir='ltr'>completo</span> <span class='ocrx_word' id='word_1_202' title='bbox 2136 2920 2302 2982; x_wconf 85' lang='lat' dir='ltr'>statu</span> <span class='ocrx_word' id='word_1_203' title='bbox 2327 2934 2483 3004; x_wconf 89' lang='lat' dir='ltr'>per-</span> 
     </span>
     <span class='ocr_line' id='line_1_24' title="bbox 228 3026 2483 3123; baseline 0.003 -28"><span class='ocrx_word' id='word_1_204' title='bbox 228 3030 566 3103; x_wconf 73' lang='lat' dir='ltr'>«fectionis</span> <span class='ocrx_word' id='word_1_205' title='bbox 610 3034 1040 3122; x_wconf 79' lang='lat' dir='ltr'>acquirendae.</span> <span class='ocrx_word' id='word_1_206' title='bbox 1094 3026 1266 3122; x_wconf 83' lang='lat' dir='ltr'>Ergo</span> <span class='ocrx_word' id='word_1_207' title='bbox 1295 3056 1370 3103; x_wconf 87' lang='lat' dir='ltr'>ex</span> <span class='ocrx_word' id='word_1_208' title='bbox 1416 3042 1647 3102; x_wconf 87' lang='lat' dir='ltr'>natura</span> <span class='ocrx_word' id='word_1_209' title='bbox 1684 3034 1779 3101; x_wconf 89' lang='lat' dir='ltr'>rei</span> <span class='ocrx_word' id='word_1_210' title='bbox 1823 3037 2024 3123; x_wconf 85' lang='lat' dir='ltr'>potest</span> <span class='ocrx_word' id='word_1_211' title='bbox 2052 3030 2142 3097; x_wconf 87' lang='lat' dir='ltr'>ita</span> <span class='ocrx_word' id='word_1_212' title='bbox 2178 3031 2483 3103; x_wconf 83' lang='lat' dir='ltr'>constitui</span> 
     </span>
     <span class='ocr_line' id='line_1_25' title="bbox 221 3146 1771 3241; baseline 0.001 -29"><span class='ocrx_word' id='word_1_213' title='bbox 221 3170 258 3212; x_wconf 74' lang='grc' dir='ltr'>ιι</span> <span class='ocrx_word' id='word_1_214' title='bbox 279 3150 408 3217; x_wconf 84' lang='lat' dir='ltr'>sine</span> <span class='ocrx_word' id='word_1_215' title='bbox 429 3148 750 3241; x_wconf 86' lang='lat' dir='ltr'>peculiari</span> <span class='ocrx_word' id='word_1_216' title='bbox 781 3146 1078 3217; x_wconf 83' lang='lat' dir='ltr'>Ecclesiae</span> <span class='ocrx_word' id='word_1_217' title='bbox 1108 3148 1565 3239; x_wconf 80' lang='lat' dir='ltr'>approbatione</span> <span class='ocrx_word' id='word_1_218' title='bbox 1586 3148 1700 3241; x_wconf 90' lang='lat'>(1).</span> <span class='ocrx_word' id='word_1_219' title='bbox 1735 3174 1771 3213; x_wconf 69' lang='lat' dir='ltr'>n</span> 
     </span>
    </p>

    <p class='ocr_par' dir='ltr' id='par_1_3' title="bbox 209 3262 2485 4281">
     <span class='ocr_line' id='line_1_26' title="bbox 304 3262 2481 3355; baseline -0 -22"><span class='ocrx_word' id='word_1_220' title='bbox 304 3262 474 3343; x_wconf 82' lang='lat' dir='ltr'><strong>Quod</strong></span> <span class='ocrx_word' id='word_1_221' title='bbox 505 3270 728 3331; x_wconf 87' lang='lat' dir='ltr'>autem</span> <span class='ocrx_word' id='word_1_222' title='bbox 757 3262 1004 3331; x_wconf 88' lang='lat' dir='ltr'>dictum</span> <span class='ocrx_word' id='word_1_223' title='bbox 1025 3272 1120 3331; x_wconf 85' lang='lat' dir='ltr'>est</span> <span class='ocrx_word' id='word_1_224' title='bbox 1150 3265 1230 3331; x_wconf 90' lang='lat' dir='ltr'>de</span> <span class='ocrx_word' id='word_1_225' title='bbox 1257 3262 1431 3332; x_wconf 90' lang='lat' dir='ltr'>Titio</span> <span class='ocrx_word' id='word_1_226' title='bbox 1454 3272 1516 3331; x_wconf 89' lang='lat' dir='ltr'>et</span> <span class='ocrx_word' id='word_1_227' title='bbox 1543 3262 1955 3355; x_wconf 75' lang='lat' dir='ltr'>Sempronia,</span> <span class='ocrx_word' id='word_1_228' title='bbox 1983 3262 2111 3330; x_wconf 89' lang='lat' dir='ltr'>dici</span> <span class='ocrx_word' id='word_1_229' title='bbox 2158 3268 2361 3354; x_wconf 87' lang='lat' dir='ltr'>potest</span> <span class='ocrx_word' id='word_1_230' title='bbox 2400 3264 2481 3332; x_wconf 88' lang='lat' dir='ltr'>de</span> 
     </span>
     <span class='ocr_line' id='line_1_27' title="bbox 213 3376 2483 3469; baseline 0.001 -27"><span class='ocrx_word' id='word_1_231' title='bbox 213 3376 500 3466; x_wconf 85' lang='lat' dir='ltr'>pluribus</span> <span class='ocrx_word' id='word_1_232' title='bbox 553 3378 756 3445; x_wconf 78' lang='lat' dir='ltr'>vitam</span> <span class='ocrx_word' id='word_1_233' title='bbox 817 3378 886 3445; x_wconf 89' lang='lat' dir='ltr'>in</span> <span class='ocrx_word' id='word_1_234' title='bbox 923 3380 1264 3447; x_wconf 80' lang='lat' dir='ltr'>communi</span> <span class='ocrx_word' id='word_1_235' title='bbox 1315 3379 1725 3467; x_wconf 75' lang='lat' dir='ltr'>degentibuS,</span> <span class='ocrx_word' id='word_1_236' title='bbox 1776 3387 1838 3445; x_wconf 90' lang='lat' dir='ltr'>et</span> <span class='ocrx_word' id='word_1_237' title='bbox 1892 3378 2290 3469; x_wconf 89' lang='lat' dir='ltr'>superiorem</span> <span class='ocrx_word' id='word_1_238' title='bbox 2355 3379 2483 3447; x_wconf 86' lang='lat' dir='ltr'>sibi</span> 
     </span>
     <span class='ocr_line' id='line_1_28' title="bbox 209 3491 2483 3583; baseline -0 -22"><span class='ocrx_word' id='word_1_239' title='bbox 209 3491 406 3562; x_wconf 86' lang='lat' dir='ltr'>libere</span> <span class='ocrx_word' id='word_1_240' title='bbox 431 3494 852 3582; x_wconf 83' lang='lat' dir='ltr'>eligentibus,</span> <span class='ocrx_word' id='word_1_241' title='bbox 897 3494 1324 3583; x_wconf 82' lang='lat' dir='ltr'>regulamque</span> <span class='ocrx_word' id='word_1_242' title='bbox 1377 3495 1535 3561; x_wconf 88' lang='lat' dir='ltr'>huic</span> <span class='ocrx_word' id='word_1_243' title='bbox 1568 3494 1715 3563; x_wconf 77' lang='lat' dir='ltr'>vitae</span> <span class='ocrx_word' id='word_1_244' title='bbox 1745 3495 2083 3563; x_wconf 87' lang='lat' dir='ltr'>communi</span> <span class='ocrx_word' id='word_1_245' title='bbox 2108 3514 2483 3564; x_wconf 88' lang='lat' dir='ltr'>accommo-</span> 
     </span>
     <span class='ocr_line' id='line_1_29' title="bbox 209 3610 2485 3701; baseline 0 -24"><span class='ocrx_word' id='word_1_246' title='bbox 209 3610 422 3679; x_wconf 84' lang='lat' dir='ltr'>datam</span> <span class='ocrx_word' id='word_1_247' title='bbox 476 3610 920 3701; x_wconf 83' lang='lat' dir='ltr'>sequentibus.</span> <span class='ocrx_word' id='word_1_248' title='bbox 969 3610 1038 3678; x_wconf 92' lang='lat' dir='ltr'>Si</span> <span class='ocrx_word' id='word_1_249' title='bbox 1062 3632 1297 3701; x_wconf 90' lang='lat' dir='ltr'>nempe</span> <span class='ocrx_word' id='word_1_250' title='bbox 1327 3613 1512 3697; x_wconf 75' lang='lat' dir='ltr'>Juxta</span> <span class='ocrx_word' id='word_1_251' title='bbox 1540 3618 1781 3679; x_wconf 89' lang='lat' dir='ltr'>rectam</span> <span class='ocrx_word' id='word_1_252' title='bbox 1826 3618 1890 3679; x_wconf 92' lang='lat' dir='ltr'>et</span> <span class='ocrx_word' id='word_1_253' title='bbox 1914 3612 2297 3701; x_wconf 86' lang='lat' dir='ltr'>prudentem</span> <span class='ocrx_word' id='word_1_254' title='bbox 2320 3610 2485 3677; x_wconf 80' lang='lat' dir='ltr'>aesti·</span> 
     </span>
     <span class='ocr_line' id='line_1_30' title="bbox 211 3724 2484 3817; baseline 0.001 -26"><span class='ocrx_word' id='word_1_255' title='bbox 211 3728 570 3795; x_wconf 88' lang='lat' dir='ltr'>mationem</span> <span class='ocrx_word' id='word_1_256' title='bbox 627 3726 851 3815; x_wconf 83' lang='lat' dir='ltr'>regula</span> <span class='ocrx_word' id='word_1_257' title='bbox 907 3727 1050 3795; x_wconf 81' lang='lat' dir='ltr'>baec</span> <span class='ocrx_word' id='word_1_258' title='bbox 1102 3726 1368 3795; x_wconf 87' lang='lat' dir='ltr'>honesta</span> <span class='ocrx_word' id='word_1_259' title='bbox 1422 3727 1551 3807; x_wconf 91' lang='lat' dir='ltr'>sit,</span> <span class='ocrx_word' id='word_1_260' title='bbox 1596 3728 1829 3817; x_wconf 88' lang='lat' dir='ltr'>poterit</span> <span class='ocrx_word' id='word_1_261' title='bbox 1855 3726 2005 3816; x_wconf 90' lang='lat' dir='ltr'>quis</span> <span class='ocrx_word' id='word_1_262' title='bbox 2048 3726 2169 3794; x_wconf 89' lang='lat' dir='ltr'>tria</span> <span class='ocrx_word' id='word_1_263' title='bbox 2218 3724 2484 3793; x_wconf 85' lang='lat' dir='ltr'>consilia</span> 
     </span>
     <span class='ocr_line' id='line_1_31' title="bbox 213 3840 2483 3931; baseline -0 -23"><span class='ocrx_word' id='word_1_264' title='bbox 213 3844 392 3929; x_wconf 82' lang='lat' dir='ltr'>juxta</span> <span class='ocrx_word' id='word_1_265' title='bbox 441 3844 616 3910; x_wconf 89' lang='lat' dir='ltr'>hane</span> <span class='ocrx_word' id='word_1_266' title='bbox 664 3842 964 3931; x_wconf 84' lang='lat' dir='ltr'>regulam</span> <span class='ocrx_word' id='word_1_267' title='bbox 1009 3842 1406 3911; x_wconf 86' lang='lat' dir='ltr'>observanda</span> <span class='ocrx_word' id='word_1_268' title='bbox 1451 3862 1683 3911; x_wconf 81' lang='lat' dir='ltr'>vovere</span> <span class='ocrx_word' id='word_1_269' title='bbox 1713 3896 1734 3930; x_wconf 87' lang='lat'>,</span> <span class='ocrx_word' id='word_1_270' title='bbox 1789 3850 1853 3911; x_wconf 87' lang='lat' dir='ltr'>et</span> <span class='ocrx_word' id='word_1_271' title='bbox 1917 3840 2233 3931; x_wconf 85' lang='lat' dir='ltr'>superiori</span> <span class='ocrx_word' id='word_1_272' title='bbox 2286 3840 2483 3929; x_wconf 83' lang='lat' dir='ltr'>hujus</span> 
     </span>
     <span class='ocr_line' id='line_1_32' title="bbox 214 3952 2481 4049; baseline -0.001 -24"><span class='ocrx_word' id='word_1_273' title='bbox 214 3959 698 4029; x_wconf 82' lang='lat' dir='ltr'>communitatis</span> <span class='ocrx_word' id='word_1_274' title='bbox 744 3958 1173 4027; x_wconf 86' lang='lat' dir='ltr'>obedientiam</span> <span class='ocrx_word' id='word_1_275' title='bbox 1227 3958 1623 4049; x_wconf 82' lang='lat' dir='ltr'>promittere3</span> <span class='ocrx_word' id='word_1_276' title='bbox 1678 3966 1739 4025; x_wconf 91' lang='lat' dir='ltr'>et</span> <span class='ocrx_word' id='word_1_277' title='bbox 1779 3960 1879 4025; x_wconf 85' lang='lat' dir='ltr'>sui</span> <span class='ocrx_word' id='word_1_278' title='bbox 1924 3958 2130 4045; x_wconf 79' lang='lat' dir='ltr'>ipsius</span> <span class='ocrx_word' id='word_1_279' title='bbox 2182 3952 2481 4023; x_wconf 84' lang='lat' dir='ltr'>donatio-</span> 
     </span>
     <span class='ocr_line' id='line_1_33' title="bbox 213 4072 2481 4164; baseline -0.002 -21"><span class='ocrx_word' id='word_1_280' title='bbox 213 4096 372 4143; x_wconf 83' lang='lat' dir='ltr'>nem</span> <span class='ocrx_word' id='word_1_281' title='bbox 397 4098 508 4145; x_wconf 85' lang='lat' dir='ltr'>seu</span> <span class='ocrx_word' id='word_1_282' title='bbox 534 4072 944 4143; x_wconf 86' lang='lat' dir='ltr'>traditionem</span> <span class='ocrx_word' id='word_1_283' title='bbox 971 4074 1100 4143; x_wconf 84' lang='lat' dir='ltr'>Deo</span> <span class='ocrx_word' id='word_1_284' title='bbox 1127 4075 1348 4143; x_wconf 77' lang='lat' dir='ltr'>facere.</span> <span class='ocrx_word' id='word_1_285' title='bbox 1409 4074 1491 4143; x_wconf 90' lang='lat' dir='ltr'>Et</span> <span class='ocrx_word' id='word_1_286' title='bbox 1518 4076 1813 4164; x_wconf 85' lang='lat' dir='ltr'>superior</span> <span class='ocrx_word' id='word_1_287' title='bbox 1854 4072 2049 4158; x_wconf 80' lang='lat' dir='ltr'>hujus</span> <span class='ocrx_word' id='word_1_288' title='bbox 2106 4074 2481 4140; x_wconf 89' lang='lat' dir='ltr'>communi-</span> 
     </span>
     <span class='ocr_line' id='line_1_34' title="bbox 218 4185 2481 4281; baseline -0.001 -22"><span class='ocrx_word' id='word_1_289' title='bbox 218 4193 390 4275; x_wconf 84' lang='lat' dir='ltr'>tatis,</span> <span class='ocrx_word' id='word_1_290' title='bbox 427 4192 578 4262; x_wconf 85' lang='lat' dir='ltr'>licet</span> <span class='ocrx_word' id='word_1_291' title='bbox 619 4212 1030 4281; x_wconf 81' lang='lat' dir='ltr'>nequaquam</span> <span class='ocrx_word' id='word_1_292' title='bbox 1071 4193 1156 4259; x_wconf 87' lang='lat' dir='ltr'>ab</span> <span class='ocrx_word' id='word_1_293' title='bbox 1191 4189 1473 4262; x_wconf 87' lang='lat' dir='ltr'>Ecclesia</span> <span class='ocrx_word' id='word_1_294' title='bbox 1518 4191 1885 4281; x_wconf 85' lang='lat' dir='ltr'>deputatus,</span> <span class='ocrx_word' id='word_1_295' title='bbox 1926 4185 2035 4255; x_wconf 85' lang='lat' dir='ltr'>sed</span> <span class='ocrx_word' id='word_1_296' title='bbox 2085 4187 2391 4257; x_wconf 80' lang='lat' dir='ltr'>duntaxat</span> <span class='ocrx_word' id='word_1_297' title='bbox 2442 4210 2481 4257; x_wconf 88' lang='lat' dir='ltr'>a</span> 
     </span>
    </p>
   </div>
   <div class='ocr_carea' id='block_1_3' title="bbox 295 4436 2419 4506">
    <p class='ocr_par' dir='ltr' id='par_1_4' title="bbox 295 4436 2419 4506">
     <span class='ocr_line' id='line_1_35' title="bbox 295 4436 2419 4506; baseline -0.007 -7"><span class='ocrx_word' id='word_1_298' title='bbox 295 4436 362 4502; x_wconf 78' lang='lat' dir='ltr'>(l)</span> <span class='ocrx_word' id='word_1_299' title='bbox 391 4440 514 4495; x_wconf 78' lang='lat' dir='ltr'>sunt</span> <span class='ocrx_word' id='word_1_300' title='bbox 537 4442 690 4497; x_wconf 71' lang='lat' dir='ltr'>verbe</span> <span class='ocrx_word' id='word_1_301' title='bbox 709 4441 950 4506; x_wconf 66' lang='lat' dir='ltr'>suarem,</span> <span class='ocrx_word' id='word_1_302' title='bbox 972 4443 1248 4495; x_wconf 70' lang='lat' dir='ltr'>mundam</span> <span class='ocrx_word' id='word_1_303' title='bbox 1269 4440 1577 4493; x_wconf 75' lang='lat' dir='ltr'>sententiam</span> <span class='ocrx_word' id='word_1_304' title='bbox 1603 4438 1900 4503; x_wconf 73' lang='lat' dir='ltr'>exponentis</span> <span class='ocrx_word' id='word_1_305' title='bbox 1924 4436 2050 4502; x_wconf 76' lang='lat' dir='ltr'>(loco</span> <span class='ocrx_word' id='word_1_306' title='bbox 2064 4438 2241 4504; x_wconf 67' lang='lat' dir='ltr'>eiecto,</span> <span class='ocrx_word' id='word_1_307' title='bbox 2257 4444 2317 4484; x_wconf 66' lang='lat' dir='ltr'>no</span> <span class='ocrx_word' id='word_1_308' title='bbox 2348 4438 2419 4499; x_wconf 78' lang='lat'>8).</span> 
     </span>
    </p>
   </div>
  </div>
 </body>
</html>
