2834 4959
399 316 526 376 524
970 321 1308 372 moruus
1351 325 1431 372 nn
1474 325 1627 372 sm
1664 316 2079 374 mmmm,

405 470 442 511 α
469 463 604 512 non
649 447 827 529 sunt,
857 441 1153 532 quamvis
1209 441 1655 514 ecclesiasticae
1688 447 2095 514 censeantur.
2140 463 2179 504 n
2210 437 2473 520 Quibus
2492 463 2671 534 pm-

397 557 626 628 notatis
663 556 745 625 sit

482 691 854 760 Pnorosrrto
895 689 968 758 Ρ.
995 727 1088 742 -
1121 688 1507 782 Ejusmodi·
1532 688 1882 776 moniales,
1917 695 2157 778 utpote
2188 685 2431 778 absque
2464 688 2667 758 clau-

392 828 550 875 sura
573 818 638 874 et
683 805 853 874 votis
901 802 1308 874 solemnibus
1355 805 1431 873 in
1458 804 1966 896 conqreqatione
2012 802 2331 880 viventes,
2356 803 2665 874 habendae

390 935 574 1011 sunt,
593 923 800 990 etiam
829 920 1045 1007 hodie,
1063 932 1390 1014 tanquam
1412 920 1714 989 toleratae
1740 918 2101 1004 duntaxat,
2115 941 2253 986 non
2279 931 2513 987 autem
2524 933 2665 990 tan-

389 1059 594 1130 quam
629 1036 1036 1130 approbatae.
1073 1073 1150 1090 —
1181 1037 1253 1104 Id
1289 1036 1707 1126 probavimus
1728 1055 1923 1125 supra
1969 1033 2171 1123 (parte
2190 1033 2265 1116 3,
2288 1036 2577 1104 sectione
2598 1036 2659 1122 1,

389 1153 595 1244 capite
615 1152 679 1235 2,
697 1152 739 1242 ἓ
758 1151 846 1244 2).
867 1151 949 1222 Et
969 1157 1222 1221 notetur
1237 1151 1363 1221 hoc
1385 1173 1618 1220 verum
1646 1149 2262 1237 remanere,etiamsi
2292 1149 2477 1219 sedes
2489 1149 2658 1242 Apo-

387 1269 610 1338 stolica
632 1269 896 1358 regulas
919 1275 983 1338 et
1001 1269 1262 1339 vivendi
1290 1269 1558 1338 modum
1597 1268 1875 1358 alicujus
1918 1287 1954 1336 e
1986 1265 2178 1334 dictis
2218 1267 2659 1357 congregatio-

385 1384 577 1452 nibus
631 1385 942 1476 approbet
998 1391 1189 1474 atque
1229 1385 1613 1468 confirmet3
1648 1384 1803 1474 quia
1854 1381 2259 1452 confirmatio
2316 1389 2381 1452 et
2428 1403 2661 1473 appro-

383 1500 556 1570 batio
580 1499 717 1568 hoec
746 1519 878 1568 non
921 1499 1078 1568 solet
1121 1500 1200 1567 iis
1247 1499 1641 1570 monialibus
1678 1498 1969 1584 concedi,
1998 1499 2125 1568 nisi
2174 1521 2325 1568 cum
2367 1499 2661 1568 clausula

383 1616 551 1684 citra
565 1613 1108 1706 approbationem
1122 1615 1623 1686 conservatorii.
1646 1615 1805 1697 Quae
1821 1613 2261 1684 clausula‘ideo
2273 1618 2651 1704 apponitur,

383 1736 454 1799 ut
485 1730 797 1800 moniales
830 1731 956 1800 illae
999 1738 1376 1800 remaneant
1409 1731 1481 1799 in
1524 1731 1897 1803 conditione
1934 1751 2131 1800 merae
2172 1727 2564 1816 tolerantur,
2588 1735 2656 1798 et

380 1845 584 1915 sancti
639 1843 740 1912 Pii
787 1845 852 1914 V
903 1846 1495 1931 constitutionibus,
1542 1845 2071 1936 congregationes
2118 1843 2258 1912 illas
2304 1844 2659 1935 prohiben-

379 1959 576 2048 tibus,
605 1961 676 2029 in
719 1967 932 2032 totum
974 1983 1110 2031 non
1155 1959 1547 2051 derogetur-3
1596 1968 1787 2052 prout
1836 1961 1979 2031 loco
2019 1961 2210 2030 citato
2248 1959 2405 2029 satis
2452 1965 2661 2029 osten-

378 2075 622 2145 dimus,

461 2189 840 2257 Pnorosmo
903 2189 1013 2260 11⁸.
1061 2227 1152 2242 -
1203 2191 1414 2260 Diccoe
1476 2190 1799 2265 moniales
1846 2191 2112 2279 Gallice,
2136 2190 2431 2282 quamv&
2478 2187 2649 2258 dun-

375 2313 572 2371 taxat
628 2304 948 2385 toleratoe,
1009 2306 1356 2374 essentiam
1411 2319 1632 2376 status
1693 2307 1985 2400 reliqiosi
2032 2306 2275 2376 habere
2324 2304 2653 2376 censendae

374 2423 554 2479 sunt.
597 2447 686 2462 —
733 2410 802 2480 ld
831 2412 1072 2500 pariter
1099 2413 1443 2502 probatum
1474 2420 1763 2484 remanet
1792 2435 1869 2484 ex
1896 2414 2089 2484 dictis
2122 2435 2325 2506 supra
2352 2411 2561 2506 (parte
2585 2413 2645 2500 3,

371 2525 650 2594 sectione
683 2526 745 2605 1,
779 2523 984 2617 capite
1021 2526 1089 2610 2,
1133 2527 1176 2618 ἓ
1217 2527 1308 2618 3).

462 2639 840 2711 Pnorosmo
885 2641 1022 2712 111⁸.
1048 2681 1138 2696 —
1190 2645 1573 2716 Praecedens
1624 2647 1955 2717 conclusio
2010 2647 2418 2742 applicanda
2460 2648 2651 2719 etiam

371 2768 470 2825 est
491 2777 684 2826 novce
706 2759 912 2827 alicui
923 2758 1406 2850 proedietarum
1436 2762 1833 2832 monialium
1853 2764 2381 2854 eonyreqationi,
2410 2763 2502 2834 de
2520 2763 2649 2834 sola

371 2875 687 2966 Episcopi
719 2875 1004 2960 licentia,
1039 2877 1283 2970 absque
1321 2877 1491 2948 sedis
1538 2881 1589 2947 Α
1593 2879 1935 2970 postolicoe
1980 2901 2245 2948 assenw
2266 2891 2529 2950 erectoe.
2566 2917 2647 2932 —

371 2987 796 3059 probavimus
841 3013 1040 3084 supra
1083 2991 1288 3086 (parte
1319 2995 1388 3083 2,
1420 2996 1697 3064 sectione
1746 2997 1813 3077 1,
1844 2996 2053 3086 capite
2084 2995 2159 3078 2,
2190 2994 2328 3086 52,
2358 2995 2649 3086 proposi-

372 3104 547 3176 tione
573 3105 666 3204 4),
720 3107 1074 3199 prohibitas
1129 3131 1285 3197 esse,
1341 3111 1421 3178 de
1462 3113 1611 3200 jure
1660 3111 2031 3192 communi,
2063 3133 2263 3181 novas
2290 3088 2649 3202 congrega-

371 3221 578 3291 tiones
602 3221 842 3312 absque
879 3225 1046 3293 sedis
1085 3224 1465 3315 Apostolicae
1506 3227 1807 3296 facultate
1840 3233 2109 3315 erectas,
2212 3226 2459 3296 uamvis
2490 3227 2645 3296 sim-

371 3333 566 3426 plicia
593 3337 898 3407 duntaxat
923 3345 1064 3410 vota
1087 3361 1166 3410 ex
1180 3342 1473 3410 instituto
1501 3344 1793 3412 emittere
1826 3342 2119 3412 debeant.
2154 3250 2399 3412 {sidem
2422 3347 2641 3410 autem

373 3447 440 3541 (ἓ
473 3449 544 3533 3,
575 3457 814 3540 puncto
859 3454 928 3545 3)
974 3455 1402 3548 expendimus
1453 3479 1538 3524 an
1596 3458 1887 3548 legitima
1934 3460 2207 3528 evaserit
2250 3456 2641 3532 consuetudo

279 3629 284 3634 .
368 3569 718 3655 contraria,
749 3570 820 3636 in
865 3569 1086 3638 Galliis
1115 3574 1367 3660 vigens,
1399 3594 1529 3662 qua
1570 3574 1775 3641 solent
1822 3573 2144 3665 ejusmodi
2184 3596 2371 3644 novoe
2398 3575 2635 3644 monia-

369 3681 538 3750 lium
569 3685 1138 3773 ,congregationes‚
1167 3686 1246 3755 de
1299 3689 1431 3756 sola
1468 3687 1961 3758 ordinariorum
2012 3690 2275 3760 licentia
2320 3692 2527 3781 erigi3
2574 3693 2635 3754 et

370 3794 819 3867 affirmativam
867 3801 1250 3872 sententiam
1279 3805 1859 3896 propugnavimus.
1916 3803 2045 3874 Sed
2072 3804 2403 3896 quidquid
2440 3807 2526 3875 sit
2562 3805 2635 3872 de

367 3912 638 3985 liceitate
682 3917 1056 4009 hujusmodi
1107 3922 1469 4009 erectionis,
1524 3922 1811 3992 diximus
1848 3923 1919 4015 (g
1957 3922 2023 4015 5)
2078 3923 2273 3992 hasce
2302 3942 2633 4013 congrega-

369 4028 594 4118 tiones,
643 4035 738 4102 sic
763 4035 842 4103 de
863 4035 1000 4104 sola
1029 4035 1356 4107 ordinarii
1375 4038 1933 4121 licentia-erectas,
1964 4061 2085 4132 pro
2108 4040 2394 4110 toleratis
2416 4038 2627 4108 saltem

369 4167 504 4218 esse
532 4148 880 4220 habendas.

390 4317 399 4324 .
455 4261 599 4332 Jam
651 4287 802 4334 vero
841 4265 1176 4336 tolerantia
1225 4269 1365 4339 hoec
1421 4269 1689 4357 sufficit,
1742 4276 1819 4338 ut
1856 4270 2139 4340 defectus
2160 4267 2635 4361 approbationis

371 4373 722 4472 Pontificiae
767 4387 966 4452 status
1019 4384 1306 4477 religiosi
1357 4387 1696 4458 essentiam
1760 4407 1896 4456 non
1958 4387 2293 4479 impediat.
2358 4383 2633 4458 Aliunde
