2834 4959
1173 343 1323 392 Pus
1367 345 1584 394 mm.
2434 345 2467 400 8
2478 347 2511 402 9

249 461 704 532 difficillimum
741 471 838 532 est
873 463 1228 535 discernere
1276 489 1360 534 an
1411 473 1476 535 et
1522 491 1653 558 qua
1698 473 2011 560 gravitate
2068 481 2351 543 erratum
2401 478 2505 546 sit.

239 577 398 646 Hinc
437 581 492 646 si
521 586 670 647 vota
712 581 1182 668 emitterentur,
1235 583 1315 652 de
1361 584 1735 673 reJiciendis
1780 588 2101 676 ejusmodi
2155 587 2510 676 affectibus,

233 693 470 762 adesset
497 694 802 785 [requens
823 695 1146 765 dubitatio
1169 704 1232 766 et
1278 697 1581 768 formido.
1642 699 1997 793 Perpetuus
2042 727 2278 796 nempe
2328 729 2513 775 men-

235 817 356 876 tem
405 817 750 900 occuparet
803 811 1025 899 timor,
1079 819 1224 882 tum
1282 833 1365 880 ne
1412 815 1788 902 violaretur,
1860 824 2005 886 tum
2057 841 2138 888 ne
2200 819 2512 890 violatum

233 926 464 993 fuisset
497 925 754 1016 aliquod
809 927 1135 1016 ejusmodi
1183 936 1441 997 votum.
1502 928 1662 1010 Quae
1717 934 2087 1022 anxietates,
2146 935 2389 1005 nedum
2441 939 2513 1005 in

241 1041 620 1128 assequenda
670 1039 1060 1131 perfectione
1112 1045 1447 1134 Juvarent,
1500 1045 1785 1115 multum
1816 1069 1853 1116 e
1898 1055 2119 1120 contra
2160 1049 2509 1120 officerent.

243 1155 328 1224 Et
370 1155 506 1223 ideo
548 1156 630 1224 ad
695 1157 1224 1226 constituendum
1291 1165 1531 1230 statum
1604 1161 2009 1252 perfectionis
2062 1186 2327 1234 necesse·
2382 1187 2513 1236 non

243 1276 334 1338 ast
359 1277 428 1338 ut
465 1272 674 1340 honor
699 1277 762 1341 et
819 1271 991 1342 sama
1043 1275 1114 1342 in
1167 1275 1432 1344 materia
1478 1275 1761 1366 alicujus
1814 1299 1849 1345 e
1898 1277 2111 1348 tribus
2154 1284 2316 1348 votis
2352 1282 2516 1350 sub-

237 1387 633 1456 stantialibus
674 1389 1282 1478 comprehendatur.
1323 1390 1429 1458 Ad
1472 1396 1695 1460 votum
1734 1393 1908 1481 quod
1967 1395 2192 1464 attinet
2249 1396 2330 1464 de
2378 1417 2509 1465 non

229 1502 588 1572 ambiendis
614 1507 682 1570 et
732 1503 1136 1594 acceptandis
1187 1503 1639 1593 dignitatibus,
1697 1508 1817 1575 etsi
1870 1507 2225 1578 obnoxium
2267 1531 2399 1578 non
2430 1512 2516 1579 sit

225 1620 496 1710 praet'atis
539 1619 988 1704 anxietatibus,
1045 1619 1200 1710 quia
1256 1621 1336 1688 de
1376 1623 1525 1711 ejus
1571 1621 1913 1692 violatione
1974 1624 2159 1694 facile
2214 1631 2513 1695 constare

227 1739 448 1824 potest,
521 1756 656 1803 non
705 1741 920 1803 tamen
973 1734 1054 1804 ad
1119 1742 1358 1805 statum
1428 1737 1838 1826 perfectionis
1903 1741 2335 1809 necessarium
2392 1748 2511 1811 est.

224 1847 482 1918 Etenim
515 1849 908 1939 dignitatum
937 1849 1268 1941 ejusmodi
1314 1852 1666 1940 acceptatio
1715 1873 1829 1942 per
1874 1873 1941 1920 se
1990 1853 2161 1921 mala
2206 1874 2338 1923 non
2392 1863 2511 1936 est,

231 1963 338 2031 sed
363 1970 616 2034 tantum
669 1971 930 2056 propter
961 1966 1414 2034 inordinatum
1448 1964 1622 2032 circa
1648 1986 1753 2032 eas
1782 1964 2085 2033 affectum
2126 1971 2189 2033 et
2238 1967 2509 2036 nimiam

225 2079 746 2149 sollicitudinem.
799 2079 992 2150 Hunc
1046 2101 1204 2150 vero
1275 2079 1717 2172 periculosum
1767 2079 2072 2148 affectum
2126 2079 2517 2150 sufficienter

223 2204 534 2287 praecavet
586 2195 892 2286 obligatio
941 2197 1248 2266 tendendi
1299 2197 1382 2265 ad
1468 2197 1959 2288 perfectionem,
2029 2218 2175 2287 quae
2243 2217 2317 2264 ex
2376 2197 2515 2287 ipso

219 2312 534 2404 religioso
581 2318 748 2381 statu
795 2313 1106 2397 exoritur,
1166 2318 1227 2378 et
1307 2312 1414 2380 cui
1464 2317 1685 2402 aperte
1758 2317 2079 2403 repugnat
2124 2312 2516 2399 dignitatum

223 2429 588 2517 prosecutio
639 2434 700 2496 et
749 2430 1122 2518 acceptatio,
1182 2448 1258 2494 ex
1305 2429 1510 2516 pra'vo
1564 2427 1831 2498 honoris
1892 2427 2211 2496 mundani
2248 2426 2509 2496 affectu.

223 2543 586 2612 Fatendum
613 2550 832 2612 tamen
889 2543 1208 2632 ejusmodi
1247 2549 1471 2612 votum
1522 2543 1870 2634 dignitates
1916 2564 2043 2612 non
2084 2541 2411 2614 ambiendi
2458 2551 2521 2612 et

235 2679 356 2726 non
408 2658 810 2754 acceptandi,
865 2657 994 2726 nisi
1060 2679 1135 2726 ex
1201 2657 1593 2742 obedientia,
1660 2657 1777 2724 etsi
1826 2657 1905 2724 ad
1968 2663 2166 2726 status
2232 2658 2514 2748 religiosi

239 2776 558 2844 essentiam
586 2755 722 2842 non
777 2775 1132 2866 pertinenS,
1188 2772 1553 2862 plurimum
1604 2778 1817 2839 tamen
1864 2772 2003 2861 eJus
2052 2771 2169 2840 fini
2204 2775 2519 2863 quadrare

241 2895 304 2954 et
337 2890 700 2979 perfectioni
723 2891 930 2980 ipsius
965 2888 1350 2958 accidentali
1376 2887 1630 2956 addere.

319 3004 678 3103 Difficultas
709 3012 803 3072 est
843 3005 1020 3072 circa
1049 3003 1424 3088 beneficia‚·
1444 3025 1529 3071 an
1574 3025 1809 3093 nempe
1860 3002 1937 3070 ad
1980 2999 2313 3069 materiam
2364 3021 2519 3092 pau-

229 3123 484 3212 pertatis
545 3121 870 3210 pertinere
912 3119 1238 3187 censenda
1287 3118 1439 3186 sint.
1482 3117 1701 3199 Quam
1756 3117 2205 3187 difficultatem
2262 3117 2523 3186 resolvit

231 3235 504 3317 Suam,
555 3235 1016 3324 distinguendo
1063 3236 1232 3302 inter
1280 3237 1435 3324 jura
1504 3242 1566 3302 et
1610 3233 1824 3302 officia
1860 3232 2179 3318 beneficii,
2238 3238 2301 3300 et
2352 3233 2520 3301 bona

233 3350 604 3440 temporalia
635 3351 758 3440 ipsi
803 3371 1077 3419 annexa.
1129 3347 1208 3416 Et
1266 3347 1483 3438 priora
1526 3348 1792 3438 quidem
1847 3368 1977 3414 nou
2004 3366 2140 3414 esse
2180 3348 2519 3414 materiam

227 3465 616 3555 paupertatis
626 3518 646 3553 ,
677 3466 844 3533 bene
870 3487 1024 3533 vero
1048 3464 1400 3555 posteriora
1436 3463 1783 3554 respondet
1818 3461 1925 3552 (de
1948 3463 2331 3555 Reliqione„
2352 3466 2521 3528 trac-

223 3587 364 3648 tatu
395 3580 532 3662 7,1.
563 3580 630 3666 8,
662 3601 721 3648 c.
747 3581 816 3660 4,
846 3601 911 3646 n.
949 3580 1083 3669 11).

307 3695 520 3764 Hisin
547 3701 952 3764 antecessum
983 3691 1360 3783 praemissis,
1402 3693 1545 3782 jam
1586 3692 1774 3762 facile
1802 3693 2075 3784 perspici
2102 3693 2324 3780 potest,
2346 3706 2522 3775 quae-
2656 3763 2661 3768 ,

225 3830 382 3877 nam
425 3811 594 3880 bona
625 3810 954 3877 materiam
1005 3807 1400 3900 paupertatis
1442 3814 1755 3878 remotam
1807 3807 2067 3899 proprie
2102 3801 2515 3870 constituant.

225 3921 398 3994 Nam
435 3932 668 4015 praeter
691 3924 872 3994 bona·
908 3923 1169 3992 homini
1221 3925 1599 4008 intrinseca,
1650 3945 1903 3994 necnon
1942 3923 2180 3989 samam
2232 3921 2297 3984 et
2349 3915 2521 3985 hono

223 4051 402 4115 rem,
474 4033 656 4116 nulla
702 4031 828 4100 alia
883 4037 1070 4114 sunt,
1115 4053 1314 4121 quam
1367 4053 1515 4120 quae
1572 4031 1841 4100 nomine
1897 4023 2296 4095 divitiarum
2350 4021 2521 4092 desi-

220 4148 422 4239 gnari
443 4149 653 4216 solent
679 4171 696 4230 3
741 4153 804 4216 et
831 4141 1396 4242 comprehendunt
1426 4152 1565 4214 tum
1594 4145 1928 4235 pecunias,
1968 4145 2112 4208 tum
2135 4138 2263 4210 alia
2290 4135 2521 4228 quaeli-

223 4263 820 4356 berquae‚pecunia
855 4263 1164 4334 aestimari
1207 4285 1282 4332 ac
1329 4261 1691 4351 comparari
1740 4263 2029 4350 possunt,
2074 4263 2188 4326 aut
2218 4254 2514 4346 pecuniae

227 4378 560 4450 moraliter
591 4379 996 4471 aequivalere.
1044 4377 1296 4452 Horum
1333 4397 1568 4465 nempe
1606 4365 1927 4444 bonorum
1960 4373 2143 4464 copia
2178 4369 2513 4449 hominem
