2834 4959
408 375 482 431 2¹
502 377 535 432 6
987 381 1325 430 TRACTATUS
1368 383 1448 429 m:
1492 381 1642 428 sum:
1681 381 2094 429 REGULARIUM.

404 525 516 572 vas
583 501 901 593 ejusmodi
963 502 1488 592 congregationes
1543 503 1918 571 inducerent
1969 507 2158 591 atque
2213 503 2672 592 approbarent.

408 621 481 688 ln
510 639 641 710 quo
664 619 814 686 satis
852 638 973 706 ego
1022 619 1247 685 mirari
1299 639 1430 687 non
1464 638 1726 709 possum
1771 638 2128 708 perennem
2162 615 2357 685 illum
2405 616 2680 708 Spiritus

406 735 612 802 sancti
640 734 938 815 ductum,
967 735 1082 822 qui
1112 752 1363 821 semper
1391 733 1858 823 opportuniora
1896 753 2012 822 pro
2037 738 2407 822 temporum
2437 737 2677 804 ratione

414 849 711 920 Ecclesiae
774 848 1081 937 suggerit.
1134 845 1265 917 Vix
1312 848 1488 916 enim
1543 845 1674 914 dici
1715 853 1917 938 potest
1965 853 2206 936 quanta
2279 847 2479 932 bona,
2547 871 2677 920 meo

400 967 673 1056 quidem
717 965 994 1055 judici0,
1039 986 1113 1032 ex
1169 964 1331 1032 facta
1382 963 1490 1031 illa
1523 961 1854 1053 Episcopis
1906 962 2234 1050 facultate,
2297 970 2358 1030 et
2387 963 2544 1031 inde
2593 987 2677 1033 se-

404 1089 553 1151 cuta
604 1103 919 1150 novarum
947 1080 1526 1168 congregationum
1561 1076 2007 1169 pullulatione,
2057 1079 2150 1146 rei
2203 1077 2486 1147 catholic
2515 1101 2568 1148 ae
2616 1083 2676 1150 in

404 1195 631 1267 Galliis
654 1198 977 1264 cesserint.
1032 1192 1261 1263 Sedato
1306 1194 1547 1282 quippe
1597 1193 1916 1260 horrendo
1978 1191 2091 1261 illo
2131 1194 2287 1260 anni
2327 1193 2510 1262 ¹⁷93
2555 1203 2675 1263 tur-

409 1311 587 1400 bine,
637 1311 880 1400 ubique
915 1315 1091 1395 ortae,
1148 1305 1739 1377 sanctimonialium
1781 1309 2166 1397 praesertim,
2199 1309 2444 1399 optima
2493 1311 2674 1379 disci-

406 1425 587 1516 plina
640 1426 948 1494 ordinatae
1000 1425 1191 1511 acies,
1244 1445 1389 1512 quae
1445 1421 1814 1511 reparandis
1879 1421 2028 1490 fidei
2074 1422 2357 1506 damnis,
2429 1447 2671 1493 necnon

406 1543 635 1632 pietate
683 1548 743 1608 et
806 1541 1042 1610 sanctis
1094 1537 1379 1608 moribus
1427 1535 1858 1605 informandis
1909 1537 2092 1606 novis
2145 1539 2675 1626 generationibus

404 1656 565 1725 adeo
612 1655 877 1724 feliciter
931 1653 1397 1723 incubuerunt.
1455 1651 1612 1732 Quae
1669 1651 1950 1742 profecto
2010 1652 2324 1732 instituta,
2386 1652 2675 1742 plerum-

410 1792 536 1861 que
582 1770 823 1861 absque
858 1771 1045 1839 certis
1092 1767 1580 1838 fundationibus
1631 1767 1816 1836 initio
1867 1767 2168 1856 incoepta‚
2201 1767 2255 1834 si
2295 1771 2502 1836 Romae
2539 1769 2677 1859 'ap-

276 1947 284 1952 .
408 1885 696 1975 probari,
742 1891 806 1954 et
830 1883 911 1954 ad
932 1883 1099 1974 Juris
1144 1884 1356 1974 apices
1368 1884 1555 1972 juxta
1581 1883 1917 1971 antiquam
1960 1903 2259 1950 normam
2317 1881 2544 1950 induci
2571 1884 2674 1950 de-

414 2003 726 2094 buissent,
754 2029 833 2074 ne
860 2027 1061 2074 unam
1074 2004 1340 2096 quidem
1372 2025 1486 2093 pro
1516 2003 1802 2071 centenis
1830 2001 2179 2071 monialem
2211 2001 2672 2072 habuissemus

410 2119 669 2188 Et‘cum
706 2126 880 2189 tanta
920 2121 1025 2206 sit,
1083 2127 1275 2208 atque
1323 2120 1391 2186 in
1419 2117 1554 2185 dies
1589 2123 1896 2206 augeatur
1944 2117 2263 2206 ejusmodi
2345 2139 2674 2211 congrega·

414 2235 665 2304 tionum
712 2236 1007 2318 varietas,
1060 2233 1307 2301 favente
1350 2232 1484 2300 Deo
1523 2232 1769 2322 optimo
1813 2233 2127 2321 maximo,
2174 2227 2439 2304 nullum
2483 2235 2672 2303 adhuc
2789 2275 2791 2278 <

421 2349 703 2440 reperire
749 2355 842 2418 est
892 2355 1309 2429 conventum,
1361 2350 1434 2416 in
1483 2369 1612 2436 quo
1665 2347 1810 2418 vitae
1853 2349 2281 2419 sanctimonia
2343 2357 2404 2420 et
2471 2353 2538 2419 in
2575 2351 2673 2442 piis

418 2484 539 2554 pro
600 2466 919 2554 cujusque
977 2465 1262 2533 instituto
1326 2464 1632 2554 operibus
1704 2463 1913 2534 fervor
1968 2488 2100 2535 non
2167 2467 2520 2558 splendeat.
2577 2467 2672 2535 His

422 2584 650 2673 procul
708 2581 908 2651 dubio
953 2581 1258 2673 angelicis
1314 2585 1550 2652 turmis
1620 2586 1936 2676 praecipue
2004 2585 2455 2672 tribuendum,
2523 2587 2668 2678 quod
2787 2619 2789 2640 ι

426 2694 699 2762 nuncin
748 2695 981 2763 melius
1029 2699 1269 2763 mutata
1312 2693 1545 2775 Gallia,
1585 2695 1966 2764 catholicam
1999 2717 2130 2765 sese
2177 2698 2441 2765 tandem
2497 2699 2672 2766 remi—

426 2810 733 2878 niscatur.
767 2810 1043 2879 Attentis
1078 2832 1231 2901 ergo
1268 2817 1358 2880 tot
1404 2819 1466 2878 et
1493 2811 1684 2879 tantis
1729 2811 2278 2881 commotionibus
2311 2835 2386 2882 ac
2413 2812 2675 2881 difficul-

432 2920 690 3005 tatibus,
744 2943 889 3012 quae
934 2928 1201 2991 exeunte
1244 2923 1500 2991 decimo
1553 2929 1774 2991 octavo
1838 2924 2071 2992 saeculo
2119 2945 2257 2991 rem
2309 2923 2672 2992 catholicam

428 3038 501 3104 in
553 3043 914 3106 extremum
964 3037 1314 3106 discrimen
1366 3037 1721 3122 adduxere,
1796 3037 1979 3106 facile
2051 3039 2444 3128 perspicitur
2491 3059 2672 3128 quam
2786 3061 2787 3072 ¹

426 3161 785 3244 opportune
807 3155 986 3222 sedes
1012 3154 1380 3244 Apostolica
1408 3152 1842 3222 recedendum
1874 3175 1911 3220 a
1935 3153 2182 3243 regulis
2212 3153 2369 3222 olim
2422 3155 2671 3237 statutis,

426 3271 489 3330 et
542 3265 1036 3352 permittendam
1099 3264 1221 3332 sub
1286 3263 1780 3334 ordinariorum
1849 3265 2224 3333 auctoritate
2275 3267 2670 3356 praefatarum

430 3381 1005 3468 congregationum
1032 3381 1301 3448 liberam
1332 3379 1934 3472 multiplicationem
1969 3379 2244 3451 duxerit.

516 3491 691 3563 Num
737 3503 948 3566 autem
985 3500 1125 3586 jam
1151 3496 1512 3588 optandum
1556 3495 1661 3579 sit,
1695 3501 1768 3563 ut
1797 3502 1990 3566 tantae
2023 3496 2309 3566 varietati
2361 3504 2426 3566 et
2472 3495 2669 3566 multi·
2784 3489 2785 3508 ³

423 3610 754 3701 plicationi
786 3613 1099 3680 terminus
1144 3612 1377 3702 aliquis
1411 3613 1807 3703 imponatur,
1837 3612 1927 3678 ita
1953 3617 2027 3679 ut
2057 3611 2220 3682 facto
2271 3613 2351 3681 ad
2375 3615 2485 3704 jus
2517 3631 2674 3680 com-

428 3747 631 3796 mune
675 3727 909 3815 reditu,
938 3727 1173 3796 iterum
1215 3727 1338 3797 sibi
1370 3749 1684 3796 novarum
1727 3728 2305 3817 congregationum
2335 3729 2670 3797 inchoatio-

428 3859 581 3910 nem
630 3842 807 3912 sedes
848 3842 1213 3933 Apostolica
1239 3849 1628 3911 reservatam
1683 3841 2007 3924 decernat,
2072 3865 2204 3911 non
2248 3844 2329 3912 ad
2377 3845 2672 3935 privatum

428 3955 828 4046 scriptorem,
864 3956 972 4026 sed
1000 3958 1080 4026 ad
1126 3959 1415 4048 ejusdem
1457 3957 1646 4036 Sedis
1679 3955 2058 4048 sapientiam
2102 3958 2382 4048 pertinet
2413 3975 2674 4050 pronun-

432 4069 615 4140 tiare.
