2834 4959
1078 359 1229 408 mus
1272 361 1564 414 acuum.
2325 370 2360 422 Ξ
2371 369 2402 424 6
2413 369 2450 423 5

1241 663 1381 754 §L

820 847 1164 899 Recensentur
1196 850 1335 903 varta
1365 849 1463 901 hac
1485 851 1548 902 de
1571 853 1782 913 reluta.

278 1063 331 1130 Ι.
365 1063 429 1132 {n
480 1068 935 1136 constitutione
969 1071 1304 1151 Quoniam
1346 1071 1698 1144 Clementis
1740 1073 1910 1157 V111,
1942 1077 2028 1146 23
2063 1079 2216 1168 julii
2255 1081 2450 1167 1603,

194 1177 287 1244 sic
328 1179 728 1250 decernitur:
796 1208 831 1249 (t
880 1183 1295 1254 Declaramus
1333 1186 1628 1257 locorum
1675 1189 2053 1260 ordinarios
2095 1215 2224 1262 non
2274 1217 2455 1285 posse

211 1293 585 1365 «licentiam
640 1297 721 1365 ad
780 1319 979 1366 novos
1034 1307 1389 1369 conventus
1442 1305 1894 1394 cujuscunque
1943 1308 2453 1378 mendicantium

210 1431 242 1470 α
278 1405 549 1496 Ordinis,
588 1411 657 1478 in
689 1412 1052 1482 civitatibus
1086 1421 1149 1482 et
1196 1415 1353 1484 locis
1382 1437 1612 1486 eorum
1643 1419 1982 1488 ordinariae
2015 1424 2453 1510 jurisdictioni

204 1547 237 1587 α
262 1523 557 1610 subjectis
603 1525 939 1616 erigendos
964 1529 1323 1620 impertire,
1358 1532 1489 1600 nisi
1529 1533 1764 1601 vocatis
1805 1540 1870 1603 et
1905 1536 2147 1606 auditis
2175 1537 2454 1606 aliorum

198 1661 229 1701 α
260 1637 323 1704 in
349 1639 605 1708 eisdem
630 1642 997 1712 civitatibus
1034 1650 1095 1712 et
1142 1645 1299 1717 locis
1341 1648 1751 1717 existentium
1793 1658 2228 1721 conventuum
2272 1654 2453 1742 prio·
2501 1732 2509 1743 ‚

196 1777 227 1818 ι
256 1753 433 1824 ribus
490 1778 604 1825 seu
658 1761 1205 1849 procuratoribuS,
1252 1769 1314 1830 et
1364 1764 1504 1831 aliis
1559 1765 1866 1834 interesse
1923 1767 2340 1848 habentibus,
2395 1775 2456 1838 et

196 1891 229 1934 ε
260 1889 449 1938 causa
504 1874 771 1940 servatis
814 1875 1141 1942 servandis
1199 1879 1482 1964 cognita,
1528 1878 1904 1958 constiterit,
1965 1882 2032 1946 in
2070 1882 2312 1947 eisdem
2357 1885 2456 1948 ci-

212 2012 241 2050 ιι
270 1987 569 2056 vitatibus
625 1995 689 2056 et
758 1990 917 2058 locis
968 2013 1164 2061 novos
1232 1993 1614 2083 hujusmodi
1683 1995 2022 2084 erigendos
2077 2001 2452 2082 conventuS,

196 2135 231 2172 a
264 2108 393 2176 sine
434 2104 721 2176 aliorum
770 2107 1151 2176 detrimento
1194 2109 1534 2178 commode
1563 2113 1902 2180 sustentari
1950 2131 2157 2201 posse.
2189 2109 2256 2178 Si
2309 2131 2457 2180 vero

194 2223 329 2292 «ab
350 2243 619 2306 eorum,
652 2223 723 2290 in
756 2223 1134 2311 hujusmodi
1163 2226 1396 2312 causiS‚
1431 2225 1786 2313 sententiis,
1817 2227 1897 2294 ad
1931 2226 2060 2296 Nos
2093 2231 2155 2294 et
2181 2227 2456 2318 Aposto-

198 2365 227 2404 α
258 2338 457 2408 licam
504 2338 723 2406 sedem
773 2341 1101 2429 provocari
1150 2346 1214 2408 et
1268 2341 1579 2432 appellari
1629 2344 1996 2432 contigerit,
2058 2344 2224 2434 ipsos
2260 2343 2456 2412 Ordi-

196 2481 225 2520 α
258 2456 477 2524 uarios
506 2453 758 2523 tamdiu
786 2455 1172 2523 erectionem
1212 2477 1532 2526 novorum
1584 2465 2024 2528 conventuum
2067 2460 2458 2550 suspendere

202 2593 235 2636 ιι
262 2570 514 2652 debere,
574 2590 913 2659 quousque
978 2592 1017 2638 a
1067 2569 1264 2640 Nobis
1332 2579 1394 2641 et
1457 2573 1824 2662 Apostolica
1893 2575 2042 2642 sede
2097 2577 2164 2642 in
2232 2577 2458 2646 eadem

204 2705 457 2752 «causa
512 2686 1003 2774 pronuntiatum
1056 2687 1409 2765 exstiterit3
1469 2692 1532 2752 et
1587 2687 1846 2752 irritum
1917 2688 2350 2757 nihilominus
2402 2696 2464 2758 et

208 2825 243 2864 α
284 2799 471 2866 inane
524 2797 925 2870 decernentes
974 2800 1296 2891 quidquid
1338 2821 1526 2869 secus
1575 2820 1771 2890 super
1823 2798 1952 2884 his,
2011 2823 2048 2867 a
2099 2822 2456 2890 quoquam,

206 2938 243 2976 «
276 2914 499 3001 quavis
542 2916 949 2999 auctoritate,
1020 2916 1294 2984 scienter
1354 2915 1456 2986 vel
1513 2915 1887 3004 ignoranter
1945 2915 2288 3002 contigerit
2367 2921 2462 2982 at-

210 3055 243 3093 α
276 3033 524 3100 tentari.
559 3055 593 3098 1>
1529 3121 1534 3125 .

280 3144 355 3213 ll.
390 3143 464 3214 ln
492 3147 943 3216 constitutione
974 3151 1139 3218 Cum
1170 3147 1375 3234 αῖὶαε,
1408 3148 1485 3215 17
1529 3149 1789 3238 augusti
1828 3147 2020 3231 1622,
2061 3165 2190 3235 qua
2226 3165 2466 3236 praece-

198 3260 447 3332 dentem
486 3264 895 3333 confirmavit
939 3274 1000 3332 et
1041 3265 1371 3354 ampliavit
1417 3264 1766 3354 Gregorius
1818 3261 1964 3346 XV,
2009 3259 2224 3351 agitur
2264 3258 2341 3327 de
2365 3279 2466 3328 re—

200 3375 529 3464 gularibus
550 3378 899 3467 cujuslibet
923 3379 1171 3447 ordinis
1199 3384 1259 3446 et
1287 3379 1560 3446 instituti
1589 3401 1605 3461 ;
1645 3383 1707 3446 et
1749 3375 2133 3468 prohibetur
2160 3399 2241 3445 ne
2270 3375 2465 3446 ullibi

196 3513 403 3560 novus
446 3495 741 3584 ipsorum
786 3500 1138 3563 conventus
1180 3494 1489 3585 erigatur,
1553 3519 1588 3560 «
1639 3494 1761 3562 nisi
1803 3491 1874 3560 in
1922 3513 1997 3559 eo
2025 3493 2248 3560 saltem
2291 3491 2466 3557 duo-

202 3636 235 3676 ι
268 3609 482 3678 decim
529 3611 753 3680 fratres
797 3616 910 3678 aut
956 3609 1263 3679 monachi
1310 3631 1423 3678 seu
1479 3610 1762 3699 religiosi
1807 3606 2189 3689 inhabitare,
2251 3626 2324 3672 ac
2397 3624 2472 3672 ex

198 3754 234 3795 «ι
260 3728 619 3798 redditibus
670 3735 734 3799 et
781 3731 1105 3800 consuetis
1146 3731 1568 3820 eleemosynis
1629 3728 1969 3800 sustentari
2023 3725 2278 3794 valeant
2316 3749 2334 3810 3
2395 3743 2470 3792 ac

206 3867 243 3907 α
282 3845 524 3931 priores
566 3866 681 3913 seu
734 3849 1176 3935 procuratores
1226 3845 1504 3916 aliorum
1557 3846 2127 3920 monasteriorum,
2189 3857 2474 3906 conven-

206 3980 244 4022 α
288 3961 501 4036 tuum,
537 3979 647 4030 seu
688 3960 1035 4028 domorum
1077 3943 1375 4029 aliarum'⁸
1400 3961 1908 4050 reiigionum...,
1951 3979 2082 4027 non
2131 3953 2343 4024 solum
2399 3953 2472 4021 in

206 4099 241 4140 ι
276 4060 621 4166 praedictis,
647 4074 765 4144 sed
787 4077 995 4146 etiam
1023 4077 1095 4145 in
1120 4077 1281 4145 aliis
1296 4099 1421 4168 per
1437 4089 1732 4170 quatuor
1759 4075 1979 4144 millia
1989 4093 2321 4165 passuum
2350 4069 2476 4137 cir·

200 4215 237 4254 (ι
266 4192 650 4262 σαητυίεὶηίς
699 4192 885 4278 loci-³,
940 4191 1021 4261 ad
1070 4193 1137 4262 id
1193 4196 1397 4265 vocati
1445 4200 1508 4263 et
1552 4192 1755 4262 auditi
1811 4190 2081 4272 fuerint,
2137 4187 2245 4258 vel
2299 4184 2475 4252 alias

211 4331 247 4368 ι
270 4305 633 4387 ordinariis
674 4310 969 4379 locorum
1020 4311 1397 4400 constiterit,
1451 4310 1780 4398 religiosos
1833 4305 2244 4392 monasterii,
2301 4322 2470 4371 con-

208 4443 247 4483 «
280 4430 501 4496 ventus
531 4446 649 4496 seu
694 4425 931 4496 domus
974 4427 1287 4518 regularis
1332 4427 1428 4497 sic
1453 4423 1745 4518 erigendi
1773 4445 1904 4517 ,seu
1937 4420 2287 4513 erigendae,
2328 4418 2471 4488 abs-
