2834 4959
274 412 281 419 ‚
394 344 513 403 498
962 349 1303 397 moruus
1345 349 1430 397 DE
1471 348 1624 395 «lm
1666 346 2086 395 manummi-

1435 624 1478 716 ς
1519 622 1629 694 111.
1762 561 1771 567 ’

472 813 799 867 solemnitate
820 822 925 865 non
960 812 1135 863 cuent
1154 808 1411 861 dranum
1435 808 1741 864 moni-unm
1767 810 1888 859 vota
1913 806 1982 859 ob
2001 807 2254 861 usuum
2279 806 2552 864 deteenm.

468 1042 785 1133 Equidem
854 1041 1145 1113 instituta
1210 1036 1602 1107 monialium
1659 1056 1806 1127 quae
1861 1035 2184 1107 clausum
2247 1036 2474 1127 legem
2531 1058 2662 1107 non

378 1158 643 1240 habent,
672 1162 879 1231 sancti
925 1156 1023 1227 Pii
1054 1155 1115 1226 V
1154 1152 1726 1226 constitutionibus
1775 1152 2228 1237 adversantur3
2273 1174 2350 1223 ac
2391 1153 2662 1245 proinde

372 1276 691 1346 solemnia
710 1298 846 1345 esse
872 1279 1202 1365 nequeunt
1250 1278 1391 1341 vota
1427 1271 1496 1339 in
1553 1269 1634 1339 iis
1681 1268 2128 1356 conventibus,
2159 1269 2228 1337 in
2258 1269 2502 1359 quibus
2525 1292 2654 1341 non

373 1392 551 1463 adest
598 1392 916 1461 clausurae
943 1392 1065 1460 lex.
1100 1390 1218 1459 Ast
1245 1388 1518 1458 omnino
1548 1384 2007 1477 distinguenda
2035 1390 2130 1454 est
2149 1385 2253 1455 lex
2303 1387 2652 1471 clausurae,

372 1508 457 1577 ab
502 1509 701 1595 hujus
728 1508 889 1595 legis
936 1504 1398 1586 observatione.
1455 1500 1546 1574 Ex
1605 1522 1682 1571 eo
1729 1502 1906 1593 quod
1965 1502 2330 1571 institutum
2381 1502 2652 1592 aliquod

371 1620 759 1690 monialium
792 1620 1109 1688 clausurae
1131 1616 1598 1709 obligationem
1637 1636 1770 1685 non
1803 1614 2061 1701 habeat,
2086 1620 2246 1684 recte
2295 1616 2645 1685 concludi-

369 1741 479 1806 tur
502 1735 584 1804 ab
638 1735 777 1805 istis
820 1732 1213 1803 monialibus
1236 1733 1479 1811 emissa
1507 1738 1654 1803 vota
1707 1752 1842 1801 non
1896 1752 2036 1801 esse
2085 1730 2430 1813 solemnia3
2479 1730 2643 1819 quia

364 1870 603 1945 nempe
620 1850 942 1943 ejusmodi
968 1848 1351 1920 monialium
1370 1855 1728 1917 conventus
1750 1846 2061 1939 prohibiti
2089 1846 2384 1934 fuerunt,
2409 1854 2472 1915 et
2481 1845 2648 1917 huic

370 1966 795 2059 prohibitioni
822 1970 1039 2057 postea
1066 1964 1373 2037 successit
1401 1974 1582 2033 mera
1605 1960 1968 2047 tolerantia,
1989 1966 2188 2055 prout
2211 1980 2412 2051 supra
2447 1961 2648 2053 expli·

368 2082 683 2153 cavimus.
736 2079 1075 2171 Ejusmodi
1131 2084 1349 2150 autem
1408 2076 1801 2164 monialium
1831 2076 2256 2149 toleratarum
2295 2082 2362 2143 et
2407 2075 2648 2164 absque

364 2194 665 2263 clausura
698 2216 773 2262 ex
810 2194 1109 2265 instituto
1134 2192 1542 2282 degentium,
1573 2196 1742 2273 vota,
1773 2191 2038 2264 nonnisi
2065 2196 2142 2261 ut
2167 2188 2498 2281 simplicia
2517 2210 2559 2259 a
2577 2211 2648 2259 se

366 2306 589 2377 baberi
618 2307 945 2378 multoties
998 2306 1347 2377 declaravit
1380 2307 1560 2377 sedes
1587 2306 1988 2398 Apostolica.
2025 2304 2214 2377 Unde
2253 2306 2310 2375 si
2331 2304 2646 2376 moniales

366 2420 591 2498 Galliae
616 2422 695 2493 de
716 2421 959 2511 quibus
994 2423 1280 2511 agimus,
1326 2420 1644 2491 clausurae
1672 2419 1884 2513 legem
1911 2442 1950 2491 a
1997 2442 2116 2493 suo
2142 2420 2450 2497 instimto
2495 2424 2646 2512 reje-

362 2535 627 2619 cissent;
658 2535 747 2603 ita
776 2540 850 2602 ut
877 2540 1179 2605 voverent
1198 2535 1468 2626 quidem
1487 2538 1672 2626 juxta
1711 2537 2196 2607 constitutiones
2231 2536 2495 2606 ordinis
2517 2538 2640 2615 sui,

360 2651 465 2721 sed
500 2636 675 2721 cies-'a
698 2650 907 2741 leqem
930 2650 1278 2741 claumae,
1308 2669 1506 2742 quam
1527 2652 1658 2723 illae
1685 2652 2170 2723 constitutiones
2179 2651 2636 2743 praescribunt,

360 2786 581 2834 revera
626 2766 777 2837 inde
826 2767 1349 2839 concludendum
1404 2769 1570 2838 foret
1619 2767 1938 2839 solemnia
1981 2790 2118 2839 non
2155 2790 2294 2844 esso
2352 2768 2636 2862 ipsarum

367 2889 535 2952 vota.
624 2924 634 2935 ·
848 2944 857 2961 ,

372 3068 377 3075 ,
446 2997 633 3079 Quod
680 3004 894 3072 autem
944 3000 1015 3068 in
1056 3004 1379 3069 conventu
1416 2998 1662 3089 aliquo,
1723 2999 1794 3069 in
1848 3020 1981 3096 quo
2019 3000 2211 3091 Juxta
2261 3000 2635 3073 institutum

354 3112 653 3186 clausura
674 3114 943 3204 obligat,
981 3114 1291 3203 obligatio
1348 3114 1490 3184 haec
1533 3115 1682 3206 plus
1729 3116 2032 3190 minusve
2075 3114 2378 3203 violetur,
2417 3118 2490 3187 id
2523 3138 2634 3185 ne-

354 3248 679 3317 quaquam
710 3228 1007 3305 annullat
1060 3229 1486 3320 professiones
1531 3228 1624 3302 ibi
1673 3232 1793 3302 rite
1815 3232 2106 3303 emissas.
2139 3230 2629 3323 Supponamus,

354 3340 543 3409 verbi
568 3346 796 3429 gratia,
829 3345 898 3413 in
920 3344 1141 3434 aliquo
1162 3324 1237 3415 ex
1292 3342 1598 3437 Romanis
1623 3346 2078 3435 conventibu5‚
2113 3346 2186 3419 ia
2237 3364 2362 3437 quo
2394 3344 2632 3417 solem·

352 3452 461 3524 nia
520 3461 667 3527 vota
722 3460 1110 3553 emittuntur
1151 3464 1214 3528 et
1266 3458 1652 3551 obligatoria
1707 3466 1804 3531 est
1877 3460 2206 3554 clausura,
2263 3462 2632 3552 ireque-ter

348 3570 720 3663 contingere
746 3574 943 3665 (quod
972 3572 1145 3643 Deu's
1168 3582 1407 3645 avertat
1433 3575 1500 3666 1)
1551 3580 1626 3644 ut
1661 3576 1976 3649 moniales
2001 3576 2302 3669 professae
2337 3576 2629 3651 claustris

344 3688 759 3776 egrediantur
812 3688 1038 3759 aliisve
1102 3690 1315 3759 modis
1374 3690 1746 3761 clausuram
1793 3691 2178 3783 infringant.
2235 3692 2512 3765 Frustra
2547 3692 2624 3761 ob

342 3799 491 3871 illos
511 3802 751 3873 abusus
788 3802 1204 3881 contenderet
1228 3804 1532 3876 monialis
1564 3806 1785 3897 aliqua
1833 3808 2088 3881 nullam
2139 3808 2336 3879 tuisse
2389 3808 2624 3902 profes-

340 3917 589 3987 sionem
644 3918 929 3987 suamin
972 3935 1049 3989 eo
1098 3927 1417 3991 conventu
1469 3920 1846 3993 solemniter
1875 3922 2202 3995 emissam.
2264 3922 2404 3997 Etsi
2453 3926 2616 3994 enim

340 4040 690 4103 conventus
731 4032 843 4103 ille
880 4032 1249 4105 clausuram
1301 4035 1383 4104 de
1427 4035 1594 4106 facto
1643 4058 1774 4107 non
1809 4044 2044 4126 servet,
2081 4040 2166 4111 de
2216 4042 2374 4132 jure
2401 4046 2612 4109 tamen

346 4144 528 4214 illam
562 4146 780 4219 habet.

428 4260 572 4331 Jam
619 4283 770 4333 vero
797 4264 1108 4335 moniales
1146 4264 1371 4338 Gallioe
1412 4266 1492 4338 de
1523 4268 1764 4361 quibus
1797 4272 2076 4362 agimus,
2119 4273 2184 4343 1⁰
2235 4273 2612 4365 profitentur

332 4376 516 4462 juxta
566 4378 941 4450 institutum
966 4382 1049 4451 ad
1098 4383 1474 4456 clausuram
1538 4386 1874 4479 obligans:
1919 4388 1992 4458 2·
2039 4410 2174 4461 non
2223 4390 2606 4481 profitentur
