2834 4959
358 340 482 399 622
931 354 1231 403 moruus
1277 352 1356 401 nn
1399 352 1549 401 suas
1578 350 1994 399 assummum.

353 476 514 543 forte
539 496 614 543 ex
659 482 888 546 natura
913 480 1009 549 rei
1049 472 1408 547 necessaria
1428 474 1511 541 sit
1546 470 1661 541 illa
1682 492 2033 541 consensus
2054 473 2397 562 renovatio,
2430 472 2661 541 illam

360 596 612 680 praestat
637 593 814 662 sedes
842 591 1227 685 Apostolica.
1890 594 1893 597 ’

448 714 743 787 Rationes
761 717 904 786 illas
923 715 1406 808 desumpsimus
1428 732 1505 783 ex
1520 708 1935 782 Reiffenstuel
1950 710 2045 803 (in
2073 713 2174 780 tit.
2208 710 2299 781 32
2318 710 2607 804 deRequ
2620 750 2661 763 -

361 830 640 915 laribus,
673 854 717 900 n
732 882 749 898 .
779 833 944 903 2217
976 840 1043 902 et
1065 830 1254 922 seq.).
1287 828 1632 899 Concludit
1664 828 1960 896 laudatus
1980 834 2237 914 auctor,
2270 830 2664 897 conclusio-

361 976 513 1024 nem
542 955 712 1025 hanc
736 978 870 1025 esse
897 955 970 1026 in
985 954 1386 1025 conscientia
1423 951 1695 1022 omnino
1721 962 1965 1019 tutam.

453 1073 638 1143 illam
687 1083 902 1144 autem
931 1068 1260 1168 praecipue
1311 1072 1583 1143 sustinet
1633 1070 1845 1163 quoad
1896 1090 2149 1156 casum,
2193 1093 2321 1162 quo
2345 1054 2671 1141 ‘novitius

367 1188 514 1257 ficte
529 1211 642 1259 seu
661 1190 902 1282 absque
924 1190 1146 1259 animo
1173 1208 1308 1261 sese
1332 1186 1689 1279 obligandi,
1743 1184 1845 1255 vel
1876 1208 1952 1255 ex
1980 1194 2162 1255 metu
2189 1187 2399 1277 gravi,
2436 1186 2673 1255 nulli·

365 1312 462 1373 ter
487 1306 810 1395 professus
849 1312 967 1375 est.
1024 1305 1249 1375 Postea
1292 1310 1510 1373 autem
1544 1304 1731 1372 illam
1766 1302 2049 1373 extendit
2095 1304 2176 1371 ad
2227 1302 2386 1372 alios
2438 1306 2671 1373 etiam

368 1440 551 1489 casus
593 1420 932 1505 nullitatis‚
965 1444 1043 1491 ex
1069 1416 1424 1491 defectibus
1442 1422 1519 1491 ‘in
1545 1421 1881 1511 profitente
1928 1422 2367 1511 provenientes
2402 1446 2421 1503 ;
2457 1418 2669 1489 verbi

367 1534 592 1625 gratia,
621 1536 701 1602 ad
730 1556 953 1603 casum
982 1557 1116 1627 quo
1161 1536 1470 1628 profitens
1509 1542 1711 1605 a'nnos
1763 1534 1849 1604 16
1886 1556 2023 1605 non
2058 1535 2499 1625 compleverit,
2546 1535 2666 1603 vel

368 1668 617 1717 annum
663 1651 993 1741 integrum
1018 1651 1378 1720 novitiatus
1417 1674 1551 1720 non
1579 1652 1919 1743 peregerit,
1956 1658 2063 1721 aut
2099 1650 2403 1721 continuo
2438 1672 2657 1717 anno

369 1767 620 1855 integro
647 1766 716 1834 in
741 1766 1121 1858 probatione
1157 1788 1291 1837 non
1317 1768 1766 1859 permanserit.

457 1888 774 1959 Caeterum
829 1892 1136 1962 lectorem
1185 1896 1553 1982 monemus,
1602 1892 1993 1962 sententiam
2053 1894 2253 1979 hanc,
2280 1891 2401 1959 etsi
2427 1890 2665 1961 multo

373 2004 901 2095 probabiliorem,
940 2014 1004 2075 et
1029 2006 1129 2098 (ut
1157 2008 1322 2077 mihi
1347 2010 1541 2077 etiam
1572 2006 1841 2099 videtur)
1875 2008 1946 2077 in
1972 2006 2379 2077 conscientia
2408 2011 2665 2093 tutam,

373 2139 412 2185 a
441 2119 660 2189 multis
703 2121 1073 2190 doctoribus
1107 2122 1522 2213 impugnari3
1566 2128 1644 2191 ut
1673 2122 1945 2215 proinde
1990 2120 2124 2191 dici
2171 2130 2445 2213 nequeat
2465 2130 2665 2191 extra

374 2236 875 2303 controversiam
898 2237 1127 2325 posita.

391 2326 418 2345 ⁹
469 2356 932 2425 Corollarium.
985 2398 1076 2411 -
1115 2364 1284 2448 Ergo
1329 2361 1444 2450 qui
1495 2364 1637 2430 vult
1659 2362 2123 2455 professionem
2157 2384 2335 2431 suam
2367 2360 2665 2429 nulliter

309 2566 311 2571 .
375 2472 674 2538 emissam
713 2472 1052 2556 ratificat-e,
1099 2477 1302 2564 potest
1322 2474 1391 2542 id
1432 2474 1640 2545 facere
1662 2484 1928 2566 secreto,
1960 2476 2027 2547 id
2055 2484 2177 2564 est,
2226 2499 2354 2547 non
2379 2478 2667 2545 monitis

375 2581 455 2649 de
493 2580 614 2651 hac
693 2582 987 2655 nullitate
1040 2586 1484 2678 superioribus
1543 2592 1704 2661 suis.
1764 2590 1937 2662 Cum
2001 2592 2215 2677 enim,
2284 2615 2360 2661 ex
2430 2592 2667 2678 dictis,

373 2714 630 2766 necesse
655 2719 791 2768 non
815 2698 897 2768 sit
919 2722 959 2769 a
993 2702 1441 2793 superioribus
1468 2726 1856 2776 consensum
1875 2708 2201 2791 renovari,
2229 2705 2474 2775 valebit
2496 2706 2669 2799 ipsis

380 2821 604 2889 insciis
623 2822 785 2891 sacta
807 2824 1167 2896 ratificatiO.

353 3002 356 3007 .
464 2935 910 3009 Nihilominus
961 2944 1031 3010 in
1084 2944 1266 3033 praxi
1311 2945 1663 3050 consultius
1690 2946 1838 3031 erit,
1884 2949 1939 3016 si
1966 2946 2109 3016 fieri
2162 2947 2367 3017 valeat
2394 2948 2673 3020 secluso

380 3050 678 3120 scandalo
701 3059 764 3120 et
788 3056 966 3142 gravi
991 3054 1427 3145 incommodo,
1453 3060 1851 3152 superiorem
1879 3061 1961 3131 de
1986 3062 2285 3133 nullitate
2308 3064 2673 3135 certiorem

377 3164 608 3249 facere,
635 3172 699 3234 et
732 3188 949 3237 coram
977 3170 1116 3261 ipso
1151 3179 1519 3265 acceptante
1551 3175 2043 3247 ratificationem
2075 3178 2309 3261 facere,
2340 3178 2667 3248 adhibitis

375 3280 627 3349 duobus
648 3282 937 3369 testibus,
965 3286 1080 3375 qui
1108 3286 1176 3354 in
1204 3294 1535 3385 posterum
1558 3290 1641 3383 (si
1669 3314 1831 3385 opus
1856 3292 1961 3385 sit)
1992 3292 2071 3363 de
2098 3293 2226 3362 hoc
2250 3295 2475 3361 testari
2502 3315 2669 3385 pos-

377 3395 525 3462 sint.

464 3560 838 3667 Paorosrno
867 3564 1002 3633 111⁸.
1025 3604 1116 3618 —
1141 3568 1222 3637 Si
1243 3570 1389 3660 quis
1415 3570 1511 3639 ad
1524 3574 1997 3663 professionem
2022 3574 2349 3645 admissus
2363 3576 2589 3665 fuerit
2620 3602 2669 3645 α

375 3695 510 3743 non
522 3674 734 3744 haben
743 3676 914 3747 tibus
925 3691 1348 3771 potestatem,
1374 3706 1621 3755 necesse
1642 3700 1761 3775 esc,
1771 3711 1900 3780 pro
1920 3688 2147 3759 valida
2170 3690 2665 3783 ratificatione‚

377 3789 770 3859 intervenire
795 3814 1171 3863 consensum
1190 3819 1417 3866 eorum
1432 3799 1549 3890 qui
1558 3800 1849 3894 leqitime
1872 3803 2225 3875 admittere
2254 3807 2665 3877 valeam.—

329 3962 336 3975 .
375 3902 568 3975 Tunc
593 3906 770 3975 enim
797 3908 927 3979 dici
953 3912 1204 4000 nequit,
1235 3914 1404 3983 sicut
1446 3915 1519 3984 in
1546 3918 1991 4008 superioribus
2011 3921 2296 4009 casibuS,
2351 3942 2653 4014 perseve—

374 4040 514 4089 rare
543 4040 929 4091 consensum
977 4024 1167 4096 initio
1210 4028 1619 4118 praestitum3
1678 4034 1835 4123 quia
1874 4056 2224 4106 consensus
2251 4038 2439 4107 initio
2472 4056 2653 4127 prae-

374 4135 584 4221 stitus,
611 4158 686 4205 ex
712 4138 1075 4231 hypothesi,
1126 4140 1249 4211 fuit
1293 4144 1546 4235 nullus;
1607 4153 1825 4239 utpote
1861 4150 2051 4223 datus
2094 4153 2179 4223 ab
2239 4154 2320 4224 iis
2356 4154 2461 4243 qui
2501 4172 2655 4221 uon

375 4248 671 4319 valebant
708 4253 786 4322 ad
831 4256 1295 4347 professionem
1323 4260 1681 4334 admittere.
1715 4263 1902 4337 Unde
1943 4269 2213 4339 omnino
2272 4288 2527 4339 necesse
2552 4276 2655 4337 est

377 4371 450 4430 ut
465 4368 721 4436 accedat
747 4368 1190 4458 legitimorum
1220 4374 1681 4468 recipientium
1706 4402 2093 4475 consensus3
2126 4386 2197 4455 id
2216 4390 2333 4474 est,
2376 4385 2651 4476 legitimi
