2834 4959
389 321 470 380 92
962 327 1300 375 imcu‘rns
1343 327 1426 375 ns
1464 326 1616 374 mas
1662 325 2074 374 assummum.

385 453 596 540 Atque
635 450 808 519 idem
851 449 1198 517 dicendum
1241 455 1336 515 est
1381 448 1461 516 de
1502 447 1789 538 simplici
1826 445 2227 529 detentione3
2268 454 2339 515 ut
2378 453 2535 538 patet
2560 449 2619 516 in

386 566 705 649 vestibus3
749 564 988 654 quibus
1013 565 1111 634 uti
1148 563 1334 632 debet
1367 563 1577 631 'homo
1614 581 1721 632 eas
1760 583 1985 630 secum
2012 562 2373 650 detinendo,
2414 561 2479 630 id
2514 571 2621 643 est,

383 689 462 760 iis
505 711 640 758 sese
690 690 986 778 tegendo.
1044 687 1289 758 Pariter
1335 690 1610 780 simplex
1639 689 1881 758 lactum
1923 689 2481 757 administrationis
2514 687 2623 755 bo-

383 825 620 874 norum
673 805 1158 895 temporalium,
1213 825 1622 894 nequaquam
1647 826 1662 841 ·
1682 810 2001 894 repugnat
2048 804 2397 896 paupertati
2447 804 2619 870 etiam

382 919 882 1010 perfectissimis.
933 919 1096 988 Nam
1145 942 1259 1010 per
1296 920 1551 987 nudum
1582 918 2155 989 administrationis
2194 918 2449 998 factum,
2478 917 2624 984 nihil

381 1035 658 1125 acquirit
679 1035 1154 1104 administrator
1183 1057 1256 1102 ex
1283 1057 1416 1124 quo
1443 1036 1622 1102 dives
1644 1036 2004 1102 autminus
2032 1055 2274 1125 pauper
2296 1032 2619 1120 efficiatum

383 1151 726 1241 siquidem,
777 1172 853 1218 ex
899 1150 1263 1241 hypothesi,
1319 1151 1581 1218 nullum
1634 1150 1985 1240 temporale
2032 1149 2448 1218 commodum
2492 1147 2625 1215 inde

377 1265 505 1334 sihi
539 1271 892 1355 comparat.
939 1263 1142 1335 Secus
1191 1266 1352 1332 foret
1387 1264 1467 1333 de
1512 1265 2069 1333 administratione
2108 1284 2263 1334 cum
2292 1263 2620 1354 stipendi0;

381 1383 535 1470 quia
558 1401 674 1470 per
715 1380 894 1448 illam
938 1382 1382 1471 acquireretur
1407 1380 1687 1471 alicujus
1729 1383 2023 1471 pecuniae
2050 1381 2443 1460 dominium,
2472 1377 2623 1469 quod

361 1524 505 1592 ,pau
517 1501 737 1590 pertati
766 1507 1104 1590 repugnat.

473 1614 844 1683 Paci-osuio
891 1614 1026 1683 111⁸.
1073 1653 1164 1666 -
1207 1615 1469 1684 Seclusa
1512 1617 1909 1686 auctoritate
1950 1617 2261 1687 Ecclesia»
2296 1618 2487 1687 aliter
2506 1625 2623 1682 sta-

381 1730 648 1815 tuentia,
685 1743 915 1799 votum
939 1732 1231 1824 simplem
1253 1735 1709 1824 paupertatis,
1742 1734 1946 1802 etiam
1968 1736 2331 1828 completae,
2361 1755 2489 1802 non
2510 1731 2623 1798 im·

373 1843 562 1935 pedit
591 1848 756 1938 quin
795 1846 1020 1916 valide
1048 1847 1320 1916 retineri
1340 1861 1404 1916 et
1432 1849 1663 1938 aquiri
1674 1849 1890 1940 possit
1918 1847 2321 1918 dominium.
2350 1887 2438 1900 —-
2461 1843 2623 1916 Dixi-

375 1981 524 2029 mus
547 1983 765 2052 supra,
789 1971 956 2050 stare
975 1985 1109 2032 non
1139 1986 1323 2054 posse
1345 1964 1711 2032 dominium
1733 1986 1886 2032 cum
1913 1972 2283 2056 paupertate
2308 1961 2619 2054 completa.

376 2076 500 2144 llic
559 2084 775 2145 autem
833 2079 1102 2168 probare
1158 2079 1592 2168 intendimus,
1639 2079 2008 2148 dominium
2062 2089 2229 2152 stare
2274 2104 2450 2174 posse
2490 2097 2621 2147 cum

375 2197 522 2258 voto
573 2192 851 2281 simplici
912 2195 1327 2282 paupertatis„
1382 2196 1573 2263 etiam
1624 2197 1958 2282 completae
2004 2221 2021 2265 :
2072 2219 2205 2267 non
2250 2199 2505 2289 quidem
2561 2215 2623 2264 eo

377 2323 566 2372 sensu
613 2306 816 2393 quod,
857 2314 1000 2395 post
1050 2308 1359 2376 emissum
1403 2309 1719 2399 ejusmodi
1766 2317 2013 2398 votum,
2070 2313 2268 2403 possit
2294 2315 2439 2403 quis
2463 2309 2620 2379 licite

375 2418 742 2487 dominium
788 2421 1062 2488 retinere
1111 2429 1222 2491 aut
1261 2423 1623 2512 acquirere,
1651 2426 1760 2495 sed
1802 2449 1877 2496 eo
1912 2449 2107 2496 sensu
2140 2427 2313 2517 quod
2350 2428 2415 2496 id
2449 2426 2625 2518 possit

377 2532 629 2616 valide,
685 2542 921 2603 attenta
961 2535 1164 2604 solius
1221 2538 1347 2606 voti
1401 2539 1709 2622 efficacia,
1757 2547 1821 2608 et
1860 2544 2107 2610 seclusa
2154 2541 2455 2611 Ecclesiae
2502 2539 2625 2628 lege

375 2647 559 2716 aliter
597 2647 996 2739 disponente.
1052 2650 1317 2721 Notetur
1367 2659 1587 2722 autem
1638 2677 1755 2723 nos
1803 2655 1913 2725 hic
1967 2678 2157 2747 agere
2209 2660 2510 2727 duntaxat
2558 2653 2625 2720 de

375 2767 534 2829 voto·
565 2763 877 2856 simplici,
925 2789 1056 2836 non
1111 2775 1325 2836 autem
1366 2769 1445 2837 de
1492 2769 1781 2839 solemni
1790 2791 1821 2856 ;
1860 2793 2013 2840 nam
2063 2779 2318 2842 certum
2370 2779 2482 2860 est,
2524 2788 2625 2860 per

373 2881 592 2942 votum
650 2880 935 2948 solemne
998 2885 1392 2973 paupertatis
1437 2885 1577 2974 ipso
1638 2885 1800 2954 facto
1856 2887 2067 2954 amitti
2120 2888 2487 2958 dominium
2510 2937 2530 2973 ‚
2579 2883 2627 2950 si

372 2991 542 3075 quod
599 2991 706 3061 hic
759 3003 822 3062 et
863 3017 1041 3064 nunc
1087 2997 1423 3078 habeatur,
1464 3005 1527 3065 et
1576 3007 1914 3069 voventem
1964 3002 2328 3072 inhabilem
2376 3003 2627 3072 omnino

374 3101 513 3170 fieri
549 3106 626 3171 ad
665 3106 1034 3177 dominium
1071 3111 1248 3179 aliud
1281 3111 1758 3200 acquirendum
1800 3116 1869 3183 in
1912 3123 2242 3204 posterum
2286 3143 2303 3186 :
2346 3118 2459 3209 qui
2492 3113 2627 3184 effe-

369 3224 510 3284 ctus
561 3219 1000 3309 solemnitatis,
1053 3247 1184 3292 non
1219 3245 1292 3292 ex
1334 3225 1474 3316 ipsa
1506 3229 1633 3295 voti
1678 3228 2061 3320 substantia,
2098 3233 2209 3302 sed
2256 3255 2331 3302 ex
2376 3231 2625 3322 positiva

367 3323 668 3400 Ecclesiae
702 3335 840 3424 lege
886 3339 1230 3429 profluere,
1277 3341 1446 3408 infra
1490 3344 1893 3434 paragrapho
1942 3345 1983 3414 3
2028 3345 2431 3438 probabitur.
2478 3346 2623 3414 Item

371 3455 648 3534 notetur,
705 3451 1187 3524 conclusionem
1242 3465 1531 3526 nostram
1598 3461 1753 3549 poni
1822 3483 1975 3529 cum
2032 3465 2159 3532 hac
2214 3465 2619 3542 restrictione,

367 3567 616 3634 seclusa
660 3571 1062 3638 auctoritate
1126 3571 1441 3640 Ecclesia»
1496 3573 1699 3643 aliter
1744 3575 2156 3666 disponentis
2194 3601 2218 3647 .·
2252 3601 2405 3648 nam
2442 3579 2625 3668 potest

369 3681 652 3752 Ecclesia
678 3691 977 3772 statuere,
1018 3693 1091 3754 ut
1130 3689 1403 3778 simplex
1445 3691 1637 3759 etiam
1676 3693 2068 3782 paupertatis
2114 3702 2337 3763 votum
2380 3696 2624 3782 incapa-

368 3798 620 3866 citatem
697 3799 970 3868 dominii
1053 3801 1334 3871 inducat.
1401 3804 1485 3872 Et
1544 3805 1623 3875 de
1688 3807 1849 3875 lacto
1902 3809 1988 3876 ita
2038 3808 2351 3899 disposuit
2394 3807 2627 3894 Grego-

369 3913 502 3980 rius
528 3913 702 4002 Xlll,
742 3917 927 3986 bulla·
961 3917 1364 3987 Ascendente
1408 3922 1717 4010 Domine,
1752 3923 1963 4013 quoad
2001 3933 2146 3992 vota
2188 3925 2623 4015 coadJutorum

368 4029 863 4118 approbatorum
917 4035 1232 4105 societatis
1285 4034 1463 4125 Jesu,
1521 4060 1669 4127 quae
1722 4039 2045 4130 simplicia
2098 4046 2276 4109 sunt.
2344 4038 2623 4107 Dicimus

365 4163 519 4234 ergo
576 4151 791 4216 votum
832 4154 1248 4243 paupertatis,
1295 4155 1490 4222 modo
1550 4157 1631 4223 sit
1684 4137 2000 4247 simplex,
2032 4164 2097 4228 et
2138 4156 2420 4228 Ecclesia
2455 4155 2627 4222 aliter

366 4283 497 4333 non
533 4266 843 4350 statuerit,
885 4290 1292 4362 nequaquam
1339 4271 1623 4341 adimere
1672 4273 2066 4344 habilitatem
2117 4277 2195 4345 ad
2236 4273 2620 4348 dominium,

367 4379 500 4447 sive
563 4384 1102 4467 conservandum,
1155 4386 1287 4456 sive
1343 4389 1834 4480 acquirendum.
1886 4390 2069 4473 Quod
2113 4393 2204 4463 sic
2269 4389 2620 4482 probatur:
