2834 4959
446 314 571 370 274
998 317 1339 367 moruus
1385 319 1466 366 DE
1501 317 1652 366 JURE
1699 316 2120 367 nnc-nummu.

444 444 703 536 gustani
751 441 1238 532 Archiepiscopi
1282 439 1569 520 licentia,
1613 460 1731 532 pro
1776 438 2084 528 erigendo
2125 437 2410 530 quodam
2455 443 2701 512 mendi-

441 556 729 628 cantium
771 555 1183 624 monasterio.
1238 552 1396 638 Quae
1448 558 1664 622 autem
1715 551 2194 643 objiciebantur
2235 558 2464 622 contra
2505 555 2696 646 hujus

436 673 716 743 licentiae
757 671 1040 740 valorem
1084 669 1368 739 confutat
1413 667 1573 738 Rota
1611 670 1680 737 in
1719 669 1902 740 hunc
1939 667 2260 738 modum:
2313 694 2350 734 α
2387 667 2564 740 Licet
2587 694 2701 761 pro

448 815 484 858 α
510 787 817 878 erigendo
882 807 1048 857 novo
1108 784 1511 884 regularium
1587 783 1859 874 collegio
1915 805 2030 852 seu
2087 785 2503 872 monasterio,
2547 789 2700 857 olim

443 932 480 972 α
514 904 951 995 requireretur
996 902 1289 994 specialis
1330 901 1500 970 sedis
1551 898 1934 993 Apostolicae
1986 899 2244 969 licentia
2293 899 2462 991 (cap.
2521 902 2583 986 1,
2629 903 2697 972 de

444 1039 482 1082 α
512 1015 777 1082 Excess.
806 1009 1010 1079 Prael.
1045 1009 1115 1078 in
1144 1007 1187 1076 6
1211 1007 1456 1089 3C1em.
1494 1007 1840 1098 Cupientes
1863 1003 1944 1075 de
1971 1005 2252 1096 Poenis),
2277 1005 2472 1076 hodie
2495 1021 2692 1078 tamen

444 1154 479 1195 ι(
510 1126 885 1218 hujusmodi
930 1123 1199 1194 facultas
1244 1123 1370 1192 fuit
1412 1121 1774 1192 Ordinariis
1829 1121 2136 1191 attributa
2187 1142 2301 1212 per
2358 1120 2429 1190 S.
2493 1125 2690 1192 conci·

443 1269 479 1314 «
508 1245 677 1314 lium
703 1241 1159 1310 Tridentinum
1188 1237 1367 1330 (sese.
1398 1237 1514 1324 25,
1542 1235 1621 1306 de
1645 1233 1916 1329 Requl„
1945 1257 2006 1306 c.
2050 1235 2141 1327 3).
2191 1233 2563 1306 Renovatur
2597 1257 2691 1328 per

439 1386 477 1429 α
506 1357 955 1450 particularem
1005 1355 1530 1425 constitutionem
1577 1352 1653 1423 F.
1711 1351 1790 1422 R.
1840 1350 2187 1422 Clementis
2230 1348 2376 1420 Vm
2403 1378 2425 1440 ;
2470 1353 2540 1421 in
2578 1373 2689 1443 qua

440 1499 475 1540 α
503 1472 947 1565 praescribitur
999 1470 1207 1540 forma
1273 1466 1661 1555 ordinariis,
1727 1468 1898 1536 circa
1963 1467 2336 1556 huJusmodi
2402 1468 2686 1537 licentias

440 1616 474 1654 ιι
504 1587 966 1657 concedendas.
1022 1584 1181 1666 Quae
1228 1583 1349 1651 tuit
1404 1583 1486 1652 ad
1535 1603 1828 1673 unguem
1871 1567 1992 1675 per
2040 1582 2450 1652 Ordinarium
2479 1583 2684 1656 Caesa-

438 1725 473 1767 α
500 1705 971 1791 raugustanum
992 1707 1267 1786 servata,
1298 1717 1450 1764 cum
1483 1695 1794 1765 citaverit
1815 1717 2036 1765 omncs
2062 1709 2410 1766 conventus
2435 1697 2685 1766 mendi·

433 1841 469 1882 «
496 1816 795 1886 cantium
842 1813 960 1905 (1),
1009 1819 1071 1883 et
1122 1812 1244 1880 sibi
1294 1813 1674 1898 constiterit,
1731 1810 1993 1880 nullum
2035 1812 2128 1882 eis
2175 1832 2356 1903 posse
2401 1834 2474 1882 ex
2517 1833 2681 1882 nova
2783 1863 2785 1880 2

430 1957 468 2000 α
498 1932 753 2020 collegii
805 1931 1126 2000 erectione
1169 1928 1619 2020 praejudicium
1673 1925 1948 2011 inferri;
1998 1948 2075 1996 ex
2115 1949 2246 2019 quo
2277 1927 2560 1998 redditus
2597 1918 2688 1997 illi

430 2071 467 2113 ε(
492 2045 698 2116 relicti
746 2067 862 2136 per
905 2043 1287 2134 Ugonem...
1354 2042 1694 2112 sufficiunt
1747 2043 1829 2112 ad
1880 2064 2240 2134 congruam
2287 2044 2679 2115 sustentatio-

431 2187 468 2227 α
494 2182 647 2228 nem
696 2158 1176 2248 collegialium3
1231 2158 1347 2248 qui
1414 2167 1745 2249 propterea
1804 2179 1940 2228 non
1989 2164 2372 2248 cogerentur
2437 2157 2679 2228 mendi·
2783 2225 2785 2234 ,

428 2301 463 2340 α
500 2296 670 2360 care,
726 2281 791 2342 et
843 2277 1307 2363 consequenter
1359 2292 1495 2342 non
1546 2273 1987 2344 diminuerent
2035 2274 2479 2364 eleemosynas
2535 2272 2678 2343 alio-

426 2415 461 2457 «
494 2410 647 2458 rum
674 2387 1213 2475 mendicantium,
1245 2408 1363 2456 nec
1388 2385 1652 2478 aliquod
1681 2388 1772 2457 eie
1791 2388 2112 2458 damnum
2137 2389 2478 2459 inferrent.

516 2501 820 2583 «Quibus
842 2521 975 2570 non
996 2499 1201 2570 obstat
1216 2522 1333 2591 pro
1349 2502 1667 2570 erectione
1689 2503 2067 2594 hujusmodi
2095 2503 2351 2594 collegii
2373 2525 2510 2574 non
2541 2525 2674 2574 eon-

424 2643 461 2684 «
492 2639 751 2688 currere
768 2614 1071 2706 requisita
1090 2613 1185 2707 (in
1210 2637 1269 2685 c.
1298 2614 1410 2685 Ad
1441 2615 1886 2706 audientiam,
1916 2618 1966 2685 il
1986 2619 2050 2706 1,
2085 2615 2166 2687 de
2185 2618 2373 2688 Eccl.
2422 2617 2673 2708 AEdif.;

422 2759 457 2800 α
490 2741 553 2803 et
604 2731 677 2800 in
722 2729 998 2802 concilio
1049 2727 1263 2815 Trid.,
1318 2753 1470 2801 sess.
1521 2731 1636 2817 21,
1683 2753 1824 2823 cap.
1873 2733 1938 2824 4)
1967 2757 1988 2820 ;
2018 2733 2172 2824 quia
2201 2733 2512 2825 praedicta
2541 2735 2670 2825 jura

422 2849 844 2942 «loquuntur
878 2847 958 2916 de
996 2844 1315 2916 erectione
1353 2867 1536 2917 novae
1559 2847 1894 2938 parochiae
1925 2848 2094 2917 intra
2125 2847 2366 2918 limites
2391 2849 2665 2928 alterius,

425 2991 459 3030 α
488 2986 620 3034 non
643 2970 858 3032 autem
885 2961 1140 3052 collegii
1166 2981 1279 3030 seu
1303 2961 1566 3032 alterius
1590 2959 1896 3032 Ecclesioe
1925 2985 2059 3032 non
2094 2965 2524 3055 parochialis.

516 3105 549 3144 (ι
586 3077 800 3150 Minus
850 3076 1081 3164 obstat,
1149 3073 1325 3165 quod
1380 3083 1594 3146 erecto
1667 3077 1789 3148 isto
1853 3077 2151 3168 collegio,
2223 3078 2668 3150 christifideles

424 3221 459 3261 α
489 3199 785 3286 poterunt
824 3193 897 3260 in
935 3191 1111 3258 illius
1158 3189 1443 3261 Ecclesia
1493 3192 1732 3281 eligere
1781 3192 2209 3284 sepulturam,
2261 3195 2460 3265 facere
2505 3193 2668 3262 cele-

424 3334 459 3373 «
494 3309 669 3378 brari
698 3308 921 3376 missas
957 3312 1021 3376 et
1058 3305 1518 3393 anniversaria,
1547 3306 1723 3397 quod
1765 3307 2087 3378 redundat
2113 3310 2182 3378 in
2229 3310 2384 3401 praej
2393 3309 2664 3380 udicium

422 3449 457 3488 α
486 3421 767 3492 ecclesia)
790 3421 893 3490 del
942 3418 1139 3504 Pilar,
1185 3419 1257 3488 in
1284 3442 1413 3511 qua
1456 3423 1764 3514 praedicta
1805 3423 2148 3514 hucusque
2189 3423 2358 3494 facta
2391 3425 2660 3495 fuerunt.
2775 3409 2777 3418 ’

423 3563 457 3604 α
486 3538 652 3620 Quia
679 3541 949 3626 negatur
970 3535 1348 3625 hujusmodi
1374 3539 1530 3627 praej
1539 3535 1856 3619 udicium,
1891 3559 2048 3607 cum
2075 3539 2280 3608 simus
2302 3539 2374 3608 in
2391 3537 2665 3629 faculta-

426 3680 458 3722 α
492 3652 643 3721 tivis
657 3671 689 3737 ,·
731 3673 806 3720 ex
832 3671 964 3740 quo
1003 3647 1276 3739 quilibet
1321 3655 1528 3740 potest
1574 3649 1654 3718 ad
1697 3650 1960 3720 libitum
2004 3651 2277 3723 ubilibet
2333 3653 2440 3744 pia
2489 3670 2664 3743 opera
2773 3721 2775 3744 ζ

424 3793 460 3834 α
490 3771 720 3852 tacere,
752 3771 814 3834 et
840 3764 963 3832 sibi
988 3762 1387 3853 sepulturam
1414 3764 1678 3854 eligere.
1709 3763 1792 3834 Et
1833 3766 1904 3834 in
1933 3787 2198 3836 omnem
2227 3771 2522 3836 eventum
2551 3759 2662 3830 tale
2773 3757 2775 3828 ἑ

424 3910 461 3948 ιι
492 3877 945 3974 praejudiciu'm
992 3898 1125 3946 non
1160 3885 1321 3948 esset
1355 3878 1818 3948 considerabile
1849 3879 1930 3968 ad
1952 3879 2248 3952 effectum
2287 3871 2660 3973 impediendi
2773 3831 2775 3923 Ι

426 4023 461 4065 «
493 3995 640 4065 novi
662 3992 912 4084 collegii
954 3994 1369 4078 erectionem,
1406 3995 1588 4084 juxta
1626 3992 1990 4064 doctrinam
2025 3993 2322 4066 Bartoli..
2335 4045 2386 4077 .‚
2427 3993 2660 4082 Aymo-

425 4138 459 4179 «
496 4113 708 4197 niem,
738 4109 1030 4178 Alexii...
2771 4143 2773 4215 1

482 4391 545 4451 (ι)
573 4386 721 4438 Notet
748 4384 923 4438 lector.
952 4381 1013 4434 de
1036 4381 1241 4447 parochi
1266 4383 1505 4434 citatione
1521 4385 1834 4436 mentionem
1856 4383 2050 4438 nullam
2081 4383 2210 4438 ssed.
