2834 4959
423 369 540 428 10⁴
985 376 1321 423 moruus
1367 375 1447 421 nn
1490 377 1639 422 suan
1680 375 2092 422 assumtum.

419 495 774 568 necessario
817 516 892 563 ex
936 495 1074 587 ipsa
1099 496 1487 585 traditione3
1526 502 1590 564 et
1629 495 1910 582 traditio,
1958 515 2159 585 quam
2188 495 2266 564 in
2309 491 2694 584 professione

421 634 536 683 sua
564 613 716 680 l'acit
756 611 1120 702 religiosus,
1153 633 1296 679 eam
1333 613 1463 680 voti
1491 611 1960 680 solemnitatem
2003 631 2077 678 ex
2120 617 2366 677 natura
2394 631 2515 678 sua
2559 633 2693 702 pro·
2780 599 2782 672 l

420 730 722 811 duceret;
767 747 887 796 nec
927 727 1231 818 penderet
1251 724 1356 794 ‘ab‘
1393 725 1698 794 Ecclesiae
1720 723 2097 805 voluntate,
2139 731 2244 808 ut,
2306 728 2521 816 posita
2569 731 2691 794 tra-

420 845 687 939 ditione,
734 863 868 912 non
917 841 1158 910 adesset
1205 843 1336 908 voti
1383 840 1776 908 solemnitas.
1827 838 1962 908 Nec
2004 837 2264 908 dicatur
2303 839 2391 908 ab
2435 839 2693 911 Ecclesia

423 960 700 1052 pendere
743 965 816 1026 ut
861 961 1144 1048 acceptet
1173 957 1581 1025 traditionem
1622 961 1942 1046 quatenus
1976 955 2275 1046 plenam,
2320 953 2392 1024 id
2427 961 2547 1043 est,
2576 977 2694 1024 om·
2781 989 2782 1030 1

421 1075 610 1142 nium
634 1073 906 1142 omnino
933 1072 1258 1140 bonorum
1285 1078 1344 1140 et
1367 1071 1655 1160 Jurium3
1688 1055 1751 1138 et
1778 1071 1903 1139 hoc
1938 1091 2130 1138 sensu
2160 1069 2367 1138 luisse
2398 1071 2689 1140 solemni-

423 1194 615 1257 tatem
659 1189 790 1256 voti
835 1188 1286 1255 constitutione
1331 1185 1767 1254 Ecclesiastica
1812 1188 2167 1268 inventam,
2222 1181 2689 1274 quod‚Ecclesia

425 1324 578 1376 cum
617 1305 814 1396 possit
852 1309 1178 1394 acceptare
1223 1300 1322 1370 vel
1360 1323 1491 1370 non
1531 1305 1859 1393 acceptare
1903 1299 2331 1369 donationem
2360 1299 2684 1388 ejusmodi,

423 1440 569 1490 eam
615 1421 694 1488 de
753 1418 918 1487 iacto
967 1424 1250 1510 acceptet
1313 1417 1575 1508 quando
1629 1418 1703 1486 fit
1757 1416 2063 1508 professio
2110 1416 2185 1485 in
2238 1415 2579 1485 ordinibus
2625 1415 2687 1482 ab

433 1536 572 1626 ipsa
621 1533 1006 1625 approbatis.
1059 1532 1204 1602 Non
1253 1533 1445 1617 valet,
1494 1532 1934 1623 inquam,an
1984 1531 2331 1624 explicatio
2386 1557 2404 1601 ε
2450 1553 2595 1601 nam
2632 1553 2692 1598 ex

429 1669 506 1716 eo
551 1646 728 1736 quod
795 1645 1076 1715 Ecclesia
1134 1652 1416 1737 acceptet
1480 1647 1893 1715 donationem
1954 1645 2290 1715 bonorum
2348 1653 2413 1714 et
2462 1648 2687 1735 jurium

434 1761 732 1833 omnium
759 1762 1067 1850 religiosi,
1107 1783 1236 1831 non
1269 1768 1471 1854 potest
1506 1769 1677 1832 recte
1720 1763 1853 1832 dici
1890 1761 2187 1830 invenire
2228 1761 2371 1829 voti
2408 1761 2689 1830 solemni-

433 1883 650 1945 tatem.
686 1874 814 1957 Qui
838 1875 996 1944 dicit
1018 1875 1266 1965 aliquid
1293 1876 1664 1960 inventum,
1696 1898 1811 1944 seu
1839 1875 2187 1944 inductum
2214 1895 2356 1944 esse
2363 1897 2491 1966 per
2510 1875 2688 1944 solam

439 1991 976 2062 constitutionem
1003 1991 1345 2080 Ecclesioe,
1383 1992 1542 2060 dicit
1582 1995 1705 2060 hoc
1749 1992 1820 2059 vi
1842 1991 1991 2062 sola
2028 1989 2279 2060 decreti
2310 1989 2693 2060 ecclesiastici

436 2111 629 2178 luisse
671 2108 1140 2176 introductum.
1191 2105 1391 2175 Porro
1442 2109 1511 2175 in
1554 2107 1735 2175 dicta
1786 2107 2123 2198 hypothesi
2172 2109 2547 2176 solemnitas
2588 2107 2688 2173 voti

409 2221 851 2312 paupertatis,
878 2240 990 2289 seu
1019 2222 1216 2312 (quod
1243 2223 1419 2290 idem
1444 2223 1559 2312 est)
1588 2221 1973 2314 incapacitas
1996 2223 2302 2310 dominii,
2336 2244 2471 2292 non
2498 2219 2687 2290 flueret

442 2357 518 2406 ex
545 2335 679 2405 solo
721 2337 973 2405 decreto
1002 2335 1330 2424 Ecclesiae,
1377 2337 1487 2406 sed
1534 2359 1609 2406 ex
1644 2339 1785 2429 ipsa
1819 2346 2051 2406 natura
2078 2343 2141 2406 et
2176 2339 2243 2406 vi
2286 2337 2625 2408 traditionis
2658 2355 2683 2401 a

443 2451 742 2540 mugio-so
766 2450 965 2519 l’actae.
1001 2451 1183 2520 Unde
1207 2473 1427 2520 revera
1454 2452 1700 2543 opinio,
1728 2473 1875 2542 quae
1916 2453 2396 2554 solempitatem
2426 2455 2495 2522 in
2521 2448 2682 2518 tradi-

451 2567 624 2636 tinne
651 2567 924 2656 reponit,
955 2588 1066 2654 per
1097 2567 1320 2634 citatos
1341 2566 1513 2658 juris
1541 2572 1745 2636 textus
1784 2568 2169 2636 excluditur.

539 2681 608 2748 2⁰
632 2679 892 2748 Falsum
933 2689 1028 2749 est
1057 2681 1558 2750 fundamentum
1601 2703 1730 2772 quo
1774 2683 1944 2750 dicta
1980 2681 2207 2771 opinio
2253 2685 2501 2751 nititur.
2540 2677 2681 2748 Fun-

453 2797 832 2866 damentum
873 2796 1038 2864 illud
1080 2805 1196 2878 est,
1243 2797 1416 2886 quod
1459 2799 1717 2866 traditio
1745 2851 1764 2884 ,
1813 2821 1889 2867 ex
1939 2806 2170 2867 natura
2216 2822 2338 2867 sua
2388 2803 2449 2866 et
2490 2797 2549 2864 vi
2588 2791 2682 2861 sihi

452 2911 823 2996 intrinseca,
855 2911 1186 2981 transierat
1212 2913 1292 2980 ad
1323 2912 1882 3000 communitatem,
1930 2935 2061 2982 non
2100 2914 2321 2983 solum
2364 2914 2525 2983 bona
2559 2927 2682 2999 prae-

455 3026 658 3094 sentia
701 3025 1008 3115 religiosi,
1059 3027 1167 3096 sed
1201 3029 1398 3095 etiam
1434 3029 1541 3117 jus
1578 3029 1781 3118 ipsius
1821 3029 1899 3096 ad
1932 3030 2125 3113 bona,
2166 3051 2323 3120 quae
2357 3027 2479 3120 ipsi
2504 3027 2563 3094 in
2590 3042 2681 3112 po-

457 3145 702 3208 sterum
745 3140 1048 3209 obvenire
1090 3147 1371 3231 possent.
1411 3141 1572 3210 Inde
1621 3145 1940 3234 sequitur,
1981 3145 2298 3235 inquiunt
2338 3145 2528 3233 hujus
2564 3135 2682 3226 opi·

461 3255 674 3322 nionis
705 3259 981 3346 patroni,
1013 3256 1391 3344 religiosum
1420 3257 1599 3326 reddi
1625 3259 1766 3351 ipso
1804 3259 1969 3327 facto
2000 3259 2377 3351 incapacem
2415 3249 2677 3329 domium

429 3389 570 3472 ‘seu
597 3420 616 3453 ,
688 3372 858 3459 quod
927 3370 1103 3440 idem
1171 3377 1305 3455 est,
1353 3374 1783 3443 solemnizari
1842 3380 2065 3443 votum
2122 3372 2506 3465 paupertatis
2558 3383 2677 3434 cum

463 3483 658 3552 hacce
687 3485 1024 3554 traditione
1049 3487 1386 3555 emissum.
1425 3487 1625 3558 Porro
1660 3489 2155 3559 fundamentum
2184 3491 2350 3558 illud
2376 3509 2448 3556 ex
2482 3473 2681 3570 duplici

461 3601 664 3692 ‹apite
693 3599 925 3668 falsum
960 3608 1052 3671 est
1081 3626 1098 3672 ε
1139 3605 1373 3695 primo,
1403 3605 1559 3697 quia
1585 3611 1750 3675 stare
1782 3613 1986 3697 potest
2016 3606 2268 3675 traditio
2298 3599 2600 3674 sufficiens
2620 3587 2681 3660 ad

461 3720 698 3782 statum
725 3715 1098 3804 religiosum
1125 3725 1188 3787 et
1221 3719 1300 3787 ad
1329 3728 1472 3788 vota
1501 3721 1840 3806 solemnia,
1884 3723 2045 3810 quin
2074 3721 2408 3790 transferat
2435 3715 2508 3784 ad
2536 3727 2678 3779 com-

463 3830 848 3898 munitatem
897 3829 1063 3898 bona
1121 3837 1184 3898 et
1219 3833 1372 3919 ¹jura
1425 3834 1734 3924 religiosi,
1792 3835 2250 3928 professionem
2306 3822 2621 3901 emittentis
2660 3837 2674 3879 ε

467 3943 774 4031 secundo,
810 3945 984 4034 quia,
1033 3946 1227 4014 etiam
1263 3948 1522 4037 quando
1560 3949 1815 4018 traditio
1847 3949 2147 4019 transfert
2184 3945 2264 4017 ad
2298 3931 2677 4014 communita·

473 4062 598 4122 tem
629 4057 795 4126 bona
818 4067 881 4128 et
899 4065 1054 4150 jura
1087 4063 1308 4130 omnia
1335 4063 1644 4153 religiosi,
1686 4085 1821 4134 non
1854 4064 2095 4134 sufficit
2135 4063 2214 4132 ad
2248 4045 2677 4151 producendam

473 4170 828 4242 absolutam
899 4177 1380 4269 incapacitatem
1453 4179 1752 4265 dominii,
1826 4201 1942 4250 seu
2022 4180 2157 4249 voti
2234 4167 2673 4246 solemnitatem·

468 4286 835 4377 utrumque
867 4291 987 4360 hoc
1011 4299 1324 4362 assertum
1349 4293 1567 4385 paucis
1589 4295 1993 4364 stabiliamus
2022 4319 2039 4362 t

549 4401 781 4472 Primo
829 4409 994 4474 stare
1038 4414 1236 4496 potest
1283 4429 1473 4479 verus
1516 4415 1714 4480 status
1757 4409 2094 4500 religiosus
2150 4412 2215 4476 et
2268 4405 2545 4474 votorum
2598 4397 2673 4450 ⁵⁰·
