2834 4959
339 339 462 396 56⁶
911 348 1251 396 'maenius
1293 349 1372 396 m:
1417 350 1568 396 sum-3
1606 349 2025 396 assummum,

333 471 726 540 novitiorum
775 470 1075 559 pendere,
1113 489 1242 538 non
1299 490 1338 539 a
1385 471 1518 538 solo
1566 469 1827 560 praelato
1874 469 2365 558 religionis,sed
2424 466 2617 544 sinim

329 586 412 655 ab
446 584 692 674 aliquot
741 583 882 654 aliis
933 585 1274 673 religiosiS,
1321 585 1402 655 ad
1462 585 1804 656 ferendum
1874 584 1953 652 in
2004 586 2127 654 hac
2176 606 2251 655 re
2284 588 2605 676 judicium

331 700 744 792 deputandis.

414 813 522 882 lll.
579 813 842 883 Modum
893 814 1077 884 bunc
1129 813 1402 884 novitios
1468 815 1823 904 recipiendi
1884 817 2327 886 necessarium
2396 818 2611 890 fecerat

329 930 545 1000 Sixtus
568 929 654 1018 V,
689 953 818 1001 non
847 939 1101 1002 tantum
1127 933 1208 1000 ad
1242 932 1627 1012 liceitatem,
1658 930 1767 1000 sed
1804 932 2001 1000 etiam
2050 933 2131 1000 nd
2182 931 2603 1004 validitatem

325 1045 732 1116 admissionis
761 1053 826 1115 et
861 1056 1091 1117 secutae
1127 1046 1560 1137 professionis.
1594 1045 1717 1116 Sed
1742 1045 2044 1115 Clemens
2093 1046 2267 1134 vlu,
2294 1051 2615 1120 constitu·

327 1161 504 1231 tlone
527 1183 644 1230 sua
675 1165 756 1230 In
783 1184 1093 1254 suprema
1115 1164 1156 1231 2
1181 1163 1402 1253 aprilis
1438 1162 1637 1242 1602,
1681 1160 1999 1231 Sixtinam
2030 1161 2215 1231 illam
2250 1161 2619 1254 dispositio-

333 1297 488 1346 nem
509 1278 598 1346 ita
639 1279 1018 1360 moderavit,
1053 1285 1124 1347 ut
1151 1279 1509 1348 necessaria
1552 1278 1713 1346 foret
1752 1279 1893 1366 ejus
1916 1275 2279 1347 observatio
2336 1279 2417 1347 nd
2447 1278 2625 1349 licei·

333 1397 556 1477 tatem,
584 1415 720 1462 non
770 1393 865 1462 ad
889 1394 1334 1464 validitatem.
1365 1393 1469 1464 En
1499 1394 1703 1484 ipsius
1730 1392 1925 1460 verba
1958 1415 1975 1460 ε
2033 1417 2071 1458 α
2104 1392 2395 1462 Constitu
2414 1393 2621 1464 tiones

342 1531 378 1570 «
407 1505 734 1596 proedictas
783 1509 939 1577 Sixti
973 1509 1480 1599 praedecessoris,
1521 1508 1735 1597 quoad
1780 1527 1929 1576 eam
1982 1513 2222 1597 partem
2264 1529 2377 1596 per
2402 1529 2607 1599 quam

345 1647 380 1688 α
406 1641 630 1690 eorum
659 1624 776 1712 qui
821 1624 1098 1692 formam
1145 1624 1216 1692 in
1255 1623 1498 1693 eisdem
1548 1623 2117 1691 constitutionibus
2164 1625 2609 1714 prescriptam

350 1761 385 1802 α
411 1735 488 1805 de
541 1745 770 1809 caetero
837 1760 968 1809 non
1023 1737 1528 1820 servaverint...,
1582 1739 1897 1831 professio
1974 1738 2156 1807 nulla
2220 1737 2612 1821 declaratur,

350 1878 384 1920 «
416 1853 495 1922 ad
535 1854 846 1924 terminos
867 1854 1036 1944 Juris
1076 1860 1139 1924 et
1177 1875 1511 1924 sacrorum
1556 1874 1884 1924 canonum
1917 1852 2219 1945 (perinde
2244 1874 2320 1922 ac
2354 1855 2411 1922 si
2458 1875 2625 1944 prae·

355 1993 389 2033 «
424 1969 606 2038 dictas
634 1973 1117 2042 constitutiones
1159 1973 1228 2040 in
1279 1971 1392 2040 illa
1442 1977 1621 2062 parte
1674 1969 1864 2040 editae
1904 1990 2038 2038 non
2088 1969 2387 2058 fuissent)
2410 1977 2628 2039 aucto-

359 2111 392 2151 «
419 2089 600 2154 ritate
641 2087 1030 2176 Apostolica,
1072 2095 1290 2158 tenore
1345 2084 1789 2178 praesentium,
1836 2085 2240 2156 reducimus.
2302 2085 2615 2154 Caeterum

357 2225 392 2266 «
428 2221 647 2290 poenas
697 2211 923 2271 contra
965 2206 1439 2295 superioreS...‚
1476 2203 1591 2293 qui
1635 2203 1709 2270 in
1754 2201 2171 2270 admittendis
2216 2199 2621 2290 regularibus

364 2341 396 2382 «
427 2315 506 2385 ad
557 2316 852 2387 habitum
924 2325 990 2385 et
1063 2318 1549 2408 professionem,
1626 2316 2005 2386 earumdem
2092 2315 2627 2386 constitutionum

363 2432 702 2500 «formam
761 2453 889 2500 non
937 2435 1443 2518 servaverint...,
1491 2432 1706 2516 ,salvas
1768 2454 1902 2500 esse
1966 2431 2261 2500 volumus
2306 2439 2379 2501 et
2418 2433 2635 2503 statui-

373 2568 408 2610 (ί
445 2565 616 2613 mUS.
656 2571 692 2613 D

443 2661 560 2731 IV.
605 2661 947 2756 Dispositio
987 2662 1255 2748 Sixtiv,
1289 2663 1461 2732 circa
1484 2664 1732 2765 eosqui
1776 2668 2041 2754 possunt
2074 2661 2365 2731 novitios
2406 2659 2633 2732 admit·

357 2785 517 2859 tere,
547 2781 642 2847 sic
669 2799 706 2847 a
747 2777 1075 2848 Clemente
1109 2778 1264 2850 Vlll
1297 2779 1647 2862 moderata,
1680 2779 2012 2848 constituit
2034 2777 2255 2846 adhuc
2296 2779 2422 2867 jus
2460 2796 2629 2846 com·

361 2915 585 2964 mune.
620 2892 858 2963 Adbuc
903 2917 1136 2986 nempe
1179 2897 1348 2984 viget
1391 2895 1700 2983 obligatio
1750 2893 2031 2962 formam
2074 2914 2110 2961 a
2154 2890 2343 2961 Sixto
2386 2891 2449 2960 V
2480 2911 2635 2978 prae·

361 3012 664 3102 scriptam
695 3012 1019 3094 servandi,
1047 3018 1109 3080 et
1147 3012 1366 3102 vigent
1403 3013 1599 3080 etiam
1650 3031 1859 3102 poenae
1916 3009 2000 3078 ab
2032 3011 2167 3100 ipso
2196 3009 2267 3076 in
2300 3015 2635 3076 contu-ave·

369 3127 617 3196 nientes
651 3124 836 3212 latae3
887 3125 998 3194 sed
1039 3128 1248 3217 ipsius
1295 3125 1641 3196 violatione
1690 3147 1821 3195 non
1878 3125 2169 3216 sequitur
2188 3123 2539 3192 novitiatus
2586 3127 2643 3188 et

369 3243 780 3333 professionis
819 3245 1103 3313 nullitas.

457 3357 542 3426 V.
575 3355 692 3426 Jus
718 3365 932 3428 autem
986 3359 1149 3428 illud
1179 3377 1529 3428 commune
1554 3364 1773 3428 ortum
1800 3357 1978 3426 dedit
2022 3355 2447 3446 sequentibus
2468 3349 2641 3422 diffi-

369 3473 720 3544 cultatibus
752 3497 768 3543 :
802 3476 1022 3566 primo
1048 3495 1128 3544 an
1173 3475 1454 3543 sufficiet
1483 3493 1601 3565 pro
1628 3469 2028 3543 admittendo
2058 3469 2305 3540 novitio
2332 3471 2643 3562 majorem

369 3595 618 3682 partem
661 3591 1102 3660 consultorum
1155 3591 1516 3659 consentire
1558 3609 1711 3658 cum
1770 3588 2026 3672 abbate,
2067 3585 2169 3656 vel
2216 3581 2644 3676 provinciali?

367 3705 908 3796 Respondendum
943 3705 1327 3774 affirmative
1355 3703 1523 3797 (vide
1543 3701 2061 3785 Tamburinum‚
2085 3701 2230 3770 loco
2258 3700 2643 3789 cit.,quaest.

377 3823 443 3910 ¹,
461 3843 529 3890 n.
557 3823 686 3914 ¹0).
721 3820 1048 3904 Secundo,
1078 3823 1132 3890 si
1161 3827 1288 3890 tres
1301 3821 1434 3890 sint
1458 3819 1883 3906 consultores,
1918 3826 1983 3886 et
2008 3837 2183 3886 unus
2202 3836 2351 3885 cum
2382 3811 2649 3906 provin-

371 3937 522 4006 ciali
550 3938 632 4006 sit
661 3960 776 4028 pro
803 3937 1224 4024 admittendo,
1243 3937 1352 4006 alii
1379 3957 1530 4006 vero
1552 3933 1907 4025 rejiciendo
1932 3931 2325 4024 postulante,
2350 3949 2435 3996 an
2458 3925 2643 4018 possit

371 4053 512 4123 fieri
547 4053 889 4124 admissio?
913 4053 1463 4146 Respondendum
1484 4051 1875 4122 affirmative
1906 4049 2207 4139 (ibidem,
2233 4069 2303 4114 n.
2344 4043 2467 4132 1¹).
2500 4042 2645 4108 Ter-

377 4170 498 4254 tio,
527 4170 582 4240 si
613 4169 808 4239 abbas
839 4170 936 4238 vel
967 4167 1378 4260 provincialis
1405 4169 1488 4238 sit
1531 4189 1653 4259 pro
1684 4164 2099 4251 admissione,
2130 4162 2243 4232 alii
2280 4167 2483 4230 autem
2512 4173 2653 4224 om-

373 4305 489 4352 nes
523 4291 950 4369 contra,num
983 4285 1312 4376 postulans
1351 4282 1613 4354 admitti
1646 4283 1723 4352 ad
1758 4281 2145 4352 novitiatum
2179 4277 2357 4348 licite
2382 4271 2653 4366 poterit?

371 4395 916 4486 Respondendum
943 4401 1236 4489 negative
1269 4399 1577 4490 (ibidem,
1626 4419 1697 4468 n.
1736 4396 1869 4482 12).
