2834 4959
412 362 539 419 352
984 360 1325 411 mcn'rus
1368 360 1449 406 me:
1492 358 1640 405 mm?-
1685 356 2101 405 mummia.

410 499 491 567 de
572 492 950 585 colligendis
1016 488 1339 583 ejusmodi
1421 484 1920 567 haereditatibus,
1991 482 2074 551 ad
2151 482 2680 553 communitatem

410 618 913 715 pertinentibUS,
944 615 1183 707 quibus
1210 616 1543 703 tantopere
1575 616 1734 678 tunc
1775 606 2082 698 temporis
2111 606 2368 677 ordines
2403 606 2687 697 religiosi
2788 674 2789 681 ,

411 745 685 837 egebant
737 769 754 811 :
808 744 942 809 imo
990 760 1110 809 nec
1164 738 1376 829 potuit
1420 733 1706 824 legitime
1761 731 2084 801 contraria
2133 750 2322 801 mens
2386 732 2680 823 supponi.
2788 696 2789 789 ἶ

414 862 623 945 Unde,
696 880 829 926 non
872 862 1127 924 tantum
1190 855 1566 945 potuerunt,
1617 848 1727 917 sed
1772 848 2140 917 debuerunt
2179 845 2278 915 illi
2337 846 2682 937 regulares,
2788 818 2789 849 ¹

413 978 657 1046 dictam
715 971 1088 1042 facultatem
1138 973 1202 1037 et
1254 966 1734 1058 deputationem
1784 984 2202 1055 praesumere‚
2258 968 2321 1031 et
2365 963 2505 1031 illas
2561 964 2684 1032 hae-

416 1092 715 1159 reditates
757 1088 1025 1157 nomine
1075 1081 1561 1153 communitatis
1607 1080 1932 1170 colligere.
1973 1076 2198 1169 Neque
2241 1077 2589 1167 objiciatur
2621 1082 2684 1146 in

332 1277 343 1287 ,
422 1205 674 1275 actibus
730 1201 1033 1273 civilibus
1061 1253 1080 1286 ,
1140 1220 1247 1269 eos
1271 1251 1289 1282 ,
1339 1218 1472 1265 non
1527 1196 2050 1278 communitatis,
2099 1192 2214 1263 sed
2262 1216 2381 1261 suo
2431 1194 2688 1262 nomine

423 1304 665 1412 egisse3
705 1319 973 1410 proinde
1018 1314 1438 1385 intervenisse
1484 1311 1917 1394 mendacium,
1947 1308 2124 1400 quod
2181 1330 2530 1399 nunquam
2557 1310 2684 1377 lici-

423 1444 564 1507 tum
612 1456 747 1503 esse
798 1437 1023 1524 potest.
1080 1428 1247 1499 Nam
1298 1426 1691 1497 notorietatis
1734 1434 1866 1495 erat
1907 1423 2186 1518 publica»,
2221 1425 2392 1516 ipsos
2428 1447 2568 1494 esse
2595 1446 2686 1493 re·

426 1554 723 1639 ligiosos3
760 1569 833 1615 ac
865 1544 1138 1638 proinde
1168 1550 1345 1612 actus
1379 1542 1600 1612 civiles
1629 1540 1868 1631 quibus
1901 1540 2414 1632 subscripserunt
2445 1540 2692 1607 intelli·
2788 1618 2789 1641 ἒ

427 1664 668 1754 gendos
716 1683 851 1730 esse
902 1682 978 1729 eo
1028 1680 1247 1744 sensu,
1286 1678 1419 1749 quo
1453 1662 1746 1748 poterant
1798 1678 1838 1723 a
1887 1654 2203 1745 religiosis
2231 1654 2444 1745 peragi
2483 1676 2502 1723 ε
2555 1676 2691 1722 non

425 1783 723 1869 poterant
776 1782 993 1843 autem
1048 1772 1323 1863 intelligi
1384 1792 1460 1841 eo
1517 1792 1707 1839 sensu
1782 1770 1951 1859 quod
2003 1769 2216 1838 forent
2269 1772 2404 1838 veri
2447 1768 2698 1837 domini

426 1914 651 1962 earum
681 1889 1129 1959 haereditatum
1164 1912 1181 1955 ε
1218 1908 1371 1977 ergo
1414 1908 1532 1955 suo
1577 1886 1847 1953 nomine
1870 1905 2089 1953 coram
2111 1884 2256 1976 lege
2281 1884 2457 1954 civili
2491 1884 2694 1952 haere-

430 2009 653 2077 ditates
717 2005 1080 2095 colligendo
1132 2003 1471 2073 neminem
1524 2001 1954 2091 decipiebant.
2013 2000 2140 2070 Sed
2191 2000 2273 2070 de
2332 2003 2459 2069 hoc
2505 2000 2695 2069 fusius

429 2124 621 2192 infra.
2788 2100 2789 2121 ἒ

522 2237 588 2300 4⁰
637 2233 815 2302 ldem
868 2233 1217 2302 dicendum
1246 2233 1326 2299 de
1375 2230 1618 2300 caeteris
1660 2229 1975 2298 civilibus
2015 2229 2296 2300 dominii
2333 2231 2600 2300 actibus.
2635 2228 2696 2295 ln

434 2370 505 2417 re
534 2349 791 2417 nullum
821 2370 1055 2416 verum
1085 2354 1302 2415 actum
1350 2346 1630 2420 dominii
1667 2366 1958 2415 exercere
1993 2346 2198 2417 valide
2241 2353 2355 2416 aut
2397 2346 2572 2415 licite
2604 2364 2699 2435 po-

437 2469 719 2531 tuerunt.
756 2461 1089 2543 Quatenus
1136 2468 1356 2529 autem
1397 2481 1758 2551 expressam
1793 2461 1895 2529 vel
1921 2460 2210 2550 legitime
2248 2464 2698 2552 praesumptam

436 2576 915 2667 deputationem
966 2575 1297 2662 habenteS,
1357 2580 1704 2663 potuerunt
1757 2574 1958 2660 licite,
2014 2578 2154 2644 imo
2207 2582 2270 2644 et
2321 2574 2698 2658 debuerunt,
2788 2632 2789 2655 Ξ

438 2690 724 2759 civiliter
746 2696 929 2759 actus
959 2690 1237 2759 dominii
1260 2711 1567 2781 peragere
1589 2689 1760 2758 bono
1787 2690 2270 2759 communitatis
2299 2690 2510 2759 utiles.
2788 2690 2789 2699 ’

526 2804 605 2874 Et
644 2807 735 2874 sic
799 2812 967 2897 patet
1008 2806 1357 2898 quomodo,
1390 2809 1638 2898 integra
1667 2808 1736 2875 in
1778 2807 1870 2877 eis
1909 2811 2284 2875 remanente
2313 2805 2584 2874 dominii
2619 2806 2702 2872 in·
2788 2884 2789 2895 ἵ

437 2922 807 3012 capacitate,
857 2943 931 2991 ac
984 2922 1256 3013 proinde
1309 2924 1441 2991 voti
1486 2924 1874 3014 paupertatis
1919 2922 2346 3010 solemnitate,
2399 2923 2704 3013 potuerint
2788 2964 2789 3001 3

440 3036 871 3104 nihilominus
927 3037 1256 3126 regulares
1287 3036 1540 3122 Galliae,
1569 3037 1638 3105 in
1669 3038 1992 3128 praedictis
2031 3036 2536 3107 circumstantiis
2569 3056 2702 3103 ver-

442 3157 676 3238 santes,
730 3152 945 3241 quoad
972 3153 1119 3241 ista,
1150 3158 1405 3221 externe
1455 3160 1518 3221 et
1562 3152 1848 3222 civiliter
1875 3176 2010 3223 sese
2050 3175 2301 3245 gerere,
2339 3154 2520 3244 quasi
2549 3151 2706 3218 meri

444 3264 636 3331 cives.
666 3264 791 3333 Sed
828 3272 891 3334 et
946 3266 1161 3335 adhuc
1206 3266 1273 3335 id
1314 3286 1423 3335 eos
1466 3288 1671 3357 posse,
1725 3275 1788 3335 et
1849 3268 1934 3336 ita
1957 3268 2194 3359 ‘quoad
2243 3266 2451 3338 Status
2483 3262 2707 3334 Unitos
2788 3296 2789 3301 κ

448 3377 766 3445 Americae
819 3387 1131 3451 statutum
1178 3382 1345 3451 sedis
1389 3382 1771 3473 Apostolicae
1814 3383 2186 3452 auctoritate
2260 3382 2460 3450 fuisse
2478 3433 2496 3464 ,
2553 3378 2708 3446 infra
2788 3410 2789 3417 κ

446 3492 879 3563 ostendemus.
2788 3586 2789 3589 Ἴ

540 3606 910 3678 Pnorosrrio
951 3608 1123 3681 Vir.
1159 3650 1249 3663 —
1285 3610 1482 3695 Quod
1501 3612 1862 3703 acquirunt
1903 3612 2208 3703 reliqiosi
2239 3608 2537 3703 dispersi,
2581 3629 2708 3674 non

450 3724 598 3811 sibi,
632 3725 747 3793 sed
780 3726 1258 3796 communitati
1278 3752 1393 3797 seu
1437 3728 1946 3820 conqreqatiom'
1969 3729 2351 3821 acquirunt.
2399 3766 2489 3781 —-
2519 3724 2608 3793 De
2633 3725 2712 3791 iis
2788 3768 2789 3779 κ

450 3842 763 3932 religiosis
806 3863 1062 3934 semper
1107 3844 1391 3935 agimus,
1433 3848 1543 3935 qui
1577 3845 1861 3915 solemne
1893 3846 2280 3937 paupertatis
2308 3852 2532 3913 votum
2556 3837 2706 3909 emi·
2788 3856 2789 3941 j

453 3980 611 4026 sere.
657 3956 853 4026 Porro
894 3959 1172 4048 hujusce
1200 3963 1331 4029 voti
1380 3960 1730 4030 essentialis
1775 3960 2038 4029 effectus
2078 3965 2196 4043 est,
2237 3966 2313 4029 ut
2353 3961 2708 4050 religiosum
2788 3980 2789 4045 j

455 4074 728 4141 dominii
774 4075 1150 4165 incapacem
1218 4076 1464 4147 reddat.
1515 4074 1853 4166 Repugnat
1893 4075 2164 4168 proinde
2221 4075 2552 4165 religiosos
2591 4068 2710 4134 diS‘
2788 4102 2789 4133 2

459 4210 672 4281 persos
719 4210 899 4279 posse
952 4190 1045 4258 rei
1120 4190 1396 4281 alicujus
1447 4190 1816 4259 dominium
1863 4188 1988 4258 sibi
2037 4189 2400 4281 acquirere.
2453 4178 2710 4257 Aliunde
2788 4244 2789 4247 ,

463 4328 613 4374 vero
656 4307 804 4393 jure
832 4308 1172 4375 communi
1202 4314 1518 4395 statutum
1561 4310 1676 4389 est,
1730 4312 1802 4374 ut
1845 4304 2019 4396 quod
2063 4306 2345 4396 acquirit
2383 4297 2714 4373 monachus
2788 4298 2789 4327 1

466 4420 754 4506 acquirat
780 4424 1286 4493 monasterium:
1320 4445 1472 4513 ergo
1500 4445 1598 4491 res
1627 4442 1872 4505 omneS,
1909 4443 2188 4511 quarum
2221 4419 2498 4489 liberam
2521 4412 2718 4501 dispo·
