<?xml version="1.0" encoding="UTF-8"?>
<!DOCTYPE html PUBLIC "-//W3C//DTD XHTML 1.0 Transitional//EN"
    "http://www.w3.org/TR/xhtml1/DTD/xhtml1-transitional.dtd">
<html xmlns="http://www.w3.org/1999/xhtml" xml:lang="en" lang="en">
 <head>
  <title>
</title>
<meta http-equiv="Content-Type" content="text/html;charset=utf-8" />
  <meta name='ocr-system' content='tesseract 3.04.00' />
  <meta name='ocr-capabilities' content='ocr_page ocr_carea ocr_par ocr_line ocrx_word'/>
</head>
<body>
  <div class='ocr_page' id='page_1' title='image "./tractatusdejure01unkngoog_0642.png"; bbox 0 0 2834 4959; ppageno 0'>
   <div class='ocr_carea' id='block_1_1' title="bbox 420 318 2102 383">
    <p class='ocr_par' dir='ltr' id='par_1_1' title="bbox 420 318 2102 383">
     <span class='ocr_line' id='line_1_1' title="bbox 420 318 2102 383; baseline -0.009 -1"><span class='ocrx_word' id='word_1_1' title='bbox 420 326 541 383; x_wconf 65' lang='lat'><strong>62⁴</strong></span> <span class='ocrx_word' id='word_1_2' title='bbox 990 323 1329 375; x_wconf 71' lang='lat' dir='ltr'><strong>memma</strong></span> <span class='ocrx_word' id='word_1_3' title='bbox 1364 322 1444 371; x_wconf 72' lang='lat' dir='ltr'><strong>nt</strong></span> <span class='ocrx_word' id='word_1_4' title='bbox 1487 322 1644 371; x_wconf 72' lang='lat' dir='ltr'><strong>Im</strong></span> <span class='ocrx_word' id='word_1_5' title='bbox 1685 318 2102 369; x_wconf 63' lang='lat' dir='ltr'><strong>mumma.</strong></span> 
     </span>
    </p>
   </div>
   <div class='ocr_carea' id='block_1_2' title="bbox 422 440 2779 4449">
    <p class='ocr_par' dir='ltr' id='par_1_2' title="bbox 422 440 2779 2496">
     <span class='ocr_line' id='line_1_2' title="bbox 422 440 2669 535; baseline -0.008 -8"><span class='ocrx_word' id='word_1_6' title='bbox 422 459 677 527; x_wconf 81' lang='lat' dir='ltr'><strong>tionem</strong></span> <span class='ocrx_word' id='word_1_7' title='bbox 706 470 1049 521; x_wconf 79' lang='lat' dir='ltr'><strong>sacrorum</strong></span> <span class='ocrx_word' id='word_1_8' title='bbox 1070 442 1382 515; x_wconf 63' lang='lat' dir='ltr'><strong>ordinum</strong></span> <span class='ocrx_word' id='word_1_9' title='bbox 1425 442 1907 535; x_wconf 73' lang='lat' dir='ltr'><strong>professionem</strong></span> <span class='ocrx_word' id='word_1_10' title='bbox 1957 460 2150 508; x_wconf 77' lang='lat' dir='ltr'><strong>suam</strong></span> <span class='ocrx_word' id='word_1_11' title='bbox 2177 440 2521 531; x_wconf 76' lang='lat' dir='ltr'><strong>ratificent,</strong></span> <span class='ocrx_word' id='word_1_12' title='bbox 2541 466 2669 535; x_wconf 82' lang='lat' dir='ltr'><strong>per</strong></span> 
     </span>
     <span class='ocr_line' id='line_1_3' title="bbox 426 554 2680 655; baseline -0.008 -13"><span class='ocrx_word' id='word_1_13' title='bbox 426 573 668 641; x_wconf 74' lang='lat' dir='ltr'><strong>hancce</strong></span> <span class='ocrx_word' id='word_1_14' title='bbox 715 564 985 655; x_wconf 77' lang='lat' dir='ltr'><strong>ratifica</strong></span> <span class='ocrx_word' id='word_1_15' title='bbox 994 562 1273 645; x_wconf 65' lang='lat' dir='ltr'><strong>tionem¹</strong></span> <span class='ocrx_word' id='word_1_16' title='bbox 1296 581 1435 627; x_wconf 89' lang='lat' dir='ltr'><strong>non</strong></span> <span class='ocrx_word' id='word_1_17' title='bbox 1481 554 2022 627; x_wconf 75' lang='lat' dir='ltr'><strong>convalidabitur</strong></span> <span class='ocrx_word' id='word_1_18' title='bbox 2043 555 2354 647; x_wconf 71' lang='lat' dir='ltr'><strong>professio</strong></span> <span class='ocrx_word' id='word_1_19' title='bbox 2397 555 2680 626; x_wconf 81' lang='lat' dir='ltr'><strong>nulliter</strong></span> 
     </span>
     <span class='ocr_line' id='line_1_4' title="bbox 428 670 2677 764; baseline -0.011 -8"><span class='ocrx_word' id='word_1_20' title='bbox 428 685 689 755; x_wconf 84' lang='lat' dir='ltr'><strong>emissa.</strong></span> <span class='ocrx_word' id='word_1_21' title='bbox 728 718 821 735; x_wconf 93' lang='lat'>—</span> <span class='ocrx_word' id='word_1_22' title='bbox 845 677 1013 748; x_wconf 88' lang='lat' dir='ltr'><strong>Cnm</strong></span> <span class='ocrx_word' id='word_1_23' title='bbox 1054 675 1258 745; x_wconf 88' lang='lat' dir='ltr'><strong>nimis</strong></span> <span class='ocrx_word' id='word_1_24' title='bbox 1282 672 1648 764; x_wconf 84' lang='lat' dir='ltr'><strong>frequenter</strong></span> <span class='ocrx_word' id='word_1_25' title='bbox 1667 671 2062 760; x_wconf 75' lang='lat' dir='ltr'><strong>contingeret</strong></span> <span class='ocrx_word' id='word_1_26' title='bbox 2099 675 2175 737; x_wconf 89' lang='lat' dir='ltr'><strong>ut</strong></span> <span class='ocrx_word' id='word_1_27' title='bbox 2199 670 2508 759; x_wconf 71' lang='lat' dir='ltr'>regulares</span> <span class='ocrx_word' id='word_1_28' title='bbox 2529 694 2677 763; x_wconf 79' lang='lat' dir='ltr'><strong>pro-</strong></span> 
     </span>
     <span class='ocr_line' id='line_1_5' title="bbox 427 784 2680 885; baseline -0.007 -15"><span class='ocrx_word' id='word_1_29' title='bbox 427 798 725 872; x_wconf 76' lang='lat' dir='ltr'><strong>fessionis</strong></span> <span class='ocrx_word' id='word_1_30' title='bbox 742 815 877 865; x_wconf 77' lang='lat' dir='ltr'><strong>suae</strong></span> <span class='ocrx_word' id='word_1_31' title='bbox 899 789 1260 861; x_wconf 82' lang='lat' dir='ltr'><strong>nullitatem</strong></span> <span class='ocrx_word' id='word_1_32' title='bbox 1288 786 1786 885; x_wconf 59' lang='lat' dir='ltr'><strong>praetenderent,</strong></span> <span class='ocrx_word' id='word_1_33' title='bbox 1818 786 1888 854; x_wconf 90' lang='lat' dir='ltr'><strong>in</strong></span> <span class='ocrx_word' id='word_1_34' title='bbox 1913 785 2112 875; x_wconf 88' lang='lat' dir='ltr'><strong>hujus</strong></span> <span class='ocrx_word' id='word_1_35' title='bbox 2139 784 2298 852; x_wconf 90' lang='lat' dir='ltr'><strong>mali</strong></span> <span class='ocrx_word' id='word_1_36' title='bbox 2343 784 2680 855; x_wconf 87' lang='lat' dir='ltr'><strong>remedium</strong></span> 
     </span>
     <span class='ocr_line' id='line_1_6' title="bbox 431 898 2682 1003; baseline -0.006 -18"><span class='ocrx_word' id='word_1_37' title='bbox 431 914 655 985; x_wconf 82' lang='lat' dir='ltr'><strong>multis</strong></span> <span class='ocrx_word' id='word_1_38' title='bbox 670 908 1028 1003; x_wconf 79' lang='lat' dir='ltr'><strong>Episcopis,</strong></span> <span class='ocrx_word' id='word_1_39' title='bbox 1048 927 1123 975; x_wconf 87' lang='lat' dir='ltr'><strong>ac</strong></span> <span class='ocrx_word' id='word_1_40' title='bbox 1134 911 1353 975; x_wconf 83' lang='lat' dir='ltr'><strong>sancto</strong></span> <span class='ocrx_word' id='word_1_41' title='bbox 1380 906 1577 975; x_wconf 85' lang='lat' dir='ltr'><strong>etiam</strong></span> <span class='ocrx_word' id='word_1_42' title='bbox 1585 901 1828 991; x_wconf 58' lang='lat' dir='ltr'><strong>‚Carolo</strong></span> <span class='ocrx_word' id='word_1_43' title='bbox 1853 898 2318 971; x_wconf 76' lang='lat' dir='ltr'><strong>Mediolanensi</strong></span> <span class='ocrx_word' id='word_1_44' title='bbox 2333 901 2682 993; x_wconf 86' lang='lat' dir='ltr'><strong>Archiepis-</strong></span> 
     </span>
     <span class='ocr_line' id='line_1_7' title="bbox 430 1014 2679 1121; baseline -0.007 -19"><span class='ocrx_word' id='word_1_45' title='bbox 430 1052 615 1121; x_wconf 82' lang='lat' dir='ltr'><strong>copo,</strong></span> <span class='ocrx_word' id='word_1_46' title='bbox 648 1026 860 1097; x_wconf 81' lang='lat' dir='ltr'><strong>visum</strong></span> <span class='ocrx_word' id='word_1_47' title='bbox 888 1030 1007 1105; x_wconf 85' lang='lat' dir='ltr'><strong>est,</strong></span> <span class='ocrx_word' id='word_1_48' title='bbox 1038 1026 1115 1091; x_wconf 91' lang='lat' dir='ltr'><strong>ut</strong></span> <span class='ocrx_word' id='word_1_49' title='bbox 1150 1018 1448 1111; x_wconf 70' lang='lat' dir='ltr'><strong>synodali</strong></span> <span class='ocrx_word' id='word_1_50' title='bbox 1471 1024 1707 1087; x_wconf 87' lang='lat' dir='ltr'><strong>statuto</strong></span> <span class='ocrx_word' id='word_1_51' title='bbox 1735 1037 1775 1085; x_wconf 85' lang='lat' dir='ltr'><strong>a</strong></span> <span class='ocrx_word' id='word_1_52' title='bbox 1801 1014 2238 1106; x_wconf 84' lang='lat' dir='ltr'><strong>regularibus,</strong></span> <span class='ocrx_word' id='word_1_53' title='bbox 2267 1015 2350 1085; x_wconf 89' lang='lat' dir='ltr'><strong>ad</strong></span> <span class='ocrx_word' id='word_1_54' title='bbox 2367 1038 2576 1087; x_wconf 81' lang='lat' dir='ltr'><strong>sacros</strong></span> <span class='ocrx_word' id='word_1_55' title='bbox 2591 1040 2679 1087; x_wconf 89' lang='lat' dir='ltr'><strong>or-</strong></span> 
     </span>
     <span class='ocr_line' id='line_1_8' title="bbox 435 1131 2676 1233; baseline -0.006 -20"><span class='ocrx_word' id='word_1_56' title='bbox 435 1145 616 1213; x_wconf 82' lang='lat' dir='ltr'><strong>dines</strong></span> <span class='ocrx_word' id='word_1_57' title='bbox 638 1136 1117 1233; x_wconf 76' lang='lat' dir='ltr'><strong>promovendis,</strong></span> <span class='ocrx_word' id='word_1_58' title='bbox 1156 1136 1518 1227; x_wconf 77' lang='lat' dir='ltr'><strong>exigeretur</strong></span> <span class='ocrx_word' id='word_1_59' title='bbox 1553 1134 1797 1225; x_wconf 79' lang='lat' dir='ltr'><strong>praevia</strong></span> <span class='ocrx_word' id='word_1_60' title='bbox 1825 1131 2238 1223; x_wconf 75' lang='lat' dir='ltr'><strong>professionis</strong></span> <span class='ocrx_word' id='word_1_61' title='bbox 2265 1152 2398 1201; x_wconf 71' lang='lat' dir='ltr'><strong>snae</strong></span> <span class='ocrx_word' id='word_1_62' title='bbox 2415 1132 2676 1201; x_wconf 86' lang='lat' dir='ltr'><strong>ratifica-</strong></span> 
     </span>
     <span class='ocr_line' id='line_1_9' title="bbox 434 1244 2672 1344; baseline -0.005 -15"><span class='ocrx_word' id='word_1_63' title='bbox 434 1265 549 1329; x_wconf 90' lang='lat' dir='ltr'><strong>tio.</strong></span> <span class='ocrx_word' id='word_1_64' title='bbox 580 1258 703 1329; x_wconf 85' lang='lat' dir='ltr'><strong>Sed</strong></span> <span class='ocrx_word' id='word_1_65' title='bbox 727 1258 797 1327; x_wconf 90' lang='lat' dir='ltr'><strong>in</strong></span> <span class='ocrx_word' id='word_1_66' title='bbox 821 1252 1099 1325; x_wconf 82' lang='lat' dir='ltr'><strong>concilio</strong></span> <span class='ocrx_word' id='word_1_67' title='bbox 1122 1250 1508 1344; x_wconf 85' lang='lat' dir='ltr'><strong>provinciali</strong></span> <span class='ocrx_word' id='word_1_68' title='bbox 1536 1248 1855 1331; x_wconf 85' lang='lat' dir='ltr'><strong>Romano,</strong></span> <span class='ocrx_word' id='word_1_69' title='bbox 1881 1246 2005 1317; x_wconf 88' lang='lat' dir='ltr'><strong>sub</strong></span> <span class='ocrx_word' id='word_1_70' title='bbox 2029 1244 2348 1337; x_wconf 77' lang='lat' dir='ltr'><strong>Gregorio</strong></span> <span class='ocrx_word' id='word_1_71' title='bbox 2359 1246 2502 1317; x_wconf 81' lang='lat' dir='ltr'><strong>xlll</strong></span> <span class='ocrx_word' id='word_1_72' title='bbox 2520 1270 2672 1317; x_wconf 85' lang='lat' dir='ltr'><strong>anno</strong></span> 
     </span>
     <span class='ocr_line' id='line_1_10' title="bbox 444 1364 2678 1460; baseline -0.004 -17"><span class='ocrx_word' id='word_1_73' title='bbox 444 1374 614 1443; x_wconf 82' lang='lat'>¹725</span> <span class='ocrx_word' id='word_1_74' title='bbox 636 1371 977 1458; x_wconf 87' lang='lat' dir='ltr'><strong>celebrato,</strong></span> <span class='ocrx_word' id='word_1_75' title='bbox 995 1368 1175 1440; x_wconf 89' lang='lat' dir='ltr'><strong>haud</strong></span> <span class='ocrx_word' id='word_1_76' title='bbox 1194 1367 1542 1460; x_wconf 85' lang='lat' dir='ltr'><strong>approbata</strong></span> <span class='ocrx_word' id='word_1_77' title='bbox 1555 1366 1677 1435; x_wconf 87' lang='lat' dir='ltr'><strong>fuit</strong></span> <span class='ocrx_word' id='word_1_78' title='bbox 1695 1364 2016 1455; x_wconf 81' lang='lat' dir='ltr'><strong>ejusmodi</strong></span> <span class='ocrx_word' id='word_1_79' title='bbox 2043 1365 2440 1455; x_wconf 77' lang='lat' dir='ltr'><strong>praescriptio</strong></span> <span class='ocrx_word' id='word_1_80' title='bbox 2453 1390 2470 1451; x_wconf 90' lang='lat'>;</span> <span class='ocrx_word' id='word_1_81' title='bbox 2485 1370 2678 1457; x_wconf 83' lang='lat' dir='ltr'><strong>utpote</strong></span> 
     </span>
     <span class='ocr_line' id='line_1_11' title="bbox 442 1478 2664 1571; baseline -0.005 -14"><span class='ocrx_word' id='word_1_82' title='bbox 442 1489 845 1559; x_wconf 82' lang='lat' dir='ltr'><strong>insufficiens</strong></span> <span class='ocrx_word' id='word_1_83' title='bbox 872 1484 954 1553; x_wconf 88' lang='lat' dir='ltr'><strong>ad</strong></span> <span class='ocrx_word' id='word_1_84' title='bbox 983 1482 1333 1553; x_wconf 87' lang='lat' dir='ltr'><strong>sanandam</strong></span> <span class='ocrx_word' id='word_1_85' title='bbox 1352 1483 1608 1550; x_wconf 78' lang='lat' dir='ltr'><strong>emissae</strong></span> <span class='ocrx_word' id='word_1_86' title='bbox 1628 1478 2037 1571; x_wconf 78' lang='lat' dir='ltr'><strong>professionis</strong></span> <span class='ocrx_word' id='word_1_87' title='bbox 2063 1480 2454 1550; x_wconf 87' lang='lat' dir='ltr'><strong>nullitatem.</strong></span> <span class='ocrx_word' id='word_1_88' title='bbox 2477 1480 2549 1548; x_wconf 88' lang='lat' dir='ltr'><strong>Et</strong></span> <span class='ocrx_word' id='word_1_89' title='bbox 2568 1502 2664 1548; x_wconf 84' lang='lat' dir='ltr'><strong>re-</strong></span> 
     </span>
     <span class='ocr_line' id='line_1_12' title="bbox 440 1593 2666 1689; baseline -0.003 -20"><span class='ocrx_word' id='word_1_90' title='bbox 440 1624 587 1671; x_wconf 77' lang='lat' dir='ltr'><strong>vera</strong></span> <span class='ocrx_word' id='word_1_91' title='bbox 615 1624 731 1689; x_wconf 89' lang='lat' dir='ltr'><strong>per</strong></span> <span class='ocrx_word' id='word_1_92' title='bbox 754 1603 812 1688; x_wconf 82' lang='lat' dir='ltr'><strong>ej</strong></span> <span class='ocrx_word' id='word_1_93' title='bbox 820 1598 1077 1667; x_wconf 88' lang='lat' dir='ltr'><strong>usmodi</strong></span> <span class='ocrx_word' id='word_1_94' title='bbox 1127 1596 1618 1665; x_wconf 85' lang='lat' dir='ltr'><strong>ratificationem</strong></span> <span class='ocrx_word' id='word_1_95' title='bbox 1670 1615 1798 1664; x_wconf 91' lang='lat' dir='ltr'><strong>non</strong></span> <span class='ocrx_word' id='word_1_96' title='bbox 1827 1593 2222 1664; x_wconf 72' lang='lat' dir='ltr'><strong>convalidari</strong></span> <span class='ocrx_word' id='word_1_97' title='bbox 2243 1596 2666 1685; x_wconf 72' lang='lat' dir='ltr'><strong>professionem</strong></span> 
     </span>
     <span class='ocr_line' id='line_1_13' title="bbox 444 1706 2668 1799; baseline -0.003 -16"><span class='ocrx_word' id='word_1_98' title='bbox 444 1712 824 1799; x_wconf 79' lang='lat' dir='ltr'><strong>invalidam,</strong></span> <span class='ocrx_word' id='word_1_99' title='bbox 866 1711 1130 1781; x_wconf 85' lang='lat' dir='ltr'><strong>adnotat</strong></span> <span class='ocrx_word' id='word_1_100' title='bbox 1177 1708 1469 1781; x_wconf 89' lang='lat' dir='ltr'><strong>Ferraris</strong></span> <span class='ocrx_word' id='word_1_101' title='bbox 1497 1710 1678 1799; x_wconf 82' lang='lat' dir='ltr'><strong>(voce</strong></span> <span class='ocrx_word' id='word_1_102' title='bbox 1701 1708 2052 1798; x_wconf 82' lang='lat' dir='ltr'><strong>Professio,</strong></span> <span class='ocrx_word' id='word_1_103' title='bbox 2085 1731 2158 1778; x_wconf 90' lang='lat' dir='ltr'><strong>n.</strong></span> <span class='ocrx_word' id='word_1_104' title='bbox 2209 1708 2394 1799; x_wconf 62' lang='lat' dir='ltr'><strong>108lz</strong></span> <span class='ocrx_word' id='word_1_105' title='bbox 2429 1706 2668 1792; x_wconf 71' lang='lat' dir='ltr'><strong>«Quia,</strong></span> 
     </span>
     <span class='ocr_line' id='line_1_14' title="bbox 452 1822 2676 1920; baseline -0.003 -23"><span class='ocrx_word' id='word_1_106' title='bbox 452 1856 486 1897; x_wconf 74' lang='grc' dir='ltr'><strong>α</strong></span> <span class='ocrx_word' id='word_1_107' title='bbox 506 1829 749 1920; x_wconf 86' lang='lat' dir='ltr'><strong>inquit,</strong></span> <span class='ocrx_word' id='word_1_108' title='bbox 776 1848 933 1898; x_wconf 87' lang='lat' dir='ltr'><strong>cum</strong></span> <span class='ocrx_word' id='word_1_109' title='bbox 950 1826 1093 1896; x_wconf 87' lang='lat' dir='ltr'><strong>talis</strong></span> <span class='ocrx_word' id='word_1_110' title='bbox 1122 1826 1456 1895; x_wconf 84' lang='lat' dir='ltr'><strong>ratificatio</strong></span> <span class='ocrx_word' id='word_1_111' title='bbox 1504 1822 1914 1917; x_wconf 80' lang='lat' dir='ltr'><strong>professionis</strong></span> <span class='ocrx_word' id='word_1_112' title='bbox 1951 1830 2116 1893; x_wconf 78' lang='lat' dir='ltr'><strong>esset</strong></span> <span class='ocrx_word' id='word_1_113' title='bbox 2141 1826 2398 1915; x_wconf 82' lang='lat' dir='ltr'><strong>praeeise</strong></span> <span class='ocrx_word' id='word_1_114' title='bbox 2421 1825 2585 1909; x_wconf 80' lang='lat' dir='ltr'><strong>faeta,</strong></span> <span class='ocrx_word' id='word_1_115' title='bbox 2607 1832 2676 1891; x_wconf 91' lang='lat' dir='ltr'><strong>ut</strong></span> 
     </span>
     <span class='ocr_line' id='line_1_15' title="bbox 452 1937 2677 2039; baseline -0.002 -30"><span class='ocrx_word' id='word_1_116' title='bbox 452 1970 487 2009; x_wconf 70' lang='grc' dir='ltr'>ι</span> <span class='ocrx_word' id='word_1_117' title='bbox 512 1947 825 2035; x_wconf 88' lang='lat' dir='ltr'><strong>imperata</strong></span> <span class='ocrx_word' id='word_1_118' title='bbox 847 1941 927 2011; x_wconf 86' lang='lat' dir='ltr'><strong>ad</strong></span> <span class='ocrx_word' id='word_1_119' title='bbox 953 1939 1397 2039; x_wconf 87' lang='lat' dir='ltr'><strong>suscipiendos</strong></span> <span class='ocrx_word' id='word_1_120' title='bbox 1427 1958 1641 2008; x_wconf 83' lang='lat' dir='ltr'><strong>sacros</strong></span> <span class='ocrx_word' id='word_1_121' title='bbox 1665 1937 1953 2019; x_wconf 84' lang='lat' dir='ltr'><strong>ordines,</strong></span> <span class='ocrx_word' id='word_1_122' title='bbox 1979 1958 2112 2006; x_wconf 88' lang='lat' dir='ltr'><strong>non</strong></span> <span class='ocrx_word' id='word_1_123' title='bbox 2137 1944 2302 2007; x_wconf 87' lang='lat' dir='ltr'><strong>esset</strong></span> <span class='ocrx_word' id='word_1_124' title='bbox 2318 1937 2677 2019; x_wconf 82' lang='lat' dir='ltr'><strong>voluntaria,</strong></span> 
     </span>
     <span class='ocr_line' id='line_1_16' title="bbox 456 2052 2684 2145; baseline -0.003 -20"><span class='ocrx_word' id='word_1_125' title='bbox 456 2088 489 2125; x_wconf 71' lang='grc' dir='ltr'>α</span> <span class='ocrx_word' id='word_1_126' title='bbox 517 2058 625 2128; x_wconf 88' lang='lat' dir='ltr'><strong>sed</strong></span> <span class='ocrx_word' id='word_1_127' title='bbox 660 2057 1015 2129; x_wconf 83' lang='lat' dir='ltr'><strong>necessaria</strong></span> <span class='ocrx_word' id='word_1_128' title='bbox 1040 2063 1106 2125; x_wconf 88' lang='lat' dir='ltr'><strong>et</strong></span> <span class='ocrx_word' id='word_1_129' title='bbox 1130 2053 1660 2145; x_wconf 87' lang='lat' dir='ltr'><strong>strangulatoria;</strong></span> <span class='ocrx_word' id='word_1_130' title='bbox 1691 2052 1982 2144; x_wconf 81' lang='lat' dir='ltr'><strong>adeoque</strong></span> <span class='ocrx_word' id='word_1_131' title='bbox 2015 2052 2272 2122; x_wconf 89' lang='lat' dir='ltr'><strong>nullam</strong></span> <span class='ocrx_word' id='word_1_132' title='bbox 2295 2053 2550 2123; x_wconf 88' lang='lat' dir='ltr'><strong>haberet</strong></span> <span class='ocrx_word' id='word_1_133' title='bbox 2571 2054 2684 2119; x_wconf 80' lang='lat' dir='ltr'><strong>vim</strong></span> 
     </span>
     <span class='ocr_line' id='line_1_17' title="bbox 458 2167 2779 2265; baseline -0.002 -26"><span class='ocrx_word' id='word_1_134' title='bbox 458 2201 491 2239; x_wconf 73' lang='grc' dir='ltr'><strong>ι(</strong></span> <span class='ocrx_word' id='word_1_135' title='bbox 520 2172 847 2242; x_wconf 80' lang='lat' dir='ltr'><strong>validandi</strong></span> <span class='ocrx_word' id='word_1_136' title='bbox 878 2171 1234 2240; x_wconf 77' lang='lat' dir='ltr'><strong>invalidam</strong></span> <span class='ocrx_word' id='word_1_137' title='bbox 1270 2168 1754 2260; x_wconf 81' lang='lat' dir='ltr'><strong>professionem.</strong></span> <span class='ocrx_word' id='word_1_138' title='bbox 1786 2192 1824 2233; x_wconf 72' lang='grc' dir='ltr'><strong>ιι</strong></span> <span class='ocrx_word' id='word_1_139' title='bbox 1865 2169 2078 2259; x_wconf 82' lang='lat' dir='ltr'><strong>Atque</strong></span> <span class='ocrx_word' id='word_1_140' title='bbox 2113 2168 2184 2237; x_wconf 93' lang='lat' dir='ltr'><strong>id</strong></span> <span class='ocrx_word' id='word_1_141' title='bbox 2205 2167 2693 2259; x_wconf 84' lang='lat' dir='ltr'><strong>sequiturafor-</strong></span> <span class='ocrx_word' id='word_1_142' title='bbox 2778 2262 2779 2265; x_wconf 8' lang='grc' dir='ltr'><strong>Ἴ</strong></span> 
     </span>
     <span class='ocr_line' id='line_1_18' title="bbox 452 2266 2779 2377; baseline -0.003 -22"><span class='ocrx_word' id='word_1_143' title='bbox 452 2292 595 2355; x_wconf 88' lang='lat' dir='ltr'><strong>tiori</strong></span> <span class='ocrx_word' id='word_1_144' title='bbox 624 2308 700 2355; x_wconf 83' lang='lat' dir='ltr'><strong>ex</strong></span> <span class='ocrx_word' id='word_1_145' title='bbox 725 2284 915 2355; x_wconf 87' lang='lat' dir='ltr'><strong>dictis</strong></span> <span class='ocrx_word' id='word_1_146' title='bbox 934 2285 1057 2355; x_wconf 88' lang='lat' dir='ltr'><strong>sub</strong></span> <span class='ocrx_word' id='word_1_147' title='bbox 1088 2286 1520 2377; x_wconf 81' lang='lat' dir='ltr'><strong>propositione</strong></span> <span class='ocrx_word' id='word_1_148' title='bbox 1549 2283 1953 2375; x_wconf 78' lang='lat' dir='ltr'><strong>praecedenti,</strong></span> <span class='ocrx_word' id='word_1_149' title='bbox 1970 2283 2051 2352; x_wconf 92' lang='lat' dir='ltr'><strong>de</strong></span> <span class='ocrx_word' id='word_1_150' title='bbox 2068 2284 2483 2356; x_wconf 79' lang='lat' dir='ltr'><strong>renovatione</strong></span> <span class='ocrx_word' id='word_1_151' title='bbox 2503 2304 2690 2354; x_wconf 81' lang='lat' dir='ltr'><strong>annua</strong></span> <span class='ocrx_word' id='word_1_152' title='bbox 2777 2266 2779 2275; x_wconf 18' lang='grc' dir='ltr'><em>Α</em></span> 
     </span>
     <span class='ocr_line' id='line_1_19' title="bbox 454 2392 1389 2496; baseline -0.007 -25"><span class='ocrx_word' id='word_1_153' title='bbox 454 2400 860 2494; x_wconf 77' lang='lat' dir='ltr'><strong>professionis</strong></span> <span class='ocrx_word' id='word_1_154' title='bbox 876 2420 953 2467; x_wconf 84' lang='lat' dir='ltr'><strong>ex</strong></span> <span class='ocrx_word' id='word_1_155' title='bbox 981 2399 1228 2487; x_wconf 88' lang='lat' dir='ltr'><strong>regula.</strong></span> <span class='ocrx_word' id='word_1_156' title='bbox 1256 2484 1270 2496; x_wconf 30' lang='grc' dir='ltr'>ι</span> <span class='ocrx_word' id='word_1_157' title='bbox 1382 2392 1389 2399; x_wconf 81' lang='grc'><em>’</em></span> 
     </span>
    </p>

    <p class='ocr_par' dir='ltr' id='par_1_3' title="bbox 452 2508 2726 3986">
     <span class='ocr_line' id='line_1_20' title="bbox 542 2508 2690 2604; baseline 0 -25"><span class='ocrx_word' id='word_1_158' title='bbox 542 2512 915 2579; x_wconf 77' lang='lat' dir='ltr'><strong>Paorosmo</strong></span> <span class='ocrx_word' id='word_1_159' title='bbox 970 2508 1081 2579; x_wconf 90' lang='lat' dir='ltr'><strong>Vl.</strong></span> <span class='ocrx_word' id='word_1_160' title='bbox 1130 2547 1220 2563; x_wconf 94' lang='lat'>—</span> <span class='ocrx_word' id='word_1_161' title='bbox 1266 2513 1377 2579; x_wconf 83' lang='lat' dir='ltr'><strong>An</strong></span> <span class='ocrx_word' id='word_1_162' title='bbox 1423 2511 1712 2581; x_wconf 81' lang='lat' dir='ltr'><strong>nulliter</strong></span> <span class='ocrx_word' id='word_1_163' title='bbox 1757 2513 2116 2604; x_wconf 82' lang='lat' dir='ltr'><strong>professus,</strong></span> <span class='ocrx_word' id='word_1_164' title='bbox 2169 2512 2282 2583; x_wconf 79' lang='lat' dir='ltr'><strong>sed</strong></span> <span class='ocrx_word' id='word_1_165' title='bbox 2331 2513 2690 2583; x_wconf 78' lang='lat' dir='ltr'><strong>nullitatem</strong></span> 
     </span>
     <span class='ocr_line' id='line_1_21' title="bbox 452 2626 2694 2719; baseline 0 -24"><span class='ocrx_word' id='word_1_166' title='bbox 452 2628 795 2719; x_wconf 69' lang='lat' dir='ltr'><strong>iquorem-3,</strong></span> <span class='ocrx_word' id='word_1_167' title='bbox 824 2627 1297 2719; x_wconf 80' lang='lat' dir='ltr'><strong>professionem</strong></span> <span class='ocrx_word' id='word_1_168' title='bbox 1320 2649 1519 2697; x_wconf 82' lang='lat' dir='ltr'><strong>suam</strong></span> <span class='ocrx_word' id='word_1_169' title='bbox 1563 2628 1782 2697; x_wconf 81' lang='lat' dir='ltr'><strong>valide</strong></span> <span class='ocrx_word' id='word_1_170' title='bbox 1829 2629 2195 2719; x_wconf 74' lang='lat' dir='ltr'><strong>ratificasse</strong></span> <span class='ocrx_word' id='word_1_171' title='bbox 2256 2628 2603 2699; x_wconf 79' lang='lat' dir='ltr'><strong>censendus</strong></span> <span class='ocrx_word' id='word_1_172' title='bbox 2629 2626 2694 2695; x_wconf 82' lang='lat' dir='ltr'><strong>sit</strong></span> 
     </span>
     <span class='ocr_line' id='line_1_22' title="bbox 453 2744 2696 2838; baseline -0.001 -23"><span class='ocrx_word' id='word_1_173' title='bbox 453 2768 574 2838; x_wconf 85' lang='lat' dir='ltr'><strong>per</strong></span> <span class='ocrx_word' id='word_1_174' title='bbox 598 2746 971 2815; x_wconf 80' lang='lat' dir='ltr'><strong>subsecutos</strong></span> <span class='ocrx_word' id='word_1_175' title='bbox 996 2755 1212 2831; x_wconf 68' lang='lat' dir='ltr'><strong>actm,</strong></span> <span class='ocrx_word' id='word_1_176' title='bbox 1237 2746 1671 2836; x_wconf 76' lang='lat' dir='ltr'><strong>professionis</strong></span> <span class='ocrx_word' id='word_1_177' title='bbox 1694 2746 1918 2815; x_wconf 83' lang='lat' dir='ltr'><strong>tacitae</strong></span> <span class='ocrx_word' id='word_1_178' title='bbox 1935 2744 2336 2832; x_wconf 70' lang='lat' dir='ltr'><strong>inductivas,</strong></span> <span class='ocrx_word' id='word_1_179' title='bbox 2384 2747 2696 2816; x_wconf 77' lang='lat' dir='ltr'><strong>vehemen-</strong></span> 
     </span>
     <span class='ocr_line' id='line_1_23' title="bbox 461 2859 2690 2952; baseline -0.002 -24"><span class='ocrx_word' id='word_1_180' title='bbox 461 2872 560 2929; x_wconf 84' lang='lat' dir='ltr'><strong>ter</strong></span> <span class='ocrx_word' id='word_1_181' title='bbox 588 2874 1075 2930; x_wconf 81' lang='lat' dir='ltr'><strong>controversum</strong></span> <span class='ocrx_word' id='word_1_182' title='bbox 1092 2860 1256 2951; x_wconf 83' lang='lat' dir='ltr'><strong>fuit.</strong></span> <span class='ocrx_word' id='word_1_183' title='bbox 1282 2898 1366 2913; x_wconf 92' lang='lat'><strong>—</strong></span> <span class='ocrx_word' id='word_1_184' title='bbox 1388 2860 1672 2942; x_wconf 81' lang='lat' dir='ltr'><strong>Quaestio</strong></span> <span class='ocrx_word' id='word_1_185' title='bbox 1695 2869 1787 2929; x_wconf 88' lang='lat' dir='ltr'><strong>est</strong></span> <span class='ocrx_word' id='word_1_186' title='bbox 1812 2859 1892 2929; x_wconf 89' lang='lat' dir='ltr'><strong>de</strong></span> <span class='ocrx_word' id='word_1_187' title='bbox 1920 2861 2032 2931; x_wconf 89' lang='lat' dir='ltr'><strong>illo</strong></span> <span class='ocrx_word' id='word_1_188' title='bbox 2049 2862 2166 2952; x_wconf 87' lang='lat' dir='ltr'><strong>qui</strong></span> <span class='ocrx_word' id='word_1_189' title='bbox 2193 2864 2385 2952; x_wconf 85' lang='lat' dir='ltr'><strong>pleno</strong></span> <span class='ocrx_word' id='word_1_190' title='bbox 2410 2880 2690 2932; x_wconf 76' lang='lat' dir='ltr'><strong>consensu</strong></span> 
     </span>
     <span class='ocr_line' id='line_1_24' title="bbox 460 2974 2697 3068; baseline -0.001 -24"><span class='ocrx_word' id='word_1_191' title='bbox 460 2976 921 3067; x_wconf 85' lang='lat' dir='ltr'><strong>professionem</strong></span> <span class='ocrx_word' id='word_1_192' title='bbox 946 2998 1135 3045; x_wconf 85' lang='lat' dir='ltr'><strong>suam</strong></span> <span class='ocrx_word' id='word_1_193' title='bbox 1180 2974 1423 3056; x_wconf 81' lang='lat' dir='ltr'><strong>emisit,</strong></span> <span class='ocrx_word' id='word_1_194' title='bbox 1453 2975 1561 3043; x_wconf 87' lang='lat' dir='ltr'><strong>sed</strong></span> <span class='ocrx_word' id='word_1_195' title='bbox 1599 2974 1868 3044; x_wconf 84' lang='lat' dir='ltr'><strong>nulliter</strong></span> <span class='ocrx_word' id='word_1_196' title='bbox 1903 2975 1989 3045; x_wconf 88' lang='lat' dir='ltr'><strong>ob</strong></span> <span class='ocrx_word' id='word_1_197' title='bbox 2036 2976 2574 3068; x_wconf 83' lang='lat' dir='ltr'><strong>impedimentum</strong></span> <span class='ocrx_word' id='word_1_198' title='bbox 2601 2974 2697 3044; x_wconf 88' lang='lat' dir='ltr'><strong>ali·</strong></span> 
     </span>
     <span class='ocr_line' id='line_1_25' title="bbox 461 3088 2700 3181; baseline 0 -24"><span class='ocrx_word' id='word_1_199' title='bbox 461 3090 635 3181; x_wconf 89' lang='lat' dir='ltr'><strong>quod</strong></span> <span class='ocrx_word' id='word_1_200' title='bbox 673 3090 755 3159; x_wconf 89' lang='lat' dir='ltr'><strong>ab</strong></span> <span class='ocrx_word' id='word_1_201' title='bbox 785 3090 921 3181; x_wconf 83' lang='lat' dir='ltr'><strong>ipso</strong></span> <span class='ocrx_word' id='word_1_202' title='bbox 948 3090 1317 3181; x_wconf 87' lang='lat' dir='ltr'><strong>ignoratum</strong></span> <span class='ocrx_word' id='word_1_203' title='bbox 1339 3110 1358 3172; x_wconf 92' lang='lat'>;</span> <span class='ocrx_word' id='word_1_204' title='bbox 1404 3088 1585 3158; x_wconf 75' lang='lat' dir='ltr'><strong>verbi</strong></span> <span class='ocrx_word' id='word_1_205' title='bbox 1609 3089 1841 3179; x_wconf 85' lang='lat' dir='ltr'><strong>gratia,</strong></span> <span class='ocrx_word' id='word_1_206' title='bbox 1867 3112 1944 3159; x_wconf 78' lang='lat' dir='ltr'><strong>ex</strong></span> <span class='ocrx_word' id='word_1_207' title='bbox 1961 3112 2036 3159; x_wconf 89' lang='lat' dir='ltr'><strong>eo</strong></span> <span class='ocrx_word' id='word_1_208' title='bbox 2064 3090 2243 3181; x_wconf 89' lang='lat' dir='ltr'><strong>quod</strong></span> <span class='ocrx_word' id='word_1_209' title='bbox 2267 3089 2572 3161; x_wconf 82' lang='lat' dir='ltr'><strong>sexdecim</strong></span> <span class='ocrx_word' id='word_1_210' title='bbox 2595 3110 2700 3158; x_wconf 88' lang='lat' dir='ltr'><strong>an·</strong></span> 
     </span>
     <span class='ocr_line' id='line_1_26' title="bbox 463 3202 2690 3297; baseline -0.001 -24"><span class='ocrx_word' id='word_1_211' title='bbox 463 3225 580 3273; x_wconf 91' lang='lat' dir='ltr'><strong>nos</strong></span> <span class='ocrx_word' id='word_1_212' title='bbox 611 3204 905 3273; x_wconf 88' lang='lat' dir='ltr'><strong>nondum</strong></span> <span class='ocrx_word' id='word_1_213' title='bbox 938 3202 1304 3295; x_wconf 83' lang='lat' dir='ltr'><strong>expleverit,</strong></span> <span class='ocrx_word' id='word_1_214' title='bbox 1358 3204 1658 3295; x_wconf 70' lang='lat' dir='ltr'><strong>quamvis</strong></span> <span class='ocrx_word' id='word_1_215' title='bbox 1705 3204 1982 3295; x_wconf 82' lang='lat' dir='ltr'><strong>expletos</strong></span> <span class='ocrx_word' id='word_1_216' title='bbox 2025 3228 2187 3292; x_wconf 88' lang='lat' dir='ltr'><strong>esse,</strong></span> <span class='ocrx_word' id='word_1_217' title='bbox 2227 3213 2364 3277; x_wconf 88' lang='lat' dir='ltr'><strong>tum</strong></span> <span class='ocrx_word' id='word_1_218' title='bbox 2405 3208 2530 3297; x_wconf 90' lang='lat' dir='ltr'><strong>ipse</strong></span> <span class='ocrx_word' id='word_1_219' title='bbox 2557 3210 2690 3271; x_wconf 90' lang='lat' dir='ltr'><strong>tum</strong></span> 
     </span>
     <span class='ocr_line' id='line_1_27' title="bbox 472 3317 2706 3411; baseline 0.001 -27"><span class='ocrx_word' id='word_1_220' title='bbox 472 3317 715 3407; x_wconf 66' lang='lat' dir='ltr'><strong>praelati</strong></span> <span class='ocrx_word' id='word_1_221' title='bbox 736 3318 1065 3409; x_wconf 82' lang='lat' dir='ltr'><strong>religionis</strong></span> <span class='ocrx_word' id='word_1_222' title='bbox 1088 3341 1163 3389; x_wconf 89' lang='lat' dir='ltr'><strong>ex</strong></span> <span class='ocrx_word' id='word_1_223' title='bbox 1190 3338 1405 3389; x_wconf 87' lang='lat' dir='ltr'><strong>errore</strong></span> <span class='ocrx_word' id='word_1_224' title='bbox 1431 3339 1813 3411; x_wconf 87' lang='lat' dir='ltr'><strong>persuasum</strong></span> <span class='ocrx_word' id='word_1_225' title='bbox 1839 3320 2212 3391; x_wconf 86' lang='lat' dir='ltr'><strong>habuerint.</strong></span> <span class='ocrx_word' id='word_1_226' title='bbox 2253 3322 2323 3391; x_wconf 91' lang='lat' dir='ltr'><strong>Si</strong></span> <span class='ocrx_word' id='word_1_227' title='bbox 2351 3326 2484 3411; x_wconf 83' lang='lat' dir='ltr'><strong>post</strong></span> <span class='ocrx_word' id='word_1_228' title='bbox 2507 3318 2706 3408; x_wconf 87' lang='lat' dir='ltr'><strong>adep·</strong></span> 
     </span>
     <span class='ocr_line' id='line_1_28' title="bbox 471 3428 2699 3526; baseline 0 -28"><span class='ocrx_word' id='word_1_229' title='bbox 471 3435 603 3498; x_wconf 89' lang='lat' dir='ltr'><strong>tam</strong></span> <span class='ocrx_word' id='word_1_230' title='bbox 630 3428 987 3519; x_wconf 82' lang='lat' dir='ltr'><strong>legitimam</strong></span> <span class='ocrx_word' id='word_1_231' title='bbox 1016 3438 1267 3503; x_wconf 78' lang='lat' dir='ltr'><strong>aetatem</strong></span> <span class='ocrx_word' id='word_1_232' title='bbox 1310 3433 1650 3526; x_wconf 87' lang='lat' dir='ltr'><strong>religiosus</strong></span> <span class='ocrx_word' id='word_1_233' title='bbox 1677 3435 1815 3516; x_wconf 87' lang='lat' dir='ltr'><strong>ille,</strong></span> <span class='ocrx_word' id='word_1_234' title='bbox 1871 3435 2056 3506; x_wconf 76' lang='lat' dir='ltr'><strong>dictae</strong></span> <span class='ocrx_word' id='word_1_235' title='bbox 2103 3436 2424 3511; x_wconf 84' lang='lat' dir='ltr'><strong>nullitatis</strong></span> <span class='ocrx_word' id='word_1_236' title='bbox 2469 3454 2699 3525; x_wconf 86' lang='lat' dir='ltr'><strong>semper</strong></span> 
     </span>
     <span class='ocr_line' id='line_1_29' title="bbox 466 3545 2702 3643; baseline 0 -29"><span class='ocrx_word' id='word_1_237' title='bbox 466 3545 736 3632; x_wconf 84' lang='lat' dir='ltr'><strong>inscius,</strong></span> <span class='ocrx_word' id='word_1_238' title='bbox 767 3556 988 3638; x_wconf 84' lang='lat' dir='ltr'><strong>pergat</strong></span> <span class='ocrx_word' id='word_1_239' title='bbox 1014 3548 1311 3619; x_wconf 88' lang='lat' dir='ltr'><strong>habitum</strong></span> <span class='ocrx_word' id='word_1_240' title='bbox 1368 3549 1734 3639; x_wconf 78' lang='lat' dir='ltr'><strong>regularem</strong></span> <span class='ocrx_word' id='word_1_241' title='bbox 1796 3550 2066 3637; x_wconf 87' lang='lat' dir='ltr'><strong>deferre,</strong></span> <span class='ocrx_word' id='word_1_242' title='bbox 2114 3557 2177 3620; x_wconf 91' lang='lat' dir='ltr'><strong>et</strong></span> <span class='ocrx_word' id='word_1_243' title='bbox 2227 3559 2409 3623; x_wconf 81' lang='lat' dir='ltr'><strong>actus</strong></span> <span class='ocrx_word' id='word_1_244' title='bbox 2439 3550 2702 3643; x_wconf 68' lang='lat' dir='ltr'><strong>professis</strong></span> 
     </span>
     <span class='ocr_line' id='line_1_30' title="bbox 463 3664 2704 3759; baseline 0.001 -30"><span class='ocrx_word' id='word_1_245' title='bbox 463 3664 758 3754; x_wconf 89' lang='lat' dir='ltr'><strong>proprios</strong></span> <span class='ocrx_word' id='word_1_246' title='bbox 778 3684 1101 3747; x_wconf 81' lang='lat' dir='ltr'><strong>exercere,</strong></span> <span class='ocrx_word' id='word_1_247' title='bbox 1134 3686 1217 3734; x_wconf 89' lang='lat' dir='ltr'><strong>an</strong></span> <span class='ocrx_word' id='word_1_248' title='bbox 1245 3688 1359 3756; x_wconf 90' lang='lat' dir='ltr'><strong>per</strong></span> <span class='ocrx_word' id='word_1_249' title='bbox 1406 3666 1668 3735; x_wconf 86' lang='lat' dir='ltr'><strong>tacitam</strong></span> <span class='ocrx_word' id='word_1_250' title='bbox 1715 3667 2034 3756; x_wconf 86' lang='lat' dir='ltr'><strong>ejusmodi</strong></span> <span class='ocrx_word' id='word_1_251' title='bbox 2085 3667 2544 3759; x_wconf 87' lang='lat' dir='ltr'><strong>professionem</strong></span> <span class='ocrx_word' id='word_1_252' title='bbox 2573 3685 2704 3735; x_wconf 85' lang='lat' dir='ltr'><strong>een-</strong></span> 
     </span>
     <span class='ocr_line' id='line_1_31' title="bbox 466 3773 2705 3868; baseline 0.001 -27"><span class='ocrx_word' id='word_1_253' title='bbox 466 3773 703 3845; x_wconf 85' lang='lat' dir='ltr'><strong>sendus</strong></span> <span class='ocrx_word' id='word_1_254' title='bbox 720 3777 800 3845; x_wconf 89' lang='lat' dir='ltr'><strong>sit</strong></span> <span class='ocrx_word' id='word_1_255' title='bbox 827 3775 1112 3868; x_wconf 88' lang='lat' dir='ltr'><strong>priorem</strong></span> <span class='ocrx_word' id='word_1_256' title='bbox 1140 3778 1409 3847; x_wconf 87' lang='lat' dir='ltr'><strong>nulliter</strong></span> <span class='ocrx_word' id='word_1_257' title='bbox 1425 3782 1732 3849; x_wconf 86' lang='lat' dir='ltr'><strong>emissam</strong></span> <span class='ocrx_word' id='word_1_258' title='bbox 1760 3780 1966 3851; x_wconf 74' lang='lat' dir='ltr'><strong>valide</strong></span> <span class='ocrx_word' id='word_1_259' title='bbox 1985 3780 2381 3851; x_wconf 76' lang='lat' dir='ltr'><strong>ratifieasse‘?</strong></span> <span class='ocrx_word' id='word_1_260' title='bbox 2407 3808 2446 3849; x_wconf 71' lang='grc' dir='ltr'><strong>ι(</strong></span> <span class='ocrx_word' id='word_1_261' title='bbox 2467 3780 2705 3851; x_wconf 80' lang='lat' dir='ltr'><strong>Variant</strong></span> 
     </span>
     <span class='ocr_line' id='line_1_32' title="bbox 468 3878 2726 3986; baseline 0.004 -29"><span class='ocrx_word' id='word_1_262' title='bbox 468 3890 781 3977; x_wconf 88' lang='lat' dir='ltr'><strong>doctores,</strong></span> <span class='ocrx_word' id='word_1_263' title='bbox 812 3916 848 3957; x_wconf 70' lang='lat' dir='ltr'><strong>s</strong></span> <span class='ocrx_word' id='word_1_264' title='bbox 882 3894 971 3961; x_wconf 89' lang='lat' dir='ltr'><strong>ait</strong></span> <span class='ocrx_word' id='word_1_265' title='bbox 1000 3889 1286 3964; x_wconf 88' lang='lat' dir='ltr'><strong>Ferraris</strong></span> <span class='ocrx_word' id='word_1_266' title='bbox 1318 3882 1496 3985; x_wconf 79' lang='lat' dir='ltr'><strong>(vooe</strong></span> <span class='ocrx_word' id='word_1_267' title='bbox 1513 3895 1861 3986; x_wconf 82' lang='lat' dir='ltr'><strong>Professio,</strong></span> <span class='ocrx_word' id='word_1_268' title='bbox 1885 3917 1953 3964; x_wconf 91' lang='lat' dir='ltr'><strong>n.</strong></span> <span class='ocrx_word' id='word_1_269' title='bbox 1981 3896 2118 3985; x_wconf 87' lang='lat'><strong>56).</strong></span> <span class='ocrx_word' id='word_1_270' title='bbox 2711 3878 2726 3887; x_wconf 58' lang='grc'><strong>’</strong></span> 
     </span>
    </p>

    <p class='ocr_par' dir='ltr' id='par_1_4' title="bbox 470 4004 2706 4449">
     <span class='ocr_line' id='line_1_33' title="bbox 559 4004 2706 4104; baseline -0.002 -30"><span class='ocrx_word' id='word_1_271' title='bbox 559 4004 1017 4078; x_wconf 85' lang='lat' dir='ltr'><strong>Difficultatem</strong></span> <span class='ocrx_word' id='word_1_272' title='bbox 1071 4009 1240 4096; x_wconf 82' lang='lat' dir='ltr'><strong>facit,</strong></span> <span class='ocrx_word' id='word_1_273' title='bbox 1298 4010 1476 4102; x_wconf 89' lang='lat' dir='ltr'><strong>quod</strong></span> <span class='ocrx_word' id='word_1_274' title='bbox 1522 4018 1676 4081; x_wconf 86' lang='lat' dir='ltr'><strong>tunc</strong></span> <span class='ocrx_word' id='word_1_275' title='bbox 1705 4013 1969 4104; x_wconf 86' lang='lat' dir='ltr'><strong>gestatio</strong></span> <span class='ocrx_word' id='word_1_276' title='bbox 2008 4012 2292 4099; x_wconf 85' lang='lat' dir='ltr'><strong>habitus,</strong></span> <span class='ocrx_word' id='word_1_277' title='bbox 2345 4013 2525 4083; x_wconf 78' lang='lat' dir='ltr'><strong>aliive</strong></span> <span class='ocrx_word' id='word_1_278' title='bbox 2545 4014 2706 4077; x_wconf 81' lang='lat' dir='ltr'><strong>actus</strong></span> 
     </span>
     <span class='ocr_line' id='line_1_34' title="bbox 470 4120 2706 4220; baseline -0 -32"><span class='ocrx_word' id='word_1_279' title='bbox 470 4120 763 4210; x_wconf 86' lang='lat' dir='ltr'><strong>professis</strong></span> <span class='ocrx_word' id='word_1_280' title='bbox 788 4123 1059 4213; x_wconf 90' lang='lat' dir='ltr'><strong>proprii,</strong></span> <span class='ocrx_word' id='word_1_281' title='bbox 1084 4145 1213 4193; x_wconf 88' lang='lat' dir='ltr'><strong>non</strong></span> <span class='ocrx_word' id='word_1_282' title='bbox 1243 4124 1404 4193; x_wconf 88' lang='lat' dir='ltr'><strong>fiant</strong></span> <span class='ocrx_word' id='word_1_283' title='bbox 1430 4146 1582 4192; x_wconf 84' lang='lat' dir='ltr'><strong>cum</strong></span> <span class='ocrx_word' id='word_1_284' title='bbox 1605 4126 1968 4197; x_wconf 82' lang='lat' dir='ltr'><strong>intentione</strong></span> <span class='ocrx_word' id='word_1_285' title='bbox 1987 4126 2365 4220; x_wconf 80' lang='lat' dir='ltr'><strong>profitendi</strong></span> <span class='ocrx_word' id='word_1_286' title='bbox 2375 4134 2472 4215; x_wconf 83' lang='lat' dir='ltr'><strong>,·et</strong></span> <span class='ocrx_word' id='word_1_287' title='bbox 2489 4122 2706 4212; x_wconf 85' lang='lat' dir='ltr'><strong>absque</strong></span> 
     </span>
     <span class='ocr_line' id='line_1_35' title="bbox 470 4236 2700 4337; baseline 0.003 -32"><span class='ocrx_word' id='word_1_288' title='bbox 470 4239 591 4305; x_wconf 84' lang='lat' dir='ltr'><strong>bac</strong></span> <span class='ocrx_word' id='word_1_289' title='bbox 624 4236 983 4307; x_wconf 88' lang='lat' dir='ltr'><strong>intentione</strong></span> <span class='ocrx_word' id='word_1_290' title='bbox 1009 4260 1145 4308; x_wconf 87' lang='lat' dir='ltr'><strong>non</strong></span> <span class='ocrx_word' id='word_1_291' title='bbox 1177 4238 1468 4309; x_wconf 81' lang='lat' dir='ltr'><strong>videatur</strong></span> <span class='ocrx_word' id='word_1_292' title='bbox 1495 4239 1707 4311; x_wconf 79' lang='lat' dir='ltr'><strong>valere</strong></span> <span class='ocrx_word' id='word_1_293' title='bbox 1752 4263 1937 4335; x_wconf 88' lang='lat' dir='ltr'><strong>posse</strong></span> <span class='ocrx_word' id='word_1_294' title='bbox 1971 4244 2105 4314; x_wconf 87' lang='lat' dir='ltr'><strong>ulla</strong></span> <span class='ocrx_word' id='word_1_295' title='bbox 2131 4244 2462 4337; x_wconf 89' lang='lat' dir='ltr'><strong>professio.</strong></span> <span class='ocrx_word' id='word_1_296' title='bbox 2495 4239 2700 4311; x_wconf 83' lang='lat' dir='ltr'><strong>Casum</strong></span> 
     </span>
     <span class='ocr_line' id='line_1_36' title="bbox 470 4349 2700 4449; baseline 0.004 -33"><span class='ocrx_word' id='word_1_297' title='bbox 470 4349 911 4420; x_wconf 87' lang='lat' dir='ltr'><strong>dirimendum</strong></span> <span class='ocrx_word' id='word_1_298' title='bbox 978 4354 1206 4424; x_wconf 88' lang='lat' dir='ltr'><strong>habuit</strong></span> <span class='ocrx_word' id='word_1_299' title='bbox 1258 4355 1454 4425; x_wconf 88' lang='lat' dir='ltr'><strong>Sacra</strong></span> <span class='ocrx_word' id='word_1_300' title='bbox 1499 4352 1925 4449; x_wconf 86' lang='lat' dir='ltr'><strong>Gongregatio</strong></span> <span class='ocrx_word' id='word_1_301' title='bbox 1981 4359 2261 4431; x_wconf 83' lang='lat' dir='ltr'><strong>Concilii</strong></span> <span class='ocrx_word' id='word_1_302' title='bbox 2309 4361 2377 4429; x_wconf 92' lang='lat' dir='ltr'><strong>in</strong></span> <span class='ocrx_word' id='word_1_303' title='bbox 2439 4356 2700 4443; x_wconf 73' lang='lat' dir='ltr'><strong>famigera</strong></span> 
     </span>
    </p>
   </div>
  </div>
 </body>
</html>
