2834 4959
354 328 475 386 ⁴6⁰
937 297 1277 381 mera-ros
1322 330 1403 379 m
1443 321 1598 379 sunt
1633 328 2054 379 anonumum.

350 455 513 525 votis
556 452 1005 541 solemnibus;
1036 452 1104 521 2⁰
1132 450 1403 543 quinam
1439 450 1575 521 sin-t
1593 450 1738 519 -veri
1763 448 2050 541 religiosi
2077 468 2234 519 cum
2271 452 2452 521 votis
2481 452 2654 523 sim.

352 568 627 662 plicibus
649 593 668 654 ;
698 567 765 639 3⁰
790 567 1067 660 quinam
1088 572 1295 637 status
1313 565 1596 657 religiosi
1621 563 1898 637 essentia
1923 570 2206 635 careant.

1419 814 1552 905 §L

588 1038 809 1101 Qunam
830 1036 984 1089 hodie
1002 1039 1059 1089 tn
1078 1034 1243 1089 Gellia
1264 1037 1369 1089 sint
1394 1038 1504 1089 vert
1525 1034 1741 1099 religiosi
1761 1044 1882 1085 enm
1900 1035 2038 1086 votis
2051 1032 2388 1085 solemnibus.

440 1244 817 1317 Psorosmo
836 1246 915 1316 1⁸.
936 1284 1027 1301 -
1044 1244 1265 1317 Semel
1280 1243 1657 1337 approbato
1683 1242 1992 1333 reliqioso
2013 1241 2362 1326 instituto,
2388 1242 2646 1313 solem·

355 1360 475 1429 nia
500 1372 657 1429 vota
683 1360 986 1447 habente,
1020 1360 1388 1431 necessaria
1416 1371 1513 1429 est
1547 1378 1858 1449 expressa
1885 1354 2210 1425 Ecclesia·
2253 1354 2642 1448 depositio,

356 1487 436 1543 ut
452 1476 779 1545 solemnia
799 1498 934 1548 non
956 1478 1093 1546 sint
1122 1488 1281 1547 vota
1308 1474 1808 1571 reliqiosomm,
1839 1472 1968 1541 rite
1995 1471 2089 1541 ad
2109 1472 2412 1563 formam
2449 1473 2642 1543 illim

352 1585 647 1657 instituti
659 1589 1153 1679 profitentium.
1182 1628 1273 1641 —
1295 1588 1464 1659 Nam
1501 1588 1683 1657 sedes
1715 1584 2092 1679 Apostolica
2113 1587 2228 1655 hoc
2255 1586 2400 1675 ipso
2439 1587 2632 1675 quod

350 1700 661 1792 approbet
704 1702 1107 1791 institutum,
1134 1704 1205 1772 in
1246 1714 1391 1794 quo'
1425 1701 1798 1793 disponitur
1839 1698 2154 1781 solemnia
2185 1698 2314 1769 iore
2333 1705 2485 1769 vota
2508 1720 2631 1791 por

240 1892 249 1901 ,
354 1816 817 1907 professionem
864 1820 1121 1904 emissa,
1184 1818 1321 1889 vult
1368 1826 1433 1888 et
1478 1817 1767 1889 decernit
1821 1822 1896 1887 ut
1947 1820 2094 1886 vota
2150 1814 2258 1885 illa
2309 1814 2634 1886 solemnia

356 1932 534 2001 sint:
586 1931 747 2002 alias
794 1933 1163 2003 institutum
1214 1932 1379 2004 illud
1419 1952 1550 2001 non
1603 1930 2010 2022 approbaret.
2044 1930 2372 2003 Voluntas
2419 1938 2640 2001 autem

356 2043 465 2112 illa
516 2045 989 2119 solemnitatem
1032 2054 1337 2119 votorum
1384 2044 1638 2117 inducit
1689 2042 2197 2136 independenter
2253 2067 2294 2112 a
2341 2044 2638 2135 qualibet

350 2158 643 2231 saeculari
682 2166 1006 2250 potestate,
1038 2169 1112 2229 ut
1154 2182 1353 2252 supra
1398 2162 1743 2253 probatum
1773 2166 1892 2229 est.
1939 2158 2113 2248 Ergo
2167 2158 2296 2229 nisi
2341 2165 2638 2229 mutetur

352 2270 683 2341 decretum
734 2272 859 2343 boc
910 2275 1079 2345 sedis
1158 2275 1570 2367 Apostolicae,
1619 2281 1792 2347 certo
1863 2274 2182 2375 solemnia
2235 2280 2442 2343 erunt
2497 2278 2638 2343 mu

354 2385 805 2475 religiosorum
871 2389 1195 2477 omnium,
1250 2391 1371 2459 rite
1412 2392 1598 2479 Juxta
1656 2389 1821 2460 illud
1881 2388 2253 2459 institutum
2327 2389 2640 2479 profiten-

357 2497 543 2567 tium.
596 2498 681 2569 Ut
728 2508 947 2571 autem
994 2502 1247 2573 sublata
1290 2504 1509 2594 quoad
1567 2502 1824 2597 aliquos
1861 2503 2113 2575 censeri
2165 2505 2372 2594 possit
2423 2504 2638 2595 aliqua

352 2612 455 2682 lex
504 2616 951 2703 ecclesiastica,
1006 2618 1197 2689 debet
1244 2618 1325 2689 de
1360 2621 1486 2689 hac
1539 2620 1908 2713 exceptione
1971 2638 2262 2710 expresse
2309 2624 2628 2689 constare.

351 2724 537 2799 Unde
565 2736 637 2799 ut
660 2730 939 2824 aliquus
976 2734 1260 2825 regionis
1300 2736 1612 2825 religiosi,
1633 2738 1818 2826 juxta
1866 2734 2206 2825 praefatum
2255 2735 2636 2805 institutum

354 2844 745 2933 profitentes,
793 2854 939 2917 vota
986 2850 1299 2921 solemnia
1345 2871 1479 2919 non
1527 2850 1851 2935 emittant,
1903 2870 2158 2919 necesse
2183 2854 2282 2919 est
2327 2856 2408 2919 ut
2461 2849 2638 2921 sedo

352 2958 717 3049 Apostolica
766 2984 1057 3056 expresse
1104 2964 1380 3036 dederet
1429 2966 1724 3056 ipsorum
1778 2971 1928 3035 vota
1961 2967 2102 3054 jam
2145 2985 2282 3035 non
2309 2966 2636 3057 acceptari

350 3092 389 3139 a
428 3092 495 3141 se
518 3076 645 3143 nisi
696 3082 1005 3169 tanquam
1034 3079 1379 3171 simplicia.
1427 3080 1739 3171 Alioquin
1765 3098 1842 3147 ex
1871 3081 1936 3148 vi
1987 3079 2124 3149 sola
2149 3080 2638 3171 approbationis

354 3186 659 3275 instituti,
688 3197 834 3261 vota
856 3192 999 3261 baec
1020 3215 1140 3286 pro
1168 3194 1566 3263 solemnibus
1591 3193 1892 3264 habenda
1929 3200 2144 3265 erunt.
2179 3192 2378 3285 Ergo,
2407 3202 2482 3263 ut
2515 3214 2637 3286 pro

356 3302 753 3377 solemnibus
788 3310 979 3381 hodie
1004 3312 1075 3381 in
1118 3310 1347 3381 Gauiis
1380 3311 1677 3382 habenda
1703 3312 1834 3383 sint
1861 3318 2002 3383 vota
2042 3313 2536 3403 religiosorum,
2567 3314 2638 3383 in

361 3417 679 3508 praedictis
716 3424 1053 3497 ordinibus
1090 3429 1208 3497 rite
1244 3427 1717 3519 profitentium,
1757 3428 2110 3499 necessaria
2153 3450 2288 3498 non
2325 3436 2430 3497 est
2473 3428 2637 3499 sedis

358 3532 411 3599 Α
420 3534 739 3624 postolicae
783 3540 1153 3626 declaratio,
1182 3543 1658 3614 solemnitatem
1705 3542 1888 3613 illam
1935 3543 2417 3633 pronuntians;
2461 3544 2574 3613 sed
2597 3563 2634 3611 ο

358 3656 581 3721 contra
622 3657 979 3747 requiritur
1026 3656 1371 3729 declaratio
1423 3659 1586 3742 hoec,
1641 3663 1715 3729 ut
1757 3657 1982 3729 haberi
2039 3659 2282 3749 possint
2331 3680 2460 3749 pro
2507 3678 2634 3729 non

354 3762 771 3839 solemnibus.

447 3876 823 3955 Psorosmo
862 3884 968 3955 11¹.
1006 3924 1097 3939 —
1118 3887 1444 3979 Reliqiosi
1472 3886 1726 3961 Galliae
1753 3886 2234 3979 professionem
2267 3887 2406 3956 rite
2443 3884 2629 3956 emit-

362 3995 561 4067 tendo
584 3999 656 4069 in
690 4002 772 4071 iis
806 4002 1177 4094 ordinibm,
1209 4004 1349 4097 qui,
1386 4026 1468 4073 ex
1507 4004 1818 4075 itastituto
1851 4026 1894 4075 a
1929 4000 2076 4073 sede
2097 4004 2487 4097 Apostolica
2507 4021 2626 4091 ap·

352 4112 643 4204 probato
664 4132 821 4191 vota
842 4122 1165 4194 solemnia
1189 4122 1466 4208 habent,
1490 4124 1670 4214 fiunt
1718 4121 2098 4195 eorumdem
2135 4122 2447 4193 ordfiwm
2473 4138 2628 4213 pro·

352 4229 533 4319 fessi,
562 4244 626 4303 et
671 4256 897 4307 eorum
930 4252 1090 4311 vota
1130 4262 1275 4311 vere
1300 4252 1367 4310 et
1384 4238 1663 4333 proprie
1701 4237 2034 4309 solemnia
2059 4250 2244 4309 sum.
2277 4276 2366 4291 -
2397 4235 2468 4305 Id
2491 4238 2630 4325 jam

358 4340 545 4415 facile
560 4350 771 4423 evinci
790 4362 1015 4447 potest,
1034 4358 1186 4448 quia
1206 4377 1339 4429 non
1356 4365 1452 4429 est
1469 4356 1596 4427 nisi
1613 4356 1962 4448 praemissae
1979 4355 2293 4427 doctrinae
2311 4358 2632 4425 consecte-
