2834 4959
1033 373 1183 421 PARS
1227 375 1468 422 TERTIA.
2286 373 2321 428 3
2333 373 2365 428 3
2376 375 2413 428 5

1173 684 1216 772 g
1243 680 1351 751 111.

131 893 206 941 An
223 889 639 951 congregationes
657 885 972 948 monialium,
998 887 1238 937 clausura
1259 887 1312 936 et
1333 887 1465 937 votis
1496 885 1804 938 solemnibus
1827 892 2127 953 carentium,
2154 891 2273 944 licet
2295 897 2417 948 sim-

189 976 388 1041 puciter
403 976 652 1042 tolerata,
675 979 727 1027 et
747 989 852 1026 non
870 973 1175 1040 approbata,
1197 978 1362 1027 statne
1383 974 1604 1040 religiosi
1626 979 1899 1028 essentiam
1923 975 2109 1031 habere
2132 987 2343 1046 possint.

229 1205 778 1274 praenotandum.
810 1241 902 1257 —
935 1206 1000 1272 1⁰
1036 1203 1192 1290 Non·
1211 1211 1305 1274 est
1329 1205 1443 1273 hic
1483 1207 1753 1295 quaestio
1792 1207 1873 1276 de
1902 1211 2418 1302 congregationi-³

131 1322 264 1389 bus
303 1341 456 1411 quae
492 1321 590 1388 vel
615 1321 794 1390 nulla
833 1325 1014 1404 vota,
1062 1321 1165 1390 vel
1205 1323 1595 1412 temporaria
1644 1322 1953 1392 duntaxat
1994 1325 2359 1397 emitterent
2398 1350 2415 1393 ε

132 1443 392 1507 certum
435 1439 672 1527 quippe
731 1442 826 1506 est
875 1435 1206 1528 ejusmodi
1259 1437 1875 1528 congregationibus
1936 1440 2153 1511 deesse
2208 1465 2420 1512 unum

129 1573 206 1619 ex
267 1551 714 1621 essentialibus
763 1556 966 1652 status
1015 1550 1327 1641 religiosi,
1373 1551 1653 1642 triplicis
1700 1573 1937 1648 nempe
1983 1559 2421 1628 substantialis
2494 1569 2507 1594 ⁸

130 1669 252 1736 voti
297 1668 827 1759 perpetuitatem.
862 1665 927 1732 2⁰
971 1666 1132 1735 Item
1175 1668 1448 1754 quaestio
1475 1687 1607 1734 non
1643 1673 1737 1737 est
1771 1669 1853 1738 de
1900 1671 2420 1761 congregationi-

131 1785 246 1852 bus
285 1805 448 1873 quae
495 1789 806 1874 perpetua
858 1781 1130 1873 quidem
1191 1789 1336 1851 vota
1395 1782 1719 1873 simplicia
1764 1782 2157 1874 emitterent,
2208 1790 2317 1856 sed
2384 1812 2421 1858 a

133 1897 310 1966 nullo
341 1902 463 1966 rite
501 1898 921 1989 acceptanda3
971 1899 1126 1988 quia
1163 1904 1224 1966 et
1250 1899 1352 1966 hae
1382 1905 1552 1966 certe
1586 1905 1818 1967 ‘carent
1864 1899 2185 1969 essentiali
2222 1911 2421 1972 status

135 2012 422 2102 religiosi
464 2013 858 2083 conditione.
885 2009 1078 2097 Nam,
1125 2018 1198 2080 ut
1237 2031 1434 2104 supra
1472 2012 1561 2104 (p.
1604 2012 1669 2098 1,
1697 2033 1750 2080 s.
1779 2011 1847 2104 2)
1876 2012 2225 2104 probatum
2259 2017 2411 2100 fuit,

133 2127 210 2194 ad
233 2133 440 2195 status
475 2126 769 2216 religiosi
805 2129 1127 2196 rationem
1169 2149 1429 2196 necesse
1464 2133 1581 2208 est,
1630 2134 1705 2196 ut
1745 2148 1983 2196 vovens
2030 2146 2166 2196 sese
2212 2135 2421 2198 totum

2 2261 7 2274 ·
133 2239 256 2311 Deo
275 2241 524 2329 tradat,
555 2243 758 2332 ipsius
783 2242 1038 2311 servitio
1057 2264 1194 2312 sese
1211 2240 1675 2333 mancipando,
1705 2249 1769 2311 et
1790 2248 1865 2311 ut
1893 2242 2131 2334 aliquis
2152 2247 2422 2315 nomine

135 2356 242 2426 Dei
269 2357 700 2426 traditionem
725 2357 896 2426 banc
932 2359 1024 2426 ita
1062 2363 1375 2447 acceptet,
1409 2360 1485 2425 ut
1515 2356 1746 2425 merito
1776 2356 2130 2427 existimari
2158 2362 2361 2449 possit
2388 2383 2425 2429 a

131 2471 256 2542 Deo
275 2475 432 2565 ipso
459 2472 963 2564 acceptationem
992 2471 1173 2541 illam
1201 2479 1407 2540 ratam
1436 2471 1686 2542 haberi.
1716 2470 1799 2542 Et
1828 2473 1968 2543 haec
1996 2475 2267 2564 quidem
2291 2484 2423 2546 tra-

131 2588 290 2658 ditio
325 2595 393 2659 et
437 2589 784 2679 acceptatio
818 2592 1112 2658 censetur
1139 2588 1382 2667 adesse,
1424 2587 1607 2655 verbi
1656 2591 1883 2677 gratia,
1934 2592 2187 2679 quoties
2222 2595 2423 2663 emit-

131 2711 370 2772 tuntur
383 2705 456 2772 in
471 2710 848 2795 perpetuum
857 2701 1434 2772 triasubstantialia
1454 2708 1626 2779 vota,
1648 2704 1713 2766 et
1736 2704 1999 2771 emissio
2024 2705 2167 2773 haec
2187 2719 2423 2775 aucto-

131 2820 348 2886 ritate
403 2819 706 2888 E'cclesioe
765 2823 1169 2909 acceptatur.
1239 2815 1308 2885 3⁰
1398 2813 1575 2881 Hinc
1638 2833 1915 2903 praesens
1976 2818 2244 2903 quaestio
2299 2827 2426 2887 tota

132 2932 418 3001 vertitur
453 2933 622 3003 circa
675 2933 818 3004 illas
863 2931 1423 3022 congregationeS,
1470 2947 1616 3020 quae
1656 2926 1911 2996 duobus
1941 2929 2073 2998 illis
2108 2931 2429 3002 conditio·-

133 3045 339 3116 nibns
367 3069 500 3116 non
539 3056 802 3134 carent3
841 3049 912 3119 id
955 3059 1072 3134 est,
1117 3049 1188 3116 in
1214 3045 1457 3137 quibus
1486 3051 1552 3112 et
1592 3043 2007 3128 emittuntur,
2038 3052 2101 3112 et
2141 3052 2428 3119 auctori-

129 3169 256 3232 tate
303 3163 738 3234 ecclesiastica
807 3166 930 3234 rite
980 3165 1396 3253 acceptantur
1448 3159 1573 3228 tria
1618 3165 1766 3228 vota
1838 3166 2171 3252 perpetua.
2222 3160 2305 3229 Et
2348 3165 2427 3231 de

129 3271 236 3338 his
281 3271 358 3340 in
413 3271 912 3362 praesentiarum
967 3269 1356 3360 exquiritur,
1405 3273 1636 3336 utrum
1686 3287 1725 3334 a
1770 3271 1971 3334 status
2015 3266 2295 3358 religiosi
2332 3291 2429 3338 es-

127 3387 348 3456 sentia
395 3387 724 3474 deficiant,
775 3408 850 3456 ex
901 3407 976 3457 eo
1031 3385 1222 3476 quod
1244 3384 1378 3452 sint
1430 3380 1737 3450 toleratae
1784 3379 2115 3468 duntaxat,
2173 3391 2239 3452 et
2293 3407 2426 3455 non

127 3501 552 3594 appmbatoe.
1880 3513 1889 3524 ·

217 3617 274 3686 1.
321 3618 730 3710 Afferuntur
770 3617 1062 3686 rationes
1101 3637 1250 3707 quae
1281 3609 1593 3694 suadent,
1634 3609 1847 3678 dictas
1888 3613 2429 3700 conqreqaciones

124 3743 360 3798 status
384 3730 686 3821 reliqioat'
722 3715 1002 3799 essentia
1042 3747 1284 3797 carere.
1331 3759 1423 3776 -—-
1466 3724 1529 3792 1⁰
1556 3722 1869 3804 Quamvis
1909 3723 2199 3791 doctores
2240 3743 2431 3791 com-

127 3841 418 3910 munius
437 3843 800 3928 admittant,
829 3843 910 3912 de
920 3841 1079 3932 jure
1099 3839 1326 3909 divino
1345 3835 1775 3908 necessariam
1804 3857 1940 3906 non
1971 3856 2103 3904 esse
2126 3833 2428 3904 Ecclesiae

122 3955 671 4048 approbationem
707 3957 791 4027 ad
823 3955 1354 4028 constituendum
1382 3953 1765 4041 religiosum
1798 3957 2063 4036 statum,
2098 3949 2431 4019 unanimi-

124 4081 228 4146 ter
251 4081 476 4142 tamen
503 4074 766 4144 tradunt
785 4072 1320 4166 approbationem
1349 4070 1546 4153 hanc,
1568 4067 1823 4160 dejure
1846 4066 2073 4136 saltem
2106 4063 2430 4135 ecclesias-

128 4188 294 4270 tico,
321 4190 597 4259 omnino
617 4189 922 4282 requirit
955 4189 1066 4258 sed
1095 4185 1284 4257 dictae
1325 4183 1859 4276 congregationes
1905 4182 2077 4253 hanc
2118 4176 2434 4271 approba-

125 4303 382 4375 tionem
407 4327 544 4374 non
581 4304 856 4390 habent,
902 4307 967 4372 et
1006 4299 1308 4392 quamvis
1341 4300 1721 4380 tolerentur,
1748 4317 1880 4364 non
1908 4303 2125 4364 tamen
2164 4300 2433 4386 possunt

125 4443 296 4492 cum
321 4423 590 4493 veritate
631 4420 766 4492 dici
811 4415 1318 4510 ‹ie-approbatis
1357 4437 1389 4484 -z
1438 4435 1597 4505 ergo
1641 4430 2053 4504 nequaquam
2098 4409 2431 4482 censendae
