2834 4959
358 265 485 322 480
934 266 1273 315 TRACTATUS
1308 266 1389 313 DE
1433 266 1586 315 JURB
1625 266 2048 319 assumamu-

350 399 423 467 in
452 414 647 465 sensu
674 388 1061 469 universali3
1092 389 1177 457 ita
1202 408 1435 477 nempe
1459 394 1532 456 ut
1552 410 1737 459 voces
1776 413 2005 461 rerum
2035 392 2506 484 temporalium
2535 398 2622 465 in-

352 508 619 580 cludant
642 527 743 577 res
776 498 1153 596 temporales
1194 524 1444 590 omnes,
1491 503 1615 572 boc
1661 504 1801 595 ipso
1843 504 2018 596 quod
2063 506 2196 573 sint
2221 508 2620 598 temporales:

354 644 485 694 non
530 627 749 690 autem
800 620 1105 688 duntaxat
1164 640 1263 687 res
1316 620 1700 709 temporales
1749 619 1898 711 fori
1945 618 2312 705 saecularis,
2364 621 2618 692 exclusis

361 729 553 799 rebus
582 725 1043 817 temporalibus
1074 746 1221 815 quas
1258 724 1570 794 dicuntur
1597 723 2078 795 ecclesiasticae.
2106 724 2420 815 Alioquin
2461 730 2620 799 enim

364 844 779 915 ratiocinium
830 840 1241 931 aequivaleret
1308 838 1467 908 huic
1521 839 1779 909 absonae
1845 838 2143 909 formulas
2181 860 2202 909 ε
2257 840 2618 932 incapacitas

368 958 669 1031 dominii,
716 957 787 1025 in
857 956 1172 1046 religiosis
1241 960 1336 1024 est
1378 952 1458 1023 de
1509 952 1704 1023 rebus
1763 976 1941 1024 mere
1987 953 2480 1045 temporalibus,
2529 977 2624 1027 seu

371 1074 453 1147 ad
490 1075 705 1145 forum
750 1071 1067 1163 principis
1104 1069 1606 1161 pertinentibus,
1639 1073 1794 1159 quia
1838 1075 1932 1139 est
1973 1069 2051 1137 de
2097 1068 2296 1137 rebus
2329 1076 2624 1161 tempora-

371 1190 546 1261 libus
586 1187 709 1257 [οι-ἱ
750 1185 1085 1277 principis.
1132 1182 1304 1273 Ergo
1336 1182 1398 1249 1⁰
1431 1186 1602 1251 tenet
1631 1202 1859 1251 revera
1897 1180 2310 1251 Reverendus
2350 1182 2628 1251 dominus

373 1300 663 1371 Cart-iere
706 1296 1081 1387 opinionem
1118 1315 1319 1385 quam
1372 1292 1499 1383 ipsi
1549 1292 1952 1362 tribuimus:
2009 1300 2374 1383 propugnat
2419 1314 2631 1385 nempe

376 1422 683 1505 tanquam
740 1410 1166 1504 probabilius,
1226 1408 1307 1477 ad
1366 1406 1742 1477 saecularem
1797 1413 2172 1499 potestatem
2217 1407 2524 1499 pertinere
2569 1415 2632 1476 ut

374 1536 610 1600 statuat
661 1528 740 1595 de
787 1525 865 1595 iis
910 1523 1239 1611 omnibus,
1298 1543 1445 1612 quae
1491 1523 1850 1615 respiciunt
1899 1524 2257 1592 dominium
2301 1530 2363 1590 et
2401 1542 2630 1611 posses-

380 1644 633 1713 sionem
676 1660 899 1710 rerum
942 1638 1397 1729 temporalium
1427 1636 1915 1729 quarumlibet,
1947 1637 2144 1707 nullis
2173 1639 2454 1729 exceptis.

472 1759 540 1827 2⁰
572 1756 855 1826 Erronea
886 1758 980 1823 est
1006 1754 1231 1845 opinio
1270 1752 1410 1833 illa,
1449 1760 1642 1842 atque
1685 1753 1954 1822 omnino
2001 1752 2420 1844 reprobanda.
2451 1750 2631 1833 Nam,

376 1873 637 1965 prim0,
690 1876 941 1939 certum
968 1876 1063 1937 est
1108 1864 1465 1937 Ecclesiam
1507 1888 1584 1936 ex
1623 1867 1771 1957 jure
1809 1867 2068 1959 proprio
2117 1867 2437 1956 possidere
2477 1888 2639 1958 posse

384 1989 557 2059 bona
604 1983 1006 2076 temporalia,
1067 1983 1249 2052 verbi
1318 1983 1550 2072 gratia,
1605 1983 1939 2075 pecunias,
1997 2004 2214 2071 agros,
2280 1982 2534 2052 aedificia
2587 1988 2642 2051 et

392 2102 791 2191 hujusmodi.
848 2101 1063 2189 Atque
1108 2100 1263 2169 item
1316 2104 1570 2167 certum
1618 2104 1735 2183 est,
1769 2119 1904 2168 non
1945 2098 2026 2167 ad
2065 2104 2433 2189 potestatem
2463 2118 2641 2167 saecu·

393 2218 620 2298 larem,
670 2214 781 2283 sed
822 2213 903 2282 ad
950 2211 1303 2282 Ecclesiam
1344 2212 1664 2282 exclusive
1709 2214 2048 2305 pertinere,
2081 2218 2154 2281 ut
2199 2218 2434 2283 statuat
2473 2212 2545 2281 de
2577 2212 2644 2281 iis

398 2352 546 2420 quae
588 2327 944 2418 respiciunt
984 2325 1303 2416 eiusmodi
1350 2326 1680 2396 bonorum
1715 2327 2174 2419 temporalium
2218 2328 2572 2398 dominium
2597 2332 2647 2395 et

401 2443 889 2537 possessionem.
952 2440 1091 2509 Imo
1134 2446 1389 2511 certum
1448 2449 1544 2511 est
1579 2444 1960 2513 saecularem
2007 2451 2386 2535 potestatem
2427 2446 2492 2513 in
2529 2462 2648 2512 cen-

400 2580 583 2631 suras
624 2558 964 2627 canonicas
997 2557 1435 2640 incursuram,
1483 2560 1538 2627 si
1557 2558 1638 2628 de
1677 2559 1868 2630 rebus
1912 2558 2042 2630 illis
2081 2558 2557 2651 temporalibus,
2579 2558 2648 2625 ad

406 2672 763 2745 Ecclesiam
812 2669 1307 2763 pertinentibus,
1360 2673 1703 2764 disponere
1759 2682 1872 2743 aut
1921 2674 2282 2765 quidquam
2341 2674 2651 2743 decernere

409 2794 762 2862 attentaret.
815 2788 979 2878 Hoc,
1036 2789 1333 2880 inquam,
1386 2789 1544 2859 adeo
1589 2797 1844 2860 certum
1879 2797 1996 2872 est,
2052 2798 2128 2860 ut
2161 2812 2201 2860 a
2245 2790 2538 2860 doctrina
2573 2807 2654 2855 ca·

406 2909 645 2979 tholica
714 2906 1021 2977 excidisse
1084 2908 1446 2977 censendus
1499 2908 1583 2978 sit
1631 2911 1746 2999 qui
1815 2909 1884 2978 id
1956 2911 2029 2979 in
2077 2908 2360 2980 dubium
2419 2910 2651 2987 revocat,

406 3034 601 3120 prout
648 3026 801 3095 alibi
854 3045 1011 3093 suus
1063 3025 1185 3093 erit
1240 3026 1561 3116 probandi
1629 3026 1835 3098 locus.
1877 3027 2002 3098 Hic
2051 3028 2364 3097 duntaxat
2425 3027 2654 3095 adnota-

416 3142 629 3211 bimus
694 3139 1084 3231 Jamdudum
1148 3139 1528 3209 damnatam
1597 3142 1788 3211 fuisse
1835 3144 2225 3213 contrariam
2279 3144 2653 3234 opinionem,

414 3278 567 3348 qua,
586 3256 961 3347 temporalia
986 3255 1309 3327 Ecclesiae·
1334 3256 1504 3327 bona
1539 3259 1864 3329 saecularis
1898 3260 2222 3351 potestatis
2249 3234 2658 3351 jurisdictioni

418 3374 707 3464 subjecta
760 3372 1166 3441 dicebantur.
1220 3372 1478 3443 Etenim
1529 3374 1622 3444 sic
1671 3396 1962 3466 expresse
2011 3396 2298 3446 errorem
2355 3376 2536 3443 hunc
2583 3390 2659 3438 re·

420 3486 714 3583 probavit
752 3484 1030 3557 Joannes
1062 3487 1279 3571 XXII,
1334 3490 1793 3559 constitutione
1833 3489 1918 3561 23
1967 3490 2248 3561 octobris
2299 3489 2520 3559 1327:
2573 3483 2662 3557 Ni·

418 3614 659 3673 cuntur
700 3600 1107 3694 concludere,
1125 3604 1405 3694 pra-fati
1447 3604 1582 3673 viri
1634 3606 1898 3698 reprobi
1939 3608 2202 3697 (nempe
2247 3605 2568 3676 Mal-silius
2605 3598 2664 3665 de

422 3716 639 3787 Padua
678 3722 749 3787 et
764 3715 1041 3786 Joannes
1070 3714 1465 3811 Jandunus),
1509 3718 1687 3811 quod
1709 3721 1937 3791 omnia
1968 3721 2368 3813 temporalia
2395 3712 2666 3788 Ecclesia

418 3831 701 3902 subsunt
737 3830 1153 3923 imperatori,
1175 3844 1262 3901 et·
1289 3855 1368 3901 ea
1390 3844 1611 3924 potest
1639 3835 1927 3927 accipere
1959 3836 2140 3905 velut
2179 3856 2328 3905 sua.
2391 3828 2666 3901 Videntur

426 3947 603 4017 enim
614 3966 1006 4039 supponere,
1023 3945 1325 4038 quod,ex
1348 3948 1470 4017 hoc
1505 3948 1684 4039 quod
1711 3950 2011 4020 Christus
2052 3950 2384 4019 tributum
2407 3942 2668 4016 solvites

420 4061 659 4149 debito,
690 4082 791 4130 res
823 4061 1219 4152 temporales
1242 4063 1385 4154 ejus
1429 4060 1820 4153 imperatori
1841 4066 2215 4149 subessent;
2241 4076 2308 4133 ec
2331 4084 2450 4154 per
2475 4072 2668 4127 conse-

423 4198 652 4269 quens,
671 4175 852 4268 quod
870 4198 973 4247 res
990 4178 1310 4249 Ecclesia·
1332 4179 1729 4270 temporales
1745 4179 1884 4249 sint
1901 4179 2296 4274 imperatori
2309 4177 2619 4267 subjectoe.
2631 4214 2664 4231 .-

425 4288 634 4359 Nullo
662 4285 857 4356 modo
884 4300 1107 4381 potest
1138 4288 1467 4379 concludi,
1502 4286 1686 4381 quod
1706 4312 1810 4361 res
1841 4290 2114 4377 Christi,
2147 4290 2380 4383 quales
2403 4293 2553 4355 sunt
2591 4292 2670 4343 res
