2834 4959
395 275 466 331 31
483 274 519 329 2
974 279 1314 330 TRAGTATUS
1361 281 1441 326 DE
1476 279 1626 327 mar.
1672 279 2089 328 REGULARIUM.

389 405 668 472 toleratis
701 402 825 494 (1),
855 409 1104 472 certum
1143 407 1240 470 est
1279 421 1425 470 eam
1458 421 1495 469 a
1522 401 1804 492 religiosi
1847 407 2045 470 status
2070 403 2319 471 ratione
2356 401 2693 472 deficere.

391 519 459 586 4⁰
517 516 588 587 Si
631 516 1058 607 Congregatio
1104 516 1189 586 sit
1225 515 1306 584 de
1359 513 1751 606 approbatis,
1805 520 1870 583 et
1913 516 1984 582 in
2034 535 2110 584 ea
2157 516 2227 583 in
2276 523 2699 608 perpetuum

387 635 770 704 emittantur
819 653 895 702 ac
937 632 1060 700 rite
1096 636 1509 722 acceptentur
1556 631 1677 700 tria
1722 637 1869 700 vota
1917 630 2263 722 simplicia,
2313 637 2539 702 status
2600 655 2699 703 re·

267 737 274 742 ’
386 749 603 839 ligiosi
641 748 982 816 essentiam
1021 750 1196 816 certo
1227 744 1444 814 habet.
1495 743 1607 814 Est
1640 745 1908 837 proinde
1946 747 2361 837 congregatio
2390 749 2695 839 proprie

387 864 723 956 reliqiosa.
769 860 918 930 Non
955 866 1050 931 est
1081 866 1300 929 tamen
1338 859 1579 952 reliqio
1618 860 1955 950 formaliS,
2004 881 2117 929 seu
2159 861 2404 952 reliqio
2444 862 2689 931 stricte

387 989 685 1071 sumpta,
734 985 1050 1067 quatenus
1099 973 1659 1051 denominationes
1700 974 1829 1044 iliae
1876 974 2289 1063 designandis
2324 975 2681 1060 institutis,

389 1115 544 1162 cum
611 1098 915 1160 votorum
974 1088 1376 1160 solemnitate
1448 1090 1842 1180 approbatis,
1900 1090 2176 1180 propriae
2234 1090 2419 1159 factae
2490 1095 2679 1158 sunt.

390 1209 456 1276 5⁰
504 1205 795 1276 Tandem
835 1203 892 1272 si
929 1225 1003 1273 ex
1051 1205 1341 1273 instituto
1383 1204 1735 1273 emittenda
1768 1205 1899 1274 sint
1934 1205 2315 1273 solemniter
2348 1204 2477 1273 tria
2507 1205 2685 1273 sub·

389 1322 706 1392 stantialis
753 1326 920 1404 vota,
969 1324 1033 1388 et
1079 1320 1451 1388 institutum
1491 1318 1657 1387 illud
1705 1319 1881 1389 sedes
1924 1319 2295 1410 Apostolica
2341 1321 2683 1412 approba·
2785 1397 2786 1402 ,

389 1439 575 1522 verit,
640 1455 772 1504 non
829 1440 1086 1504 tantum
1135 1434 1311 1504 adest
1364 1439 1561 1502 status
1618 1432 1904 1523 religiosi
1960 1436 2255 1519 essentia,
2322 1435 2429 1504 sed
2482 1437 2679 1525 ejus-

389 1553 565 1621 modi
645 1551 916 1620 societas
985 1548 1414 1639 religionibus
1470 1545 1851 1618 formalibus
1875 1602 1895 1634 ,
1968 1569 2083 1619 seu
2154 1551 2361 1620 stricte
2418 1551 2619 1620 dictis
2644 1602 2669 1630 ,
2785 1587 2786 1592 =

389 1666 784 1736 accensenda
827 1670 942 1734 est.
979 1663 1162 1748 Haec,
1208 1664 1511 1755 inquam,
1555 1687 1634 1734 ex
1664 1684 1857 1756 supra
1893 1664 2186 1736 deductis
2224 1671 2430 1756 aperte
2467 1663 2669 1734 colli-

390 1786 662 1870 guntur.
2785 1877 2786 1880 Ἴ

480 1896 566 1965 At
600 1917 752 1966 vero
781 1896 1170 1968 intervenire
1207 1902 1480 1992 possunt
1513 1897 2025 1988 extraordinariae
2056 1897 2352 1988 quaedam
2376 1895 2674 1966 circum·
2785 1933 2786 1938 ,

391 2013 641 2110 stantiae
697 2033 844 2102 quae
899 2013 1181 2083 dubium
1233 2013 1494 2094 faciant,
1549 2034 1715 2081 num
1761 2012 1997 2102 adsint,
2047 2013 2149 2080 vel
2204 2011 2475 2081 sublatae
2518 2012 2665 2078 fue-
2785 2057 2786 2096 3

391 2125 524 2193 rint
577 2125 770 2194 variae
833 2127 1228 2197 conditiones
1299 2127 1380 2197 ad
1440 2128 1951 2198 constituendam
2009 2147 2541 2218 unamquamque
2590 2145 2665 2192 ex

393 2238 786 2307 enumeratis
837 2239 1172 2330 speciebus
1209 2241 1555 2330 requisiiae.
1598 2231 1897 2335 Exempli
1924 2242 2150 2332 gratia,
2194 2240 2496 2330 quamvis
2534 2237 2663 2308 Do·
2785 2245 2786 2328 ζ

393 2354 878 2422 minicanorum
926 2354 1294 2424 institutum
1343 2363 1515 2425 certo
1561 2356 1761 2426 fuerit
1812 2379 1851 2427 a
1902 2357 2048 2426 sede
2091 2333 2463 2448 Apos‘tolica
2506 2375 2653 2424 cum

397 2471 558 2537 votis
615 2469 1014 2540 solemnibus
1069 2469 1526 2562 approbatum,
1586 2473 1866 2542 dubium
1918 2474 2166 2541 moveri
2210 2478 2437 2562 potest,
2501 2490 2657 2539 num

397 2583 848 2674 religiosorum
901 2584 1170 2656 illorum
1226 2593 1370 2657 vota
1435 2589 1507 2657 in
1570 2588 1795 2660 Galliis
1853 2591 2083 2660 emissa
2135 2611 2287 2660 vere
2355 2589 2655 2659 solemnia

393 2703 569 2785 sint3
623 2701 706 2770 ob
760 2700 1259 2795 legem-nempe
1309 2705 1597 2788 civilem,
1656 2706 2145 2798 incapacitatem
2198 2707 2470 2777 dominii
2530 2725 2651 2773 non

393 2823 867 2908 agnoscentem.
952 2815 1198 2888 Pariter
1219 2873 1240 2905 ,
1309 2822 1734 2911 quantumvis
1798 2828 2048 2892 cerium
2116 2823 2197 2892 sit
2270 2821 2647 2890 monialium

398 2933 640 3022 absque
683 2931 982 3002 clausura
1029 2933 1408 3025 degentium
1448 2938 1999 3028 congregationes,
2054 2938 2248 3006 fuisse
2287 2935 2651 3030 prohibitas,

397 3045 664 3117 fuerunt
704 3054 922 3118 tamen
977 3048 1386 3140 postmodum
1435 3053 1747 3130 toleratae,
1771 3061 1835 3123 et
1878 3053 2231 3124 hodiedum
2274 3051 2650 3131 tolerantur;
2785 3067 2786 3102 ὲ

399 3165 485 3231 ita
523 3171 595 3231 ut
645 3163 1104 3254 approbatione
1150 3172 1431 3253 careant,
1474 3175 1537 3238 et
1580 3177 1799 3239 tamen
1846 3169 2017 3238 licite
2062 3170 2356 3239 existant.
2402 3165 2488 3236 Ex
2528 3183 2651 3254 quo
2785 3159 2786 3168 ’

403 3281 628 3364 sponte
674 3278 926 3367 exurgit
977 3276 1347 3363 difficultas,
1403 3302 1485 3350 an
1532 3283 1853 3372 ejusmodi
1898 3281 2282 3352 monialium
2326 3298 2655 3370 congrega·

403 3390 609 3458 tiones
657 3396 854 3462 status
899 3394 1186 3486 religiosi
1231 3398 1574 3466 essentiam
1622 3399 1871 3489 possint
1918 3418 2121 3468 necne
2170 3397 2425 3466 babere.
2478 3395 2645 3472 item,

403 3505 552 3574 dato
599 3506 854 3599 aliquod
899 3509 1264 3579 institutum
1319 3531 1453 3581 esse
1504 3535 1723 3583 veram
1774 3520 1836 3581 et
1886 3513 2103 3582 stricte
2146 3518 2473 3603 sumptam
2514 3507 2647 3578 reli·

397 3622 694 3712 gionem,
739 3625 796 3692 si
831 3626 1054 3694 omnia
1091 3626 1296 3717 ipsius
1331 3629 1627 3700 membra
1652 3651 1690 3698 e
1732 3630 1867 3699 suis
1896 3627 2319 3698 conventibus
2353 3628 2419 3694 vi
2456 3621 2649 3714 expel-

401 3738 625 3808 lantur
663 3747 728 3808 et
767 3761 1288 3829 quaquaversum
1326 3743 1802 3834 dispergantur,
1849 3743 2125 3813 dubium
2162 3742 2473 3822 occurrit,
2512 3755 2649 3808 num
2785 3769 2786 3772 ¹

404 3851 564 3922 ordo
615 3853 726 3922 ille
774 3855 848 3923 in
895 3875 1012 3924 sua
1061 3857 1272 3946 specie
1335 3878 1713 3948 permanere
1760 3857 2118 3928 censendus
2176 3857 2283 3938 sit,
2335 3878 2491 3926 cum
2541 3854 2651 3923 suis

467 4081 530 4144 (i)
564 4080 676 4132 Mox
699 4081 984 4134 videbimus
1019 4081 1130 4134 dari
1161 4087 1569 4148 congregationes
1596 4083 1837 4136 toleratas
1865 4087 2098 4149 quamvis
2120 4097 2227 4137 non
2248 4083 2560 4148 approbatas.
2584 4077 2645 4128 An

407 4177 580 4224 autem
599 4181 717 4220 cum
735 4170 831 4222 hac
847 4184 988 4224 mera
1009 4170 1277 4226 tolerantia
1297 4179 1434 4228 stare
1454 4179 1615 4242 possit
1638 4181 1800 4228 status
1814 4177 2012 4238 proprie
2031 4174 2308 4238 religiosus,
2326 4186 2431 4224 non
2448 4169 2651 4224 obstante

359 4329 368 4338 ·
411 4259 784 4323 approbationis
831 4261 1047 4324 defectu,
1076 4263 1206 4314 inira
1237 4264 1557 4328 expenditur.
1594 4263 1658 4316 Et
1688 4277 1753 4317 ue
1778 4263 1899 4316 huic
1924 4265 2189 4328 quaestioni
2220 4261 2647 4346 proejudicaremufl.

409 4345 696 4400 addidimus
723 4345 823 4409 hic,
849 4363 936 4400 nec
963 4351 1214 4404 toleratis.
