2834 4959
1086 325 1234 372 PARS
1269 325 1465 374 PRIMA
1474 354 1485 368 ·
2394 323 2427 376 7

165 465 224 514 eo
243 448 410 512 statu
445 465 564 533 per
593 442 762 512 solas
809 445 980 512 vires
1023 445 1348 514 naturales
1377 473 1396 534 ;
1431 445 1605 513 unde
1644 450 1709 513 et
1753 451 1955 514 status
1996 448 2234 536 peccati
2292 469 2431 517 ser-

157 561 310 627 vitus
335 559 558 627 vocari
585 558 772 628 solet.
801 557 958 627 ltem
995 559 1065 626 in
1093 571 1282 628 statu
1327 561 1571 652 qratioe
1596 581 1731 629 non
1773 562 1945 630 deest
1970 562 2193 652 aliqua
2236 583 2429 634 causa

155 673 666 764 permanentiam
701 673 1018 744 inducens
1049 700 1066 742 z
1107 701 1142 742 α
1165 675 1352 746 Hanc
1401 683 1617 746 autem
1650 677 2161 768 permanentiam
2197 685 2261 746 et
2292 685 2429 748 sta-

161 813 196 854 ι
219 789 526 859 bilitatem
583 791 724 880 ipsa
763 790 994 879 gratia,
1043 797 1362 882 quantum
1417 813 1493 861 ex
1535 811 1603 860 ae
1648 797 1765 876 est,
1798 811 2015 860 secum
2069 791 2253 860 affert
2306 817 2324 862 ε
2364 800 2429 862 et

162 930 196 969 α
221 903 386 989 ideo,
434 905 586 974 licet
653 925 730 973 ex
785 904 1078 974 libertate
1145 910 1212 974 et
1287 906 1630 996 fragilitate
1710 905 1999 974 bominis
2056 906 2425 997 frequenter

163 1045 198 1085 α
221 1021 564 1101 amittatur,
603 1015 1040 1090 nihilominus
1074 1022 1410 1111 proprium
1444 1025 1683 1090 statum
1724 1021 1899 1112 apud
1932 1019 2143 1092 Deum
2183 1024 2427 1092 consti-

168 1161 203 1198 α
229 1134 348 1203 tuit
374 1161 393 1220 ;
423 1137 578 1225 quia
619 1137 824 1224 gratia
875 1137 1012 1226 ipsa
1050 1143 1142 1204 est
1175 1157 1561 1228 permanens
1594 1157 1816 1218 causa,
1846 1145 1911 1208 et
1950 1138 2029 1207 de
2067 1138 2429 1208 sefirmita-

173 1277 208 1316 α
235 1260 344 1320 tem
369 1258 430 1321 et
462 1251 881 1321 stabilitatem
915 1271 1137 1320 secum
1162 1253 1342 1320 affert
1362 1275 1398 1318 ³>
1446 1253 1736 1343 (Suarez,
1780 1253 1923 1324 loco
1968 1253 2207 1344 citato).
2240 1253 2419 1324 idem

161 1365 486 1436 dicendum
515 1367 606 1434 de
627 1377 814 1434 statu
841 1365 1145 1457 requlari
1167 1387 1191 1434 .·
1228 1372 1370 1435 vota
1407 1367 1583 1436 enim
1612 1376 1676 1444 et
1702 1368 2007 1460 professio
2032 1367 2274 1459 quibus
2303 1368 2413 1438 ille

153 1487 334 1550 status
389 1481 758 1567 inducitur,
801 1481 1140 1552 bominem
1167 1482 1237 1550 in
1277 1503 1378 1566 eo,
1411 1485 1477 1551 vi
1506 1483 1945 1572 permanentis
1990 1483 2267 1568 vinculi,
2312 1485 2425 1554 de·

155 1597 364 1666 tinent.
393 1595 466 1666 ln
496 1603 958 1666 statu-autem
987 1597 1314 1683 saeculari,
1349 1599 1667 1670 naturalis
1715 1620 1899 1670 amor
1922 1599 2233 1668 libertatis
2262 1621 2419 1690 pro-

157 1712 300 1800 priae
335 1713 410 1781 de
431 1735 502 1783 se
555 1712 900 1783 hominem
949 1711 1224 1803 impellit
1245 1714 1326 1782 ad
1379 1715 1893 1804 permanendum
1944 1716 2014 1783 in
2042 1736 2143 1802 ea,
2193 1699 2413 1800 idest,

161 1823 232 1889 ad
261 1827 730 1896 remanendum
770 1827 840 1895 in
866 1833 1032 1896 statu
1079 1827 1400 1913 saeculari,
1460 1834 1522 1896 et
1548 1831 1629 1898 ad
1680 1829 2069 1917 fugiendum
2108 1829 2423 1916 religiosae

171 1941 302 2011 vitae
337 1947 588 2036 jugum.
640 1945 724 2014 In
775 1956 958 2014 statu
993 1946 1338 2038 conjuqali
1403 1947 1589 2018 facile
1636 1949 2023 2039 perspicitur
2066 1947 2423 2017 stabilitatis

169 2077 348 2146 causa,
411 2063 766 2132 vinculum
829 2083 1064 2153 nempe
1125 2061 1625 2143 matrimoniale,
1681 2063 2139 2153 obligationem
2196 2081 2423 2152 peren-

155 2193 288 2241 nem
313 2175 653 2246 inducens.
681 2179 919 2246 Status
939 2185 1160 2248 autem
1191 2177 1603 2268 virqinitatis
1624 2185 1687 2248 et
1719 2177 2069 2248 viduitatis
2096 2177 2247 2246 tales
2274 2197 2423 2268 pro·
2538 2231 2542 2236 -

151 2289 282 2372 prie
331 2312 462 2359 non
511 2298 690 2379 sunt,
745 2292 980 2360 nisiex
1029 2293 1247 2382 aliquo
1296 2299 1445 2364 voto
1488 2292 1693 2364 aliave
1729 2293 1809 2362 de
1846 2313 2065 2381 causa,
2114 2293 2421 2362 stabilitas

151 2405 437 2490 quaedam
461 2405 837 2476 inducatur.
889 2407 1019 2488 Qui
1045 2407 1224 2476 enim
1253 2429 1290 2474 a
1318 2408 1755 2478 contrahendo
1801 2407 2212 2476 matrimonio
2241 2407 2422 2476 nulla

151 2516 530 2608 obligatione
581 2528 692 2590 aut
755 2521 1128 2592 difficultate
1194 2525 1572 2609 deterretur,
1651 2523 1908 2592 stabilis
1970 2523 2045 2592 in
2114 2522 2421 2592 coelibatu

157 2631 364 2702 stricte
407 2635 536 2704 dici
575 2639 817 2727 nequit.
871 2635 954 2706 Et
1006 2640 1104 2734 sic
1161 2638 1595 2728 percurrendo
1648 2639 1856 2708 varias
1909 2638 2053 2709 illas
2110 2638 2423 2707 conditio-

162 2764 300 2825 nes»,
348 2771 456 2818 seu
501 2751 700 2821 varios
724 2751 868 2822 illos
912 2753 1220 2821 existendi
1274 2760 1385 2822 aut
1422 2753 1675 2822 vivendi
1734 2753 1980 2836 modos,
2032 2755 2151 2844 qui
2198 2763 2419 2822 status

155 2867 481 2951 vocantur,
537 2869 909 2958 reperietur,
963 2874 1075 2936 aut
1122 2869 1337 2938 adesse
1403 2891 1753 2959 perennem
1823 2870 2113 2960 aliquam
2155 2889 2415 2938 causam

156 2977 224 3044 in
245 2977 326 3046 iis
349 2984 786 3072 permanendi,
816 2992 928 3052 aut
971 2986 1184 3052 stricte
1227 2994 1446 3052 status
1491 2983 1623 3054 dici
1646 3005 1778 3053 non
1809 3007 2011 3076 posse.

235 3091 602 3168 Pnorosm'o
645 3097 749 3167 11¹.
802 3137 893 3151 —
947 3099 1058 3168 Ad
1097 3101 1448 3169 essentiam
1488 3111 1708 3169 status
1756 3122 1891 3168 non
1926 3100 2291 3192 requiritur
2336 3113 2416 3168 ut

157 3229 343 3278 causa
375 3214 446 3282 in
490 3237 564 3284 eo
585 3215 1028 3306 permanendi
1053 3216 1144 3286 sit
1168 3217 1400 3307 aliqua
1422 3217 1703 3309 proprie
1727 3215 1906 3286 dicta
1934 3215 2285 3308 obliqatiO.
2324 3253 2417 3269 —

159 3321 452 3398 Probatur
473 3331 660 3400 facile
677 3331 970 3423 exemplo
993 3339 1192 3402 status
1213 3332 1561 3402 saecularis,
1582 3331 1781 3402 Nulla
1800 3334 1979 3401 enim
2008 3332 2218 3402 existit
2234 3331 2414 3402 obli-

153 3443 312 3528 gatio
345 3443 416 3512 in
465 3467 544 3514 eo
585 3447 1060 3537 permanendi3
1097 3447 1206 3516 sed
1235 3469 1270 3514 e
1317 3455 1541 3516 contra
1583 3446 1995 3517 laudabiliter
2038 3455 2241 3539 potest
2266 3448 2414 3537 quis

151 3573 183 3620 e
205 3564 360 3628 statu
381 3562 677 3631 saeculari
699 3561 778 3630 ad
797 3569 1032 3632 statum
1065 3563 1445 3652 religiosum
1478 3565 1784 3654 migrare.

225 3669 600 3744 Prorosmo
619 3675 752 3744 111².
769 3715 860 3730 -
873 3676 983 3746 Ad
989 3679 1346 3746 essentiam
1359 3689 1579 3747 status
1593 3678 1841 3771 sufficit
1854 3679 2167 3772 quaelibet
2180 3697 2411 3758 causa,

150 3806 282 3874 quoe
301 3787 380 3859 de
422 3813 492 3859 se
529 3803 698 3884 apta
718 3791 809 3862 sit
849 3791 942 3862 ad
979 3774 1421 3863 inducendam
1444 3794 1735 3864 hominis
1772 3797 1847 3864 in
1888 3795 2112 3886 aliquo
2150 3789 2418 3860 vivendi

151 3903 324 3974 modo
349 3907 917 3998 permanentiam.
953 3945 1044 3962 —
1073 3908 1204 3990 Qui
1251 3911 1433 3979 enim
1480 3910 1765 4002 aliquem
1812 3909 2067 3980 vivendi
2117 3906 2409 3992 modum,

147 4039 265 4086 non
291 4027 544 4090 tantum
574 4031 911 4116 usurpant,
942 4024 1052 4094 sed
1075 4024 1144 4092 vi
1184 4031 1249 4094 et
1272 4025 1523 4096 influxu
1562 4026 1867 4119 perennis
1896 4020 2171 4114 alicujus
2207 4045 2415 4094 causae

149 4132 206 4202 in
238 4137 729 4226 eodetinentur,
779 4161 1000 4210 revera
1027 4153 1208 4210 stare
1243 4144 1316 4212 in
1354 4163 1433 4213 eo
1479 4143 1608 4214 dici
1656 4147 1947 4235 possunt.
1990 4139 2075 4210 Et
2118 4141 2415 4233 quamvis

148 4243 420 4320 libertate
451 4271 588 4322 non
629 4263 885 4325 careant
922 4253 1006 4325 ab
1030 4277 1108 4326 eo
1139 4262 1306 4326 statu
1349 4244 1717 4342 recedendi,
1760 4263 1979 4326 tamen
2031 4255 2117 4326 ob
2166 4257 2409 4326 dictam

83 4388 118 4451 ο
149 4383 392 4438 mnam
443 4389 552 4439 eos
599 4370 682 4440 ad
722 4371 1238 4464 permanendum
1287 4373 1729 4462 inducentem,
1768 4373 2078 4446 moralem
2128 4371 2412 4465 aliquam
