2834 4959
374 319 503 376 ἏΗ)
948 321 1287 372 ΤΒΑΕΤΔΤΙῙΒ
1330 323 1413 370 DE
1457 323 1606 371 sm
1651 323 2066 370 menmium.

465 449 537 515 19.
554 451 761 515 Facta
774 445 989 536 paulo
1010 445 1424 535 antiquiora,
1455 465 1603 546 qua·
1625 443 1818 513 dicta
1843 441 2338 512 consuetudinis
2363 440 2647 511 initium

368 560 646 654 aliquod
695 560 999 631 eoekibere
1046 559 1382 629 videntur.
1440 597 1531 612 —-
1562 558 2232 658 Sanctam-loannem
2287 557 2618 628 Valesiani
2659 600 2664 608 ·

367 679 611 766 absque
650 675 911 743 licentia
954 674 1322 766 Apostolica
1348 695 1544 744 suum
1571 675 1940 742 institutum
1970 675 2330 760 incoepisse,
2377 693 2526 740 cum
2553 670 2648 739 li-

364 794 573 869 nentia
594 789 944 872 ordinarii,
992 791 1143 858 satis
1172 789 1389 858 innuit
1416 791 1555 879 ipsa
1578 787 1756 855 bulla
1781 787 2262 878 approbationis
2291 787 2648 855 Alemndri

362 907 463 978 vl
520 927 597 974 ea
651 927 841 996 quae,.
882 903 1105 973 idibus
1144 904 1452 974 februarii
1513 903 1710 984 1501,
1757 903 1969 971 relata¹
1983 901 2160 994 apud
2220 892 2642 988 Rainaldum,

362 1041 534 1090 anno
566 1021 765 1108 1501,
800 1020 997 1110 524.
1034 1049 1067 1070 .-

450 1139 530 1206 In
560 1139 1015 1206 constitutione
1040 1132 1502 1221 Sacrosancti,
1527 1131 1570 1202 8
1591 1132 1876 1224 januarii
1903 1131 2100 1220 1666,
2128 1132 2496 1200 Alexander
2521 1131 2648 1202 Vn

360 1253 705 1323 coufirmat
744 1259 808 1318 et
843 1249 1157 1342 approbat
1194 1247 1508 1319 moniales
1556 1247 2030 1337 hospitalarias,
2061 1245 2214 1336 'quae
2239 1247 2370 1315 sub
2415 1249 2646 1337 regula
2717 1274 2746 1302 a
2792 1323 2793 1340 ἦ

358 1368 431 1439 S.
460 1367 836 1459 Augustini,
865 1368 933 1433 in
958 1364 1220 1434 dioecesi
1238 1361 1693 1449 Andegavensi
1716 1363 2008 1453 primum
2032 1363 2338 1430 iustitutae
2362 1362 2646 1446 fueraut,

356 1483 421 1546 et
438 1473 649 1543 multa
692 1475 763 1538 in
795 1474 933 1540 loca
977 1470 1277 1561 deinceps
1306 1469 1489 1537 novis
1527 1467 1756 1536 erectis
1785 1469 2220 1556 monasteriis,
2247 1477 2642 1559 propagatae.

356 1587 562 1660 Porro
591 1591 658 1655 in
694 1587 872 1656 bulla
914 1589 1053 1676 ipsa
1088 1607 1379 1675 expresse
1410 1583 1708 1669 babetur,
1739 1583 2030 1673 primum
2067 1584 2530 1654 monasterium
2561 1586 2653 1654 de

358 1703 635 1773 licentia
662 1715 727 1770 et
762 1700 1249 1794 approbatione
1310 1697 1671 1768 ordinarii
1709 1697 2204 1791 Andeqavensis
2227 1700 2414 1769 tuisse
2445 1720 2646 1769 erec-

356 1821 501 1886 tum
538 1824 601 1884 et
639 1817 985 1886 fundatum
1016 1838 1033 1898 ;
1078 1822 1141 1884 et
1178 1816 1420 1906 pariter
1460 1821 1687 1884 caetera
1713 1816 2105 1894 monasteria
2139 1817 2210 1884 in
2235 1816 2376 1883 aliis
2403 1813 2652 1886 dioece-
2686 1831 2700 1840 ·

352 1929 533 2001 sibus
585 1931 663 2000 de
706 1931 915 2000 simili
964 1930 1229 1999 licentia
1279 1935 1490 1998 erecta
1533 1929 1752 1999 fuisse.
1802 1928 1896 1998 De
1932 1930 2192 1999 licentia
2219 1938 2436 1998 autem
2475 1933 2652 2001 sedis

352 2045 744 2137 Apostolicae
788 2046 969 2114 nulla
1009 2045 1081 2112 fit
1122 2046 1411 2133 menti03
1461 2065 1606 2134 quae
1637 2049 1882 2126 tamen,
1917 2045 1972 2112 si
2002 2045 2474 2134 intervenisset,
2511 2068 2650 2116 non

350 2159 574 2227 fuisset
610 2160 860 2227 silentio
891 2161 1342 2248 praetermissa.

443 2271 697 2340 Erectio
732 2277 793 2338 et
837 2273 1050 2361 prima
1106 2271 1482 2362 approbatio
1534 2274 2078 2361 congregationis,
2129 2277 2452 2343 Sororum
2477 2299 2526 2344 a
2571 2279 2643 2344 S.

351 2387 631 2478 Iosepho
660 2393 1074 2477 nuncupatae,
1103 2385 1261 2476 facta
1289 2392 1383 2454 est
1416 2387 1499 2455 ab
1530 2386 1859 2456 Aniciensi
1889 2387 2208 2482 Episcopo
2240 2391 2319 2459 de
2349 2391 2648 2484 Maupas,

350 2501 583 2570 litteris
626 2501 712 2570 23
756 2499 1137 2591 septembris
1179 2501 1377 2586 1661,
1425 2502 1665 2593 absque
1712 2502 1845 2572 ulla
1874 2505 2198 2573 mentione
2248 2506 2327 2574 de
2383 2507 2652 2576 obtenta
2792 2547 2793 2566 κ

350 2616 523 2686 sedis
548 2617 931 2706 Apostolicae
958 2615 1240 2685 lieentia.
1296 2614 1373 2684 In
1402 2617 1528 2686 hac
1554 2623 1772 2687 autem
1803 2621 2302 2708 congregatione
2329 2621 2504 2690 fiunt
2531 2623 2654 2692 tria
2792 2635 2793 2714 t

347 2738 499 2802 vota
538 2731 863 2824 simplicia
923 2737 1274 2824 perpetua;
1312 2733 1768 2824 dispensabilia
1796 2739 2011 2802 tamen
2054 2757 2168 2826 per
2205 2734 2646 2828 Episcopum.
2792 2721 2793 2754 ¹

351 2847 547 2939 (Vide
595 2847 987 2936 opusculum
1048 2846 1536 2917 Constitutions
1589 2847 1700 2918 des
1751 2852 1974 2919 Soeurs
2019 2847 2102 2918 de
2128 2851 2648 2947 Saint-Joseplz,
2792 2855 2793 2868 ³

346 2981 500 3052 pag.
534 2961 691 3042 353,
720 2961 877 3030 enit.
908 2959 1217 3052 Lugduni
1255 2961 1483 3054 1837.)
2792 2981 2793 2988 “

442 3075 504 3144 Α
552 3077 903 3144 venerabili
952 3077 1031 3145 de
1072 3076 1134 3145 la
1172 3077 1341 3148 Salle
1382 3078 1650 3146 fundata
1677 3081 1912 3171 pariter
1943 3080 2198 3150 videtur
2227 3087 2654 3173 congregatio

350 3194 676 3263 Fratrum
708 3191 1105 3263 Scholarum
1131 3191 1700 3280 Christianarum,
1729 3195 1810 3264 de
1837 3197 1972 3266 sola
1995 3197 2324 3266 Ordinarii
2351 3201 2646 3272 licentia.
2792 3187 2793 3192 ἵ

349 3304 428 3374 Id
454 3307 671 3373 innuit
699 3309 1066 3378 constitutio
1090 3307 1166 3375 in
1192 3307 1598 3398 Apostolicoe
1645 3310 1708 3399 (7
1748 3311 1868 3378 cal.
1901 3310 2214 3385 februarii
2249 3313 2482 3406 1724),
2517 3301 2654 3407 qua

352 3420 725 3492 institutum
776 3423 939 3490 illud
986 3423 1272 3513 primam
1318 3423 1484 3493 sedis
1529 3424 1909 3514 Apostolieae
1960 3426 2498 3517 approbationem
2541 3451 2650 3500 ac·
2792 3483 2793 3508 1

351 3534 545 3626 oepit.
605 3533 677 3602 ln
726 3557 799 3602 ea
846 3535 1166 3626 siquidem
1212 3536 1304 3606 sic
1351 3537 1670 3606 habetur:
1727 3565 1764 3606 «
1791 3539 1948 3609 Pius
1985 3540 2102 3610 Dei
2133 3542 2424 3611 famulus
2449 3543 2644 3613 J.-B.

360 3675 397 3715 α
423 3651 503 3718 de
523 3649 585 3720 la
607 3649 795 3720 Saite.
912 3651 1239 3742 quoddam
1268 3653 1668 3738 institutum,
1701 3655 1823 3724 sub
1851 3658 2044 3726 titulo
2072 3661 2398 3734 Fratrum
2425 3661 2654 3730 Scho-
2792 3661 2793 3716 ἶ

359 3789 395 3830 ι(
422 3765 647 3834 larum
704 3767 1244 3835 Christianarum
1288 3776 1850 3860 nuncupatorum,
1905 3779 1968 3840 et
2020 3772 2142 3842 sub
2181 3775 2354 3842 infra
2385 3775 2652 3869 scriptis
2792 3795 2793 3798 ’

358 3904 396 3946 a
420 3884 663 3970 regulis
688 3905 800 3976 per
823 3881 1042 3950 sedem.
1058 3883 1496 3974 Apostolicam
1519 3887 1975 3979 approbandis
1995 3898 2060 3958 et
2085 3891 2608 3962 confirmandis..
2623 3943 2640 3962 .

358 3995 742 4083 «fundavit.
776 4024 817 4070 >1
847 3995 916 4066 Si
944 3998 1173 4082 adhuc,
1197 4020 1370 4070 anno
1425 4001 1597 4072 1724
1638 4009 1824 4072 erant
1868 4004 2328 4098 approbandae
2363 4009 2644 4098 reguloe,

351 4110 649 4184 nondum
697 4115 948 4185 fuerant
998 4115 1405 4207 approbatae3
1469 4123 1534 4186 et
1579 4119 1846 4208 signum
1896 4127 1990 4190 est
2041 4123 2414 4193 inchoatam
2453 4125 2651 4196 initio

348 4225 547 4320 fuisse
566 4289 573 4315 2
592 4231 1153 4320 congregationem
1206 4229 1452 4322 absque
1513 4231 1772 4304 obtenta
1827 4233 2105 4306 Romani
2139 4236 2502 4327 {pontificis
2567 4239 2652 4307 li-

350 4343 584 4410 centia.
