2834 4959
404 334 557 390 2340
976 337 1319 386 ruamus
1360 339 1442 386 nn
1481 337 1632 386 :nnn
1678 333 2091 384 assumtum.

398 467 473 534 in
510 463 685 531 dicto
712 483 890 542 casu,
924 459 1005 528 ad
1051 460 1444 549 erigendum
1486 479 1735 528 novum
1771 458 2144 526 institutum
2185 455 2256 523 in
2291 456 2660 548 religionem

397 579 611 650 stricte
642 584 1007 668 sumptum,
1050 575 1288 647 sufficit
1316 576 1594 668 simplex
1625 579 1804 644 actus
1833 571 2264 665 approbandi,
2309 579 2500 665 atque
2517 577 2659 646 adeo
2697 573 2700 576 ’
2756 591 2757 596 ’

398 693 535 763 sola
566 714 683 762 vox
710 691 1186 784 approbamus·

488 814 698 882 Nota.
738 849 828 862 -
856 809 929 878 Si
958 830 1207 899 quaeras
1234 807 1478 898 quibus
1503 805 1934 879 locutionibus
1974 803 2369 874 sufficienter
2399 812 2660 901 exprimi

396 927 716 997 censenda
770 928 851 995 sit
915 932 1213 994 votorum
1264 927 1660 1013 solemnitas,
1711 923 2199 1014 respondemus,
2243 931 2422 1013 aptas
2483 927 2556 994 ad
2603 929 2658 997 id

396 1045 666 1114 omnino
692 1041 1044 1111 censendas
1070 1061 1205 1108 esse
1230 1040 1426 1109 hasce
1453 1039 1804 1109 formulas:
1837 1036 2214 1107 solemniter
2248 1039 2660 1129 profitebun-

396 1171 507 1228 tur
528 1179 557 1242 ,·
580 1157 943 1226 solemnem
964 1155 1273 1224 emittent
1296 1157 1768 1247 professionem
1787 1175 1818 1240 ,·
1855 1152 2143 1222 consilia
2163 1155 2551 1244 evanqeliea
2572 1179 2660 1226 so·
2756 1209 2757 1218 ,

401 1275 611 1343 lemni
633 1284 785 1340 voto
806 1270 1338 1363 profitebuntur.
1372 1270 1454 1338 Et
1473 1272 1542 1338 in
1575 1273 1752 1361 praxi
1781 1269 2073 1339 adhiberi
2090 1267 2300 1336 solent
2323 1269 2661 1343 locutiones

398 1389 795 1474 istiusmodi,
826 1393 1018 1478 prout
1042 1393 1449 1476 compertum
1480 1385 1766 1467 habebit,
1811 1388 1927 1476 qui
1975 1385 2046 1453 in
2070 1383 2360 1456 Bullario
2387 1387 2661 1457 Romano

400 1503 887 1573 constitutiones
922 1502 1293 1593 perlegerit,
1326 1501 1568 1590 quibus
1601 1501 1762 1568 varii
1807 1499 2094 1592 religiosi
2140 1500 2394 1569 ordines
2429 1525 2663 1594 appro-

400 1619 656 1687 batione
690 1617 1029 1686 Pontificia
1074 1618 1295 1685 donati
1332 1621 1508 1683 sunt.
1545 1614 1960 1684 Sufficientes
2003 1621 2224 1684 autem
2273 1637 2400 1684 non
2455 1618 2661 1686 forent

400 1735 696 1804 formulae
752 1733 1133 1822 hujusmodi
1174 1757 1192 1803 ε
1246 1730 1726 1801 substantialia
1766 1731 2102 1821 reliqionas
2139 1744 2298 1800 vota
2331 1734 2618 1802 emittent
2633 1755 2659 1817 ;
2756 1795 2757 1812 ,

396 1864 663 1943 peraeto
704 1850 1071 1919 novitiatus
1102 1871 1281 1918 armo
1308 1847 1834 1940 profitebuntur.
1871 1845 2049 1916 Patet
2075 1869 2150 1916 ex
2171 1847 2386 1918 dictis.

1429 2095 1471 2184 g
1511 2093 1628 2163 lv.

400 2299 579 2358 Qualis
602 2300 895 2360 requiratur
934 2296 1068 2348 sedis
1112 2297 1409 2360 Apostolicae
1443 2297 1737 2361 approbatio
1757 2301 1818 2352 ut
1849 2309 2039 2348 novum
2067 2299 2358 2350 institutum
2385 2297 2656 2361 erigaturin
2756 2285 2757 2294 ’

462 2389 897 2450 congregationem
928 2388 1128 2451 proprie
1166 2386 1466 2450 religiosam,
1495 2388 1548 2438 ld
1577 2391 1653 2439 est
1680 2401 1796 2453 quae
1833 2388 2020 2440 habeat
2059 2390 2332 2440 essentiam
2369 2393 2536 2440 status
2557 2387 2655 2438 reli-

462 2477 607 2537 giosi,
637 2489 755 2525 cum
782 2478 911 2525 votis
940 2475 1251 2539 simplicibus
1271 2477 1297 2524 Ρ

495 2650 559 2716 1.
602 2647 981 2738 Requiritur
1006 2653 1106 2736 ut,
1137 2651 1239 2720 vel
1278 2652 1349 2719 in
1388 2650 1672 2718 formula
1709 2647 2220 2742 approbationis,
2264 2651 2366 2720 vel
2413 2653 2486 2720 in
2537 2653 2658 2721 for·
2755 2661 2758 2694 ⁴

400 2764 577 2834 mula
617 2765 770 2833 novi
820 2765 1123 2851 instituti,
1156 2766 1227 2840 in
1264 2787 1466 2856 quam
1496 2767 1666 2834 cadit
1715 2766 2116 2856 approbatio,
2151 2767 2542 2836 sufficienter
2571 2787 2663 2836 ex-
2756 2773 2757 2862 }

402 2884 721 2972 primatur
763 2881 1113 2950 emittenda
1182 2881 1321 2950 fore
1375 2882 1498 2950 tria
1573 2885 1718 2950 vota
1779 2884 2198 2973 paupertatis,
2262 2881 2562 2950 castitatis
2609 2885 2661 2947 et

400 2993 801 3063 obedientiae.
840 2992 907 3063 Si
946 2993 1123 3062 enim
1173 2993 1255 3064 de
1280 2995 1445 3062 votis
1481 2995 1550 3064 in
1597 3001 1870 3086 utraque
1914 2995 2191 3066 formula
2231 2997 2518 3075 sileatur,
2571 2994 2662 3064 vel

398 3107 454 3174 si
502 3109 929 3178 emittendum
973 3109 1109 3178 fore
1158 3108 1413 3179 dicatur
1468 3131 1686 3178 unum
1737 3112 2044 3181 duntaxat
2085 3119 2198 3181 aut
2269 3113 2538 3181 alterum
2595 3128 2664 3178 ex
2756 3115 2757 3130 ¹

400 3224 535 3293 istis
580 3228 764 3310 votis,
816 3247 1059 3296 novum
1106 3223 1273 3296 illud
1314 3227 1712 3308 institutum,
1737 3230 2160 3319 quantumvis
2217 3228 2659 3320 approbatum,

402 3343 599 3407 status
646 3342 928 3430 religiosi
971 3343 1309 3411 essentiam
1377 3339 1508 3412 non
1563 3343 1850 3414 habebit.
1902 3344 2210 3436 Sequitur
2259 3365 2334 3412 ex
2383 3342 2658 3414 doctrina
2756 3437 2757 3446 ἶ

270 3473 275 3480 ·
400 3460 700 3550 superius
723 3464 999 3551 exposita
1052 3461 1256 3554 (parte
1293 3464 1357 3551 1,
1391 3469 1542 3530 sect.
1579 3463 1675 3554 2),
1719 3463 1798 3532 de
1829 3465 2200 3532 necessitate
2231 3464 2502 3556 triplicis
2531 3463 2654 3530 hu-

393 3576 577 3666 jusce
617 3578 773 3664 voti,
816 3578 896 3645 ad
940 3579 1460 3647 constituendam
1503 3584 1702 3648 status
1754 3580 2036 3670 religiosi
2077 3581 2446 3649 essentiam.
2497 3575 2662 3646 Dici·
2756 3641 2757 3658 2

398 3711 551 3761 mus
595 3699 813 3762 autem
856 3694 1103 3782 requiri
1142 3700 1215 3762 ut
1244 3693 1677 3763 emittendum
1719 3695 1950 3785 triplex
1977 3693 2146 3764 illud
2167 3699 2398 3762 ‘votum
2433 3695 2660 3762 statua-

397 3812 527 3888 tur,
557 3807 665 3878 vel
688 3808 762 3876 in
788 3809 1071 3899 ipsamet
1094 3809 1601 3901 approbationis
1617 3809 1941 3900 formula,
1975 3811 2084 3878 vel
2101 3810 2173 3877 in
2193 3805 2500 3899 formula
2521 3803 2666 3876 novi

399 3923 697 3993 instituti
734 3924 909 4014 quod
966 3926 1381 4016 approbatur.
1435 3925 1584 3996 Non
1638 3927 1817 3995 enim
1865 3946 2123 3996 necesse
2159 3932 2255 3994 est
2283 3933 2356 3993 ut
2385 3920 2657 3994 Pontifex
2756 3951 2757 3998 ι

399 4037 537 4130 ipse
566 4040 628 4107 id
652 4043 869 4122 dicat;
914 4041 1025 4110 sed
1052 4041 1305 4112 etiamsi
1336 4042 1470 4111 sola
1517 4063 1680 4112 voce
1717 4041 2166 4134 approbamus
2191 4046 2442 4125 utatur,
2471 4039 2524 4109 si
2548 4054 2660 4104 vox
2756 4029 2757 4052 ¹

352 4145 369 4164 ⁰
398 4152 511 4223 illa
539 4156 723 4225 cadat
761 4157 832 4226 in
876 4157 1227 4228 formulam
1274 4158 1576 4246 instituti,
1629 4179 1774 4249 quae
1801 4159 2158 4229 essentialia
2205 4158 2430 4228 omnia
2473 4157 2656 4225 status

398 4270 683 4362 religiosi
729 4275 1070 4363 exprimat,
1118 4297 1257 4345 non
1295 4279 1499 4364 potest
1538 4274 1910 4346 institutum
1944 4275 2110 4346 illud
2151 4281 2350 4348 status
2382 4262 2648 4363 religiosi

398 4388 717 4457 rationem
748 4408 881 4457 non
908 4390 1145 4461 habere
1168 4415 1187 4478 3
1214 4390 1387 4482 quod
1408 4391 1561 4462 satis
1583 4399 1756 4485 patet
1777 4415 1853 4464 ex
1875 4391 2088 4464 dictis.
