2834 4959
387 350 515 408 492
954 354 1292 403 memus
1332 354 1413 403 DE
1451 354 1604 403 Im
1647 353 2063 404 usumin!-

386 481 851 553 hodiernsrum
900 476 1128 548 Gallias
1154 477 1542 547 monialium
1564 484 1716 547 vota
1737 476 2066 569 simplicia
2099 478 2388 568 efficere,
2436 482 2654 553 decla-

386 594 591 665 rando
616 614 691 663 ea
732 614 865 663 non
898 594 1215 686 acceptari
1259 616 1300 664 a
1338 616 1405 663 se
1449 599 1520 663 ut
1555 591 1900 683 solemnia,
1929 600 1996 663 et
2031 594 2238 665 simul
2263 598 2576 671 abstinere
2613 620 2652 668 a

388 711 591 783 simili
620 711 833 800 quoad
874 711 1049 779 viros
1076 710 1529 793 declaratione,
1560 710 1852 802 ipsorum
1891 710 2056 779 votis
2089 710 2513 803 relinquendo
2547 735 2648 785 so-

388 827 813 911 lemnitatem,
860 848 1063 917 quam
1100 846 1178 894 ex
1216 826 1568 918 approbato
1605 824 1894 894 instituto
1935 824 2318 896 sortiuntur.
2361 824 2544 898 Unde
2573 848 2646 898 ex

390 963 471 1042 eq
528 940 705 1032 quod
760 941 941 1027 sedes
998 940 1363 1033 Apostolica
1410 940 1828 1011 declaraverit
1878 947 2026 1009 vota
2077 942 2476 1012 monialium
2527 964 2648 1013 non

394 1057 621 1128 baberi
658 1080 697 1127 a
740 1080 807 1127 se
854 1064 931 1127 ut
966 1058 1310 1143 solemnia,
1356 1076 1770 1147 nequaquam
1819 1056 2124 1127 concludi
2174 1064 2379 1149 potest
2429 1057 2650 1129 similis

392 1174 603 1265 quoad
644 1175 815 1243 viros
856 1173 1224 1265 dispositio;
1274 1172 1385 1246 sed
1414 1178 1486 1240 ut
1521 1170 1693 1261 paris
1727 1170 2114 1242 conditionis
2141 1174 2386 1241 censeri
2417 1174 2650 1266 possint

394 1286 685 1357 virorum
714 1294 881 1376 vota,
923 1288 1277 1379 requiritur
1302 1306 1594 1379 expressa
1625 1284 1837 1377 quoad
1866 1284 2038 1375 ipsos
2061 1284 2434 1355 declaratio.

480 1402 551 1471 2⁰
602 1402 737 1473 Nec
804 1404 1067 1473 tandem
1133 1426 1211 1489 ex
1282 1404 1476 1473 variis
1529 1401 1784 1471 indiciis
1839 1400 2291 1492 praesumenda
2335 1407 2434 1471 est
2483 1400 2650 1469 sedes

403 1516 771 1607 Apostolica
828 1518 1201 1609 praedictam
1248 1519 1732 1611 dispositionem
1787 1516 1866 1586 ad
1915 1522 2064 1587 vota
2103 1516 2389 1587 virorum
2439 1523 2652 1587 exten·

394 1630 584 1699 disse.
630 1630 799 1701 Nam
841 1634 914 1701 in
964 1634 1163 1702 hacce
1210 1634 1480 1702 materia
1533 1654 1714 1703 mera
1753 1631 1994 1701 indicia
2039 1633 2142 1721 jus
2183 1650 2316 1699 non
2363 1634 2642 1699 mutant.

398 1743 569 1815 Cum
610 1767 845 1839 nempe
882 1747 1173 1816 instituta
1212 1748 1530 1833 virorum,
1576 1747 1656 1816 de
1696 1746 1938 1837 quibus
1983 1746 2262 1837 agimus,
2301 1744 2646 1835 approbata

400 1858 643 1929 fuerint
681 1882 837 1933 cum
869 1863 1032 1931 votis
1060 1860 1488 1948 solemnibus,
1538 1858 1604 1931 ri
1639 1860 1842 1949 hujus
1881 1860 2268 1931 authenticas
2315 1858 2651 1928 voluntatis

395 1975 563 2047 sedis
594 1976 1002 2069 Apostolicae,
1034 1985 1208 2047 certo
1242 1976 1554 2048 solemnia
1581 1980 1774 2045 erunt
1813 1981 1958 2043 vota
1987 1975 2060 2043 in
2087 1974 2170 2043 iis
2205 1972 2514 2043 institutis
2538 1974 2652 2043 rite

398 2092 651 2178 emissa,
678 2094 971 2183 quandiu
996 2114 1289 2185 expresse
1316 2094 1602 2185 priorem
1627 2092 2028 2161 voluntatem
2051 2088 2254 2159 Sedes
2277 2090 2495 2159 eadem
2521 2110 2650 2158 non

396 2208 743 2277 retraxerit.
790 2206 963 2277 Mera
998 2216 1213 2279 autem
1248 2209 1492 2279 indicia
1521 2230 1654 2280 non
1679 2213 1836 2281 sunt
1871 2222 2167 2299 expressa
2201 2211 2267 2275 et
2291 2204 2652 2275 authentica

398 2322 758 2393 immutatae
780 2325 1011 2414 prioris
1032 2324 1375 2394 voluntatis
1390 2324 1762 2395 declaratio.
1845 2316 1850 2319 ’

484 2433 823 2519 Praeterea,
853 2436 1097 2506 nedum
1150 2445 1394 2506 exstent
1461 2437 1703 2508 indicia
1750 2458 1898 2530 quae
1963 2435 2300 2518 suadeant,
2365 2432 2447 2502 de
2501 2432 2653 2501 votis

397 2550 589 2619 etiam
649 2551 931 2621 virorum
987 2552 1436 2643 intelligendas
1499 2574 1633 2624 esse
1697 2553 2158 2623 declarationes
2225 2547 2646 2641 Apostolicas,

400 2662 785 2735 monialium
822 2666 1047 2739 Galliae
1080 2676 1225 2740 vota
1264 2670 1702 2759 respicientes,
1746 2685 2036 2760 expresse
2085 2665 2416 2757 respondit
2465 2660 2652 2731 Sacra

404 2775 907 2869 Poenitentiaria‚
956 2782 1145 2854 hasce
1180 2784 1642 2855 declarationes
1679 2783 1760 2852 ad
1803 2780 2118 2851 moniales
2156 2780 2466 2850 duntaxat
2507 2798 2650 2869 spe-

400 2902 595 2965 ctare.
644 2896 815 2969 Cum
855 2900 1031 2968 enim
1072 2899 1572 2971 Cenomanensis
1611 2896 1969 2989 Episcopus
2003 2896 2286 2988 praefatae
2331 2894 2399 2965 S.
2447 2891 2648 2963 Poeni-

402 3012 717 3081 tentiariae
762 3015 1191 3106 proposuisset
1236 3016 1411 3085 varia
1450 3012 1650 3084 dubia
1681 3016 1752 3083 in
1793 3014 1972 3083 hunc
2007 3012 2280 3083 modum
2311 3034 2332 3081 ς
2377 3012 2540 3079 Cum
2573 3027 2650 3075 αι·

390 3126 652 3217 pluries
674 3126 927 3215 decisis,
948 3142 1104 3200 vota
1124 3130 1530 3199 monialium
1546 3131 1618 3197 in
1643 3127 1882 3199 Gallia
1901 3127 2007 3197 uti
2021 3126 2357 3220 simplicia
2371 3148 2414 3195 a
2427 3133 2647 3193 sancta

401 3240 565 3309 Sede
584 3244 1019 3331 restituentur,
1042 3245 1381 3337 sequentia
1405 3255 1774 3313 nascuntur
1795 3241 2004 3313 dubia
2020 3244 2167 3311 1⁰...
2191 3242 2260 3310 4⁰
2278 3244 2378 3311 An
2397 3236 2643 3307 devotis

404 3354 697 3423 virorum
718 3358 895 3427 idem
922 3358 1271 3429 dicendum
1282 3359 1371 3428 sit
1392 3380 1474 3427 ac
1495 3356 1576 3427 de
1594 3358 1765 3429 votis
1787 3357 2218 3437 monialium,
2249 3369 2324 3426 ut
2347 3351 2592 3423 videtin·
2607 3354 2638 3417 P

405 3466 809 3561 Responsum
826 3481 920 3543 est
1089 3472 1203 3545 Ad
1220 3486 1565 3567 quartum,
1595 3470 1855 3543 decreta
1873 3494 1996 3565 per
2023 3476 2304 3543 Sacram
2331 3468 2640 3541 Poeniten·

408 3588 685 3658 tiariam
726 3591 905 3662 alias
930 3592 1109 3663 edita
1151 3605 1445 3685 spectare
1481 3589 1899 3663 solummodo
1927 3588 2022 3661 ad
2041 3589 2384 3659 moniales,
2416 3586 2532 3657 vix
2555 3585 2638 3651 in·

402 3708 619 3799 telligo
658 3712 983 3809 quomodo
1026 3720 1167 3804 post
1222 3713 1544 3804 ejusmodi
1585 3712 1712 3783 sibi
1757 3718 1989 3781 notum
2023 3710 2409 3801 responsum
2435 3722 2640 3795 urgere

404 3828 748 3914 perrexerit
797 3825 1102 3899 dominus
1138 3827 1428 3898 Carriere
1477 3850 1677 3899 suum
1727 3849 1803 3897 ex
1827 3826 2126 3915 analogia
2171 3830 2632 3916 argumentum.

400 3936 584 4010 Certe
628 3940 803 4012 hanc
849 3942 1213 4033 analogiam
1264 3943 1536 4035 urgebat
1587 3943 2092 4014 Cenomanensis
2149 3938 2519 4032 Episcopus,
2563 3932 2642 4001 si-

402 4056 669 4144 quidem
700 4058 1075 4149 postulando
1112 4081 1274 4129 num
1316 4060 1488 4129 idem
1520 4060 1602 4130 de
1628 4059 1791 4129 votis
1815 4058 2108 4128 virorum
2133 4048 2642 4125 dicendumesset

400 4192 477 4241 ac
504 4173 582 4241 de
612 4175 774 4245 votis
802 4175 1211 4260 monialium,
1246 4174 1540 4261 addebat,
1571 4185 1651 4243 ut
1680 4173 1967 4263 videtur.
2001 4172 2082 4241 Et
2117 4170 2246 4262 ipsi
2289 4178 2640 4261 responsum

399 4291 517 4365 est,
545 4286 718 4356 dates
744 4289 1096 4360 decisiones
1112 4295 1397 4382 spectare
1429 4288 1838 4359 solummodo
1859 4287 1954 4359 ad
1973 4286 2331 4357 moniales.

490 4398 779 4471 Tandem
814 4404 1100 4493 positivis
1132 4405 1536 4475 documentis
1563 4411 1810 4477 constat
1831 4426 1954 4497 pro
1995 4402 2401 4474 solemnibus
2443 4396 2635 4467 Romo
