2834 4959
335 366 459 422 106
921 363 1262 412 chAws
1305 365 1384 412 DE
1415 365 1567 412 sm
1610 363 2023 412 neumam.

331 495 629 586 religiosa
657 487 1116 569 communitae,
1148 507 1282 555 non
1311 491 1404 555 est
1444 485 1525 554 de
1546 507 1615 555 se
1640 491 2033 578 perpetuum
2063 490 2129 554 et
2160 485 2603 558 immutabile.

329 611 494 681 Nam
561 609 930 676 contractus
1005 601 1366 670 donationis
1432 621 1507 670 ex
1590 601 1931 690 utriusque
2002 600 2200 692 partis
2276 623 2601 675 consensu

331 722 609 794 rescindi
649 724 877 811 potest,
905 717 1102 786 etiam
1133 723 1473 807 postquam
1512 737 1615 785 res
1656 713 1989 784 donatario
2020 717 2159 805 jam
2188 716 2417 787 tradita
2444 717 2595 788 tuit.

331 841 542 923 Unde,
577 841 816 908 attenta
863 831 997 903 sola
1041 831 1382 901 traditione
1430 831 1587 921 (qua
1634 830 1971 919 religiosus
2006 831 2229 900 omnia
2272 831 2442 901 bona
2480 855 2603 903 sua

333 953 692 1047 praesentia,
719 957 783 1019 et
819 950 926 1041 jus
963 949 1034 1016 in
1075 947 1289 1015 lutura
1312 947 1383 1014 in
1422 947 1957 1014 communitatem
1988 945 2362 1035 transtulit),
2394 955 2605 1039 posset

331 1069 674 1159 religiosus
719 1065 827 1134 ille
873 1063 1044 1133 bona
1089 1061 1232 1130 haec
1269 1065 1334 1130 et
1377 1061 1489 1148 jus
1520 1060 1687 1129 illud
1723 1080 2135 1151 recuperare;
2176 1061 2233 1130 si
2268 1083 2503 1153 nempe
2526 1064 2601 1132 in

333 1185 398 1255 id
443 1181 834 1253 consentiret
883 1176 1340 1248 communitas.
1383 1175 1511 1245 Sed
1560 1177 1687 1246 hoc
1742 1178 1885 1266 ipso
1926 1175 2265 1265 religiosus
2316 1176 2427 1244 ille
2467 1200 2603 1249 non

329 1305 490 1369 esset
534 1295 836 1366 absolute
885 1295 1147 1383 incapax
1193 1289 1497 1372 dominii,
1528 1288 1636 1360 sed
1686 1290 1945 1360 relative
1996 1291 2349 1362 duntaxat:
2394 1295 2601 1365 nimi-

330 1435 482 1482 rum
529 1413 790 1480 relative
833 1409 914 1477 ad
961 1415 1216 1498 tempus
1261 1427 1394 1496 quo
1434 1427 1565 1475 non
1603 1407 1954 1476 consentiet
1992 1409 2423 1478 communitas
2472 1409 2605 1479 do·-

332 1527 576 1596 nationi
639 1523 764 1594 sibi
823 1523 1004 1592 factae
1065 1521 1459 1592 renuntiare.
1526 1519 1697 1612 Ergo
1757 1541 1833 1591 ex
1890 1521 2023 1591 sola
2068 1522 2401 1593 traditione
2462 1547 2603 1594 non

329 1645 532 1711 oritur
581 1639 874 1708 absoluta
921 1639 1196 1708 dominii
1245 1637 1659 1729 incapacitas,
1692 1659 1815 1708 nec
1858 1638 2128 1730 proinde
2164 1639 2296 1707 voti
2326 1661 2603 1732 pauper·

329 1755 476 1824 tatis
517 1754 910 1824 solemnitas.
943 1753 1114 1843 Ergo
1153 1745 1524 1822 solemnitas
1566 1753 1705 1822 haec
1743 1753 2003 1823 aliunde
2034 1775 2233 1844 quam
2284 1777 2359 1823 ex
2398 1755 2605 1824 tradi-

329 1873 504 1941 tione
542 1869 892 1963 repetenda
947 1877 1062 1938 est.
1097 1867 1487 1939 Confirmari
1532 1875 1739 1960 potest
1774 1868 2128 1954 conclusio,
2160 1892 2238 1938 ex
2288 1869 2603 1938 adnotatis

329 2009 366 2055 a
413 1986 736 2073 Suaresi0,
785 1985 1000 2076 quoad
1047 1984 1374 2076 religiosos
1424 1987 1495 2054 in
1550 1985 1934 2077 perpetuum
1992 1987 2271 2077 ejectos:
2338 2009 2377 2050 a
2422 1983 2606 2054 Reli-

337 2127 372 2169 «
401 2102 618 2192 giosus
663 2104 900 2191 eiectus
941 2101 1210 2170 omnino
1254 2121 1292 2168 a
1347 2101 1661 2190 religione
1698 2103 1767 2170 in
1808 2107 2221 2193 perpetuum,
2239 2103 2423 2192 juxta
2456 2121 2607 2191 pro-

335 2245 371 2286 «
399 2217 682 2286 babilem
715 2217 1098 2287 sententiam
1135 2220 1274 2304 jam
1321 2237 1455 2283 non
1504 2217 1779 2306 acquirit
1818 2217 2162 2307 religioni3
2194 2219 2351 2308 quia
2375 2217 2603 2286 dimit-

339 2360 374 2401 α
403 2333 599 2404 tendo
673 2355 823 2402 eum
843 2385 864 2419 ,
942 2331 1152 2421 quoad
1219 2331 1390 2399 hanc
1478 2338 1721 2422 partem
1800 2333 1987 2404 cessit
2050 2333 2189 2424 iuri
2266 2354 2385 2402 suo
2434 2359 2451 2402 ε
2532 2339 2599 2400 et

337 2475 372 2514 «
407 2448 840 2518 nihilominus
895 2467 1025 2515 non
1069 2447 1348 2536 acquirit
1389 2445 1515 2514 sibi
1560 2446 1955 2538 dominium,
2000 2471 2211 2540 neque
2268 2454 2471 2540 potest
2516 2447 2603 2516 de

337 2588 371 2631 t<
404 2563 591 2632 bonis
650 2560 986 2650 acquisitis
1053 2560 1307 2645 testari3
1367 2561 1482 2632 sed
1546 2563 1643 2632 illi
1700 2564 1858 2635 solet
1908 2564 2177 2635 Camera
2233 2562 2605 2657 Apostolica

339 2705 374 2743 α
409 2677 828 2748 succedere...
865 2701 882 2745 t
927 2697 1083 2766 ergo
1119 2677 1384 2768 signum
1414 2684 1532 2764 est,
1566 2677 1747 2749 illam
1784 2681 2267 2774 incapacitatem
2296 2702 2425 2751 non
2454 2682 2606 2749 lun·

335 2817 370 2855 «
399 2792 540 2860 dari
559 2793 628 2859 in
651 2790 802 2880 jure
837 2791 1198 2882 religionis,
1229 2792 1342 2862 sed
1367 2792 1441 2860 in
1477 2793 1750 2884 positivo
1768 2796 1920 2884 jure
1956 2795 2401 2866 inhabilitante
2452 2816 2611 2886 per-

335 2929 371 2968 «
397 2925 626 2972 sonam
653 2910 717 2972 et
751 2904 1250 2996 acquisitionem
1281 2907 1597 2978 irritante.
1624 2933 1659 2972 u
1696 2911 1813 2999 (De
1836 2909 2202 3001 Reliqione,
2228 2915 2497 2980 tractatu
2524 2912 2599 2999 7,

329 3017 497 3086 libro
525 3019 636 3105 12,
661 3041 718 3088 c.
757 3021 868 3102 12,
897 3043 964 3090 n.
1001 3021 1137 3113 13.)

421 3133 795 3206 Pnorosmo
823 3135 957 3205 lll·.
991 3175 1082 3190 -
1121 3138 1270 3206 Voti
1297 3139 1725 3230 paupertatis
1764 3141 2150 3211 solemnitas
2182 3155 2276 3210 est
2308 3141 2603 3234 ipsamet

331 3250 823 3320 vis-inducendi
863 3253 1380 3345 incapacitatem
1410 3252 1718 3340 dominii,
1747 3279 1896 3346 quoe
1920 3256 2071 3324 huic
2096 3268 2247 3326 voto
2274 3257 2609 3349 alliqatur

315 3384 442 3454 per
467 3375 812 3433 statutum
837 3367 1174 3436 Ecclesiae.
1209 3407 1300 3420 —
1325 3365 1641 3438 Probatur
1674 3370 1763 3454 1⁰,
1802 3393 1879 3439 ex
1904 3393 2098 3462 supra
2128 3373 2333 3440 citatis
2362 3375 2613 3442 consti-

327 3477 688 3547 tutionibus
715 3478 1028 3552 Bonifacii
1069 3482 1226 3552 Vlll
1271 3491 1335 3552 et
1373 3482 1673 3576 Gregorii
1712 3483 1893 3571 Xlll,
1922 3487 1989 3554 in
2035 3485 2277 3575 quibus
2312 3505 2613 3577 expresse

323 3593 564 3662 dicitur
587 3594 731 3662 voti
767 3597 1256 3666 solemnitatem
1289 3599 1601 3668 Ecclesioe
1628 3600 2103 3669 constitutione
2128 3600 2333 3691 faisse
2358 3601 2611 3670 inven-

329 3721 494 3779 tam.
529 3707 688 3791 Quae
711 3710 908 3778 verba
930 3715 1080 3781 satis
1104 3715 1419 3793 indicant,
1450 3722 1595 3785 vota
1624 3719 1693 3784 in
1720 3715 1991 3784 solemni
2022 3715 2413 3808 professione
2436 3739 2609 3787 are-

293 3823 572 3914 ‘ligiosis
605 3827 868 3910 emissa,
903 3848 1036 3896 non
1073 3829 1336 3900 aliunde
1367 3831 1605 3900 habere
1653 3832 1789 3899 vim
1828 3829 2181 3900 inducendi
2210 3832 2611 3923 incapacita·

321 3947 456 4007 tem
501 3940 801 4023 dominii,
839 3963 953 4012 seu
1001 3943 1196 4035 (quod
1237 3945 1410 4016 idem
1454 3947 1571 4039 est)
1626 3967 1759 4016 non
1817 3945 2079 4016 aliunde
2124 3947 2361 4016 habere
2390 3947 2609 4038 quali·

322 4063 520 4126 tatem
587 4057 1032 4147 solemnitatis,
1093 4083 1292 4150 quam
1353 4085 1429 4134 ex
1470 4067 1621 4155 jure
1663 4062 1961 4155 positivo,
2016 4085 2089 4132 ex
2146 4085 2327 4132 mera
2369 4085 2609 4157 nempe

319 4171 622 4243 Ecclesiae
651 4173 715 4240 id
751 4177 1086 4246 statuentis
1111 4177 1459 4249 voluntate.

411 4287 728 4357 Probatur
795 4289 890 4375 2⁰,
957 4315 1034 4362 ex
1093 4293 1374 4364 aliarum
1438 4297 1827 4389 opinionum
1883 4295 2176 4366 falsitate.
2236 4295 2377 4366 Nisi
2418 4297 2605 4367 enim

319 4403 594 4474 dominii
667 4404 1058 4494 incapacitas
1122 4409 1473 4480 inducatur
1538 4433 1652 4503 per
1710 4416 2019 4481 statutum
2080 4409 2405 4499 Ecclesiae,
2461 4431 2601 4499 quo
