2834 4959
1144 368 1297 419 rm
1340 368 1582 419 mna.
2385 368 2420 422 4
2431 368 2511 423 57

226 514 433 588 »pam
478 491 835 585 pertinent,
860 474 1161 581 quamvis
1202 489 1271 559 id
1310 490 1415 561 lex
1461 510 1594 561 non
1643 493 1972 585 agnoscat)
2003 494 2155 564 velit
2199 496 2354 565 dare
2379 496 2514 568 illis

226 606 541 701 pemonis,
587 603 1043 675 communitati
1097 604 1440 693 extraneis,
1487 605 1732 695 quibus
1775 608 2114 697 religiosus
2167 610 2514 700 legatarius

222 720 641 791 donationem
710 718 1015 811 leqaliter
1067 717 1239 787 iacit.
1298 716 1409 789 Sic
1485 740 1722 811 nempe
1771 722 2108 815 religiosus
2171 724 2516 813 legatarius

220 855 363 903 non
397 833 573 905 loedit
598 835 711 925 jus
746 832 1233 903 communitatis
1252 883 1278 915 ,Α
1316 832 1532 903 dendo
1563 836 1884 903 extraneis
1925 844 2054 907 tres
2094 837 2236 906 illas
2277 845 2508 929 partes,

220 948 548 1039 siquidem
570 948 639 1017 in
668 949 739 1017 id
782 948 1099 1017 consentit
1126 947 1562 1019 communitas
1589 970 1608 1029 ;
1655 970 1772 1019 seu
1796 952 2010 1041 potius
2051 952 2190 1041 ipsa
2217 972 2511 1025 commu-

223 1058 399 1129 nitas
459 1060 869 1131 donationem
907 1059 1087 1129 illam
1144 1060 1319 1146 facit,
1378 1060 1698 1131 mediante
1751 1062 2160 1152 formalitate,
2215 1088 2252 1134 a
2305 1088 2514 1137 mem·

222 1176 353 1245 hro
384 1196 505 1247 suo
548 1176 818 1267 expleta.
850 1173 1137 1243 Aliunde
1153 1174 1500 1265 religiosus
1550 1175 1918 1267 legatarius,
1947 1178 2162 1249 dando
2209 1186 2510 1276 quartam

222 1296 477 1381 partem
520 1290 1003 1376 communitati,
1030 1294 1093 1357 et
1138 1294 1265 1359 tres
1314 1289 1470 1361 alias
1521 1298 1730 1382 partes
1777 1295 2122 1382 extraneis,
2167 1294 2333 1363 nihil
2377 1296 2514 1386 agit

222 1405 719 1497 incompatibile
766 1426 921 1475 cum
962 1404 1369 1475 solemnitate
1419 1406 1550 1476 voti
1595 1414 1657 1475 et
1708 1404 1988 1477 dominii
2039 1409 2504 1503 incapacitate3

218 1519 551 1611 siquidem
598 1527 871 1611 utraque
915 1520 1057 1590 haec
1082 1520 1295 1593 civilis
1320 1521 1606 1607 donatio,
1653 1508 1786 1591 non
1825 1528 1922 1591 est
1969 1522 2302 1623 (ut—toties
2345 1526 2510 1595 dixi-

224 1634 401 1726 mus)
436 1657 627 1705 verus
676 1644 858 1705 actus
908 1634 1211 1723 dominii,
1260 1637 1371 1706 sed
1429 1658 1607 1705 mera
1656 1636 1982 1707 bonorum
2023 1640 2510 1710 communitatis

212 1748 721 1821 administratio.

320 1864 513 1945 Quod
556 1866 613 1934 si
662 1865 1093 1935 communitas
1144 1870 1345 1935 totam
1398 1865 1840 1937 haereditatem
1901 1866 2176 1935 retinere
2241 1868 2415 1956 velit,
2442 1869 2510 1938 id

220 1980 437 2051 etiam
476 1981 613 2049 fieri
643 2002 821 2070 posse
846 1980 1107 2050 videtur
1130 1980 1375 2070 absque
1406 1980 1588 2071 gravi
1619 1981 2022 2067 difficultate,
2047 2002 2182 2048 non
2219 1980 2512 2051 obstante

226 2091 495 2184 praefata
534 2093 697 2183 lege.
758 2092 983 2165 Totam
1034 2116 1273 2185 nempe
1303 2093 1744 2163 haereditatem
1785 2094 2124 2185 religiosus
2161 2094 2512 2181 legatarius

222 2212 303 2279 in
350 2211 691 2299 pecuniam
738 2212 1007 2303 redigat,
1032 2219 1097 2281 et
1148 2210 1495 2302 pecuniam
1567 2210 1752 2281 illam
1804 2209 2014 2280 tradat
2061 2208 2408 2301 superiori,
2441 2212 2510 2279 in

220 2346 389 2395 usus
410 2346 795 2397 communes
814 2325 1327 2418 expendendam.
1378 2324 1634 2397 Mortuo
1659 2328 1837 2399 enim
1877 2328 1990 2398 illo
2027 2328 2354 2419 religioso,
2374 2349 2508 2399 non

220 2440 487 2513 dabitur
510 2442 679 2513 actio
704 2448 927 2513 eontra
954 2425 1516 2531 communitatem,
1559 2444 1640 2513 ad
1669 2443 2144 2535 exquirendum
2181 2444 2510 2534 quomodo

222 2556 569 2649 religiosus
613 2558 727 2629 ille
756 2559 1105 2651 pecuniam
1152 2559 1325 2629 hanc
1364 2559 1762 2651 expenderit,
1790 2566 1855 2630 et
1881 2584 2046 2632 num
2073 2562 2512 2632 communitas

220 2670 405 2745 ultra
438 2680 740 2765 quartam
792 2680 1043 2767 partem
1094 2676 1437 2767 receperit.
1485 2674 1674 2756 Quod
1701 2675 1756 2743 ei
1785 2681 2006 2745 tamen
2053 2676 2342 2763 legaliter
2368 2675 2512 2765 cogi

224 2792 393 2855 tune
443 2790 637 2878 possit
690 2791 1128 2859 communitas
1174 2790 1255 2859 ad
1304 2790 1658 2859 dicendum
1699 2807 1854 2857 cum
1896 2792 2294 2877 juramento,
2345 2810 2512 2858 num

212 2898 399 2969 ultra
436 2908 735 2991 quartam
766 2908 1015 2993 partem
1042 2905 1363 2995 acceperit
1390 2900 1590 2993 (quod
1635 2900 1800 2970 mihi
1847 2899 2124 2969 dubium
2153 2900 2296 2988 est),
2323 2900 2512 2969 tolle-

216 3022 409 3087 retur
457 3016 805 3091 difficultas
830 3020 1215 3091 declarando
1244 3030 1385 3089 rem
1420 3023 1493 3087 ut
1518 3023 1636 3102 est,
1663 3022 1749 3105 'get
1776 3022 1902 3086 tres
1953 3014 2110 3085 aliae
2141 3018 2350 3105 partes
2374 3020 2509 3085 tra·-

216 3130 469 3201 dendo.

310 3244 495 3336 Ergo
516 3246 579 3313 1⁰
600 3254 665 3315 et
676 3248 887 3337 quoad
913 3246 1690 3337 methorisatas‚etquoad
1704 3266 1836 3315 non
1856 3242 2310 3313 authorisatas
2331 3261 2512 3310 com·

222 3361 581 3431 munitates
620 3360 869 3447 Galliae,
903 3361 1045 3431 tolli
1072 3366 1343 3453 possunt
1367 3359 1778 3431 difficultates
1823 3359 2112 3449 objectae,
2141 3360 2304 3450 quin
2333 3378 2512 3427 com·

226 3480 581 3547 munitates
630 3478 759 3548 illae
788 3478 1297 3564 haereditatibus,
1325 3478 1640 3549 membris
1669 3479 1803 3546 suis
1851 3474 2372 3558 obvenientibus,
2397 3473 2512 3540 de-

222 3590 639 3661 fraudentur.
696 3593 979 3665 Aliunde
1011 3594 1079 3663 2·
1110 3596 1167 3663 si
1197 3592 1401 3663 velint
1439 3592 1570 3661 illae
1605 3592 2100 3661 communitates
2121 3590 2258 3678 juri
2293 3584 2516 3655 suein

222 3705 525 3795 praefatas
550 3706 949 3777 haereditates
999 3709 1402 3788 renuntiare,
1441 3708 1716 3777 omnino
1757 3706 1952 3775 etiam
1979 3701 2301 3775 evanescit
2327 3720 2514 3790 quae-

222 3818 393 3889 libet
428 3820 775 3892 difficultas
834 3845 851 3892 z
916 3844 1071 3913 ergo
1108 3821 1167 3891 11
1210 3822 1366 3893 falso
1420 3827 1794 3893 asseruntur
1834 3840 2060 3911 graves
2105 3816 2514 3911 difficultates

216 3934 443 4023 quoad
476 3938 979 4009 communitates
1000 3938 1353 4027 religiosas,
1384 3958 1534 4029 quae
1553 3958 1630 4007 ex
1665 3937 1958 4005 instituto
1992 3936 2258 4025 possunt
2305 3928 2514 4020 possi-

210 4050 379 4119 dere
410 4051 477 4119 in
500 4054 867 4123 communi.
910 4053 1194 4125 Aliunde
1216 4052 1249 4121 1
1274 4052 1434 4123 falso
1461 4052 1658 4122 etiam
1689 4056 2070 4121 asseruntur
2093 4044 2306 4137 quoad
2339 4064 2520 4113 com·

218 4164 601 4247 munitates,
646 4188 793 4256 quae
840 4190 919 4235 ex
988 4165 1247 4259 proprio
1300 4166 1598 4235 instituto
1637 4184 1767 4233 non
1810 4162 2020 4233 valent
2069 4158 2396 4252 possidere
2443 4158 2516 4227 in

218 4282 597 4350 communi.
632 4278 808 4372 Ergo
850 4282 1085 4351 falsum
1140 4287 1234 4352 est
1276 4280 1612 4371 religiosos
1643 4277 1894 4361 Galliae,
1929 4298 2006 4349 ex
2053 4298 2128 4346 eo
2171 4275 2344 4366 quod
2391 4273 2522 4345 sint

222 4390 511 4463 dominii
542 4395 911 4489 incapaces,
934 4396 1178 4467 involvi
1198 4394 1698 4469 difficultatibus
1723 4394 1882 4463 adeo
1913 4393 2248 4481 gravibus,
2277 4396 2352 4461 ut
2370 4398 2518 4461 vota
