2834 4959
1075 319 1228 368 PARS
1277 321 1495 368 Pam.
2330 317 2367 372 6
2378 319 2412 372 3

163 439 664 530 «inEvangelio
712 437 1210 508 fundamentum
1261 440 1541 509 habet...
1587 461 1606 507 :
1641 439 1913 531 proinde
1948 459 2022 508 ex
2074 439 2198 510 hac
2238 449 2417 532 parte

159 579 331 624 anon
379 560 582 646 egent
629 554 976 643 religiones
1031 553 1419 625 Pontificum
1480 555 1967 645 approbatione.
2020 553 2246 625 Modus
2304 581 2419 627 au-

154 701 182 734 «
205 681 332 740 tem
359 671 474 740 ille
501 670 728 740 varius
755 692 884 760 quo
911 671 1036 738 tria
1076 677 1222 738 vota
1265 672 1511 760 suscipi
1552 677 1847 759 possunt,
1880 691 2009 739 non
2058 673 2146 738 ita
2174 675 2419 764 perspi-

149 815 180 850 ιι
205 809 322 856 cue
361 789 438 854 in
481 785 846 874 Evangelio
874 785 1108 866 elucet,
1150 791 1213 852 et
1259 807 1394 852 non
1446 806 1677 876 parum
1733 808 1806 854 ex
1840 789 2179 874 prudentia
2209 795 2272 856 et
2314 789 2418 856 di-

149 931 184 968 ιι
213 901 494 970 rectione
569 901 858 968 humana
940 901 1195 989 pendet.
1273 900 1485 980 Quare
1538 900 1867 970 Pontifieis
1933 903 2423 976 confirmatione

159 1045 194 1082 ιι
217 1017 512 1108 indiqere
537 1027 798 1108 potest,
837 1022 901 1083 et
921 1039 1100 1084 nunc
1139 1017 1373 1106 reipsa,
1407 1024 1667 1107 propter
1678 1018 1802 1108 jus
1820 1017 2201 1108 positivum
2222 1039 2421 1087 novas

165 1161 198 1198 ιι
221 1134 558 1222 religiones
587 1131 964 1223 prohibens,
992 1131 1264 1200 omnino
1293 1129 1568 1223 indiqet.
1606 1131 1821 1223 ltaque
1862 1133 2215 1216 Antonius,
2244 1131 2422 1202 Basi-

172 1250 365 1336 «lius,
405 1248 848 1336 Augustiana,
905 1245 1290 1314 Benedictus
1333 1254 1625 1315 auctores
1671 1248 2066 1337 religionum
2126 1249 2416 1334 suerunt,

170 1393 200 1430 «
229 1388 336 1434 nec
367 1365 574 1434 ullam
623 1364 932 1451 leguntur
982 1384 1020 1429 a
1079 1361 1388 1430 Pontifice
1437 1363 1963 1453 approbationem
2005 1368 2414 1455 quaesivisse3

163 1485 538 1570 «propterea
569 1477 747 1566 quod
796 1475 1092 1545 nondum
1146 1482 1415 1546 exstaret
1454 1477 1563 1568 jus
1610 1479 2111 1552 ecclesiasticum
2152 1481 2219 1581 id
2247 1504 2416 1573 prae-

159 1620 188 1658 «
207 1595 478 1685 cipiens.
505 1615 546 1658 ι

227 1713 408 1780 Nota
432 1710 503 1778 2.
543 1745 642 1762 ——
685 1705 1024 1778 Suaresius
1069 1707 1137 1774 in
1180 1707 1302 1776 hac
1349 1707 1700 1798 quaestione
1744 1710 2026 1778 mediam
2065 1713 2418 1802 quamdam

152 1828 310 1896 viam
355 1831 616 1895 secutus
665 1830 784 1892 est.
820 1821 1122 1890 Admittit
1171 1844 1406 1913 nempe
1452 1823 1935 1914 approbationis
1974 1825 2273 1894 Ecclesiae
2302 1849 2417 1896 ne-

157 1945 496 2010 cessitatem
526 1937 655 2032 (¹),
686 1936 896 2028 quoad
919 1937 1300 2026 religionem
1335 1937 1725 2026 comforma
1771 1937 2271 2004 communitatis
2309 1940 2419 2007 in-

159 2054 578 2142 stituendam,
611 2068 676 2122 ec
709 2052 838 2120 toti
870 2051 1182 2119 Ecclesioe
1210 2049 1717 2142 proponendam
1736 2071 1767 2136 ,·
1794 2073 1867 2118 ea
1889 2051 2121 2119 ductus
2152 2053 2419 2138 ratione,

154 2177 312 2264 quod
351 2173 596 2262 absque
649 2171 774 2238 hac
798 2167 1250 2258 approbatione
1279 2167 1423 2234 talis
1446 2168 1697 2255 ‘religio
1740 2169 1891 2235 satis
1938 2173 2075 2235 tuta
2126 2167 2193 2236 in
2242 2169 2423 2259 praxi

151 2310 274 2358 esse
291 2292 598 2378 nequeat.
629 2283 777 2365 Sed,
809 2289 1100 2373 utsupra
1128 2282 1437 2365 diximus,
1462 2283 1622 2349 ratio
1665 2281 1803 2350 haec
1838 2285 2109 2350 omnino
2136 2285 2425 2372 rigon-osa

153 2426 276 2474 non
326 2406 608 2472 videtur.
671 2400 885 2468 Potest
955 2397 1277 2487 ‘siquidem
1337 2419 1412 2464 ex
1466 2396 1763 2486 prudenti
1812 2398 2224 2467 aestimatione
2274 2402 2423 2492 satis
2472 2463 2477 2472 .

154 2527 440 2590 constare
485 2518 779 2606 aliquam
827 2513 1208 2603 religionem
1254 2512 1395 2603 (etsi
1434 2512 1513 2581 de
1572 2535 1641 2582 se
1703 2521 1916 2602 aptam
1976 2523 2051 2582 ut
2099 2514 2172 2582 in
2216 2519 2421 2583 totum

155 2633 376 2700 orbem
403 2641 422 2656 ⁹
445 2627 875 2720 diffundatur)
932 2627 1270 2695 honestam
1326 2647 1463 2695 esse
1500 2632 1564 2695 et
1618 2626 1842 2694 utilem
1870 2678 1893 2708 ,
1961 2629 2317 2718 praesertim
2368 2629 2424 2696 si

163 2745 510 2837 Episcopi,
557 2749 696 2835 ejus
743 2744 1220 2813 institutionem
1291 2749 1356 2809 et
1415 2728 1830 2809 diffusionem
1881 2743 2231 2828 intuentes,
2290 2764 2423 2810 non

163 2867 418 2929 tantum
462 2883 604 2930 eam
645 2881 774 2929 non
815 2857 1222 2950 prohibeant,
1262 2855 1372 2924 sed
1415 2855 1721 2924 fidelibus
1760 2877 1905 2924 eam
1934 2854 2427 2944 ingrediendam

167 2979 486 3046 suadeant.
561 2975 704 3058 Qua
783 2981 985 3042 stante
1043 2970 1464 3064 prudentium
1539 2970 1828 3038 virorum
1851 3021 1871 3053 ,
1924 2977 1987 3038 et
2069 2970 2427 3059 praesertim

161 3085 622 3182 Episcoporum
701 3084 1148 3166 aestimatione‚
1221 3088 1357 3150 tuta
1405 3086 1793 3150 conscientia
1859 3089 2161 3171 poterunt
2210 3081 2425 3149 fideles

163 3207 468 3294 ejusmodi
519 3203 908 3292 religionem
941 3197 1224 3288 ingredi,
1253 3196 1406 3266 licet
1445 3197 1742 3266 nondum
1794 3195 2208 3264 intervenerit
2244 3194 2428 3265 Sedis

162 3321 532 3408 Apostolicae
559 3371 584 3401 ,
666 3324 780 3404 aut
824 3313 1024 3382 ullius
1087 3317 1283 3379 etiam
1357 3309 1657 3400 Episcopi
1713 3310 1983 3400 positiva
2022 3311 2419 3401 approbatio.

163 3434 406 3504 Dictam
459 3443 684 3504 autem
735 3429 1020 3501 Suaresii
1073 3429 1454 3498 sententiam
1504 3428 1675 3498 clare
1716 3411 2091 3518 exprimunt
2135 3432 2274 3500 baec
2322 3432 2427 3519 ip·-

163 3554 292 3620 sius
345 3553 583 3622 verba:
625 3577 664 3616 ιι
698 3547 991 3619 Notanda
1037 3554 1133 3614 est
1179 3543 1541 3613 differentia
1574 3546 1739 3611 inter
1781 3535 1949 3612 lian'c
1991 3549 2427 3614 necessitatem

177 3693 206 3728 ιι
233 3666 748 3758 (approbationis)
805 3685 918 3730 seu
986 3661 1477 3752 obligationem,
1559 3666 1705 3725 ante
1759 3659 1859 3727 vel
1928 3668 2071 3751 post
2128 3657 2427 3727 ecclesia-

181 3812 212 3846 ιι
237 3787 456 3852 sticam
492 3781 1002 3873 prohibitionem
1037 3801 1054 3846 ε
1097 3799 1248 3844 nam
1299 3785 1447 3844 ante
1498 3773 1997 3864 prohibitionem
2035 3794 2167 3841 non
2196 3793 2427 3862 pecca-

179 3905 356 3980 «ret,
391 3897 504 3988 qui
578 3918 697 3968 suo
750 3893 1052 3986 prudenti
1087 3890 1333 3980 judicio
1387 3897 1449 3958 et
1501 3887 1769 3958 arbitrio
1818 3889 2085 3956 modum
2134 3887 2430 3974 religiose

179 4011 484 4082 «vivendi
536 4011 858 4082 inveniret
884 4059 905 4095 ,
964 4015 1026 4076 et
1097 4008 1443 4074 honestum
1509 4009 1574 4072 et
1638 4005 1717 4072 ad
1774 4003 2228 4093 perfectionem
2306 4007 2430 4072 uti-

254 4310 328 4374 (ι)
351 4307 568 4374 lntetllge
589 4308 655 4357 de
677 4307 804 4374 jure
829 4303 984 4355 etiam
1012 4300 1216 4363 clivium
1239 4313 1351 4352 nam
1393 4297 1527 4363 quod
1560 4295 1849 4360 requiratur
1867 4293 1931 4343 de
1956 4297 2071 4356 jure
2097 4295 2427 4350 ecclesiastico

183 4401 316 4448 extra
337 4399 714 4450 controversiam
731 4399 828 4446 est.
