2834 4959
1051 391 1204 439 rans
1253 392 1549 440 saeuum.
2322 391 2438 448 301

161 524 198 564 α
237 499 500 565 constat
523 515 601 564 ex
621 497 776 584 Jure
817 495 1184 581 communi,
1211 496 1386 586 quod
1420 497 1475 565 si
1504 495 1679 586 apud
1720 515 1839 566 nos
1874 496 2124 586 eligunt
2160 502 2447 593 sepeliri,

159 637 195 678 α
237 619 535 703 possent,
565 618 632 681 et
669 611 851 693 alibi,
883 611 938 680 si
964 611 1222 696 vellent,
1255 613 1663 702 ubicunque,
1692 612 1833 681 sine
1854 613 2235 704 praejudicio
2260 639 2448 708 paro-
2494 625 2502 632 ’

161 755 196 792 α
241 726 488 796 chialis
561 726 848 798 ecclesiae
907 727 1031 796 hoc
1077 727 1314 810 lacet-03
1363 747 1485 796 nec
1530 725 1613 796 ad
1640 727 1769 798 hoc
1810 734 2071 820 possent
2116 731 2191 800 in
2224 732 2446 824 aliquo

159 868 198 908 tt
245 841 590 932 impediri.
631 867 666 908 ι

255 954 354 1024 Ex
395 955 498 1024 his
549 961 722 1047 patet
765 975 967 1045 quam
1001 956 1348 1045 antiquum
1378 958 1464 1024 sit
1500 957 1613 1046 jus
1645 977 1845 1027 novos
1886 967 2241 1032 conventus
2286 965 2447 1036 fun-

161 1071 401 1156 dandi,
454 1072 619 1162 quin
667 1070 918 1140 obstare
974 1073 1172 1161 possit
1223 1070 1511 1140 ecclesiae
1546 1073 1931 1163 parochialis
1970 1082 2204 1159 rector,
2254 1081 2447 1151 modo

161 1195 642 1276 praeserventur
671 1186 846 1277 jura
888 1185 1092 1278 ipsius
1136 1186 1583 1278 parochialia,
1632 1191 1933 1278 quamvis
1978 1193 2049 1260 in
2079 1198 2322 1264 caeteris
2366 1198 2450 1266 ad

164 1321 328 1391 quoe
348 1303 464 1391 jus
491 1321 618 1370 non
641 1301 858 1384 habet,
889 1301 1420 1372 imminutionem
1450 1308 1513 1372 et
1548 1303 2005 1394 praeJudicium
2032 1306 2293 1400 aliquod
2330 1332 2447 1402 pa-

164 1417 402 1486 tiatur.
1437 1459 1443 1466 ·

255 1530 560 1602 Diximus
589 1539 810 1603 autem
851 1533 925 1603 in
969 1533 1165 1618 thesi,
1195 1533 1591 1624 requlariter
1636 1533 1963 1626 loquendo
1974 1557 2004 1622 ;
2042 1540 2198 1628 quia
2236 1539 2449 1611 sicubi

161 1647 322 1718 forte
385 1648 708 1738 parochus
752 1649 834 1717 ad
879 1647 1214 1718 honestam
1258 1642 1787 1719 sustentationem
1832 1671 1963 1720 non
2013 1651 2279 1722 haberet
2323 1654 2449 1722 nisi

161 1767 556 1854 spontaneas
589 1763 882 1832 fidelium
926 1763 1302 1844 oblationes,
1347 1769 1410 1831 et
1440 1783 1516 1832 ex
1548 1764 1699 1832 novi
1728 1771 2083 1835 conventus
2128 1770 2449 1838 erectione

165 1877 410 1947 harum
433 1879 816 1948 imminutio
851 1878 1216 1948 notabiliter
1235 1882 1539 1946 secutura
1563 1876 1669 1960 sit,
1698 1879 1872 1967 justa
1910 1878 2135 1968 utique
2160 1880 2228 1949 id
2262 1904 2451 1952 causa

170 1991 543 2062 censebitur
571 1991 1022 2064 fundationem
1048 1992 1455 2082 denegandi3
1489 1997 1683 2081 prout
1715 1990 1819 2060 vel
1864 2013 1941 2062 ex
1982 1993 2121 2082 ipsa
2166 1994 2448 2062 naturali

167 2108 466 2199 requitate
492 2108 1019 2180 concludendum
1045 2110 1322 2179 videtur.

1213 2349 1256 2440 ς
1299 2347 1414 2419 lv,

174 2589 250 2639 An
265 2592 356 2650 jus
380 2587 615 2653 parochis
663 2593 953 2654 competens
983 2599 1094 2641 sese
1123 2600 1374 2640 novorum
1411 2593 1757 2640 conventuum
1783 2594 2023 2642 erectioni
2044 2592 2353 2657 opponam,
2384 2593 2448 2643 ob

237 2677 360 2729 lua
388 2677 692 2742 parochialia
735 2689 828 2730 sua
866 2678 1006 2741 lura,
1045 2677 1202 2730 etiam
1245 2678 1437 2728 curatis
1466 2675 1533 2727 ad
1564 2680 1755 2727 nutum
1786 2678 2142 2732 amovtbutbus
2167 2683 2451 2746 competere

243 2765 556 2818 censendum
581 2769 642 2818 stt
657 2768 681 2816 Ρ
1401 2757 1408 2767 ’

275 2950 747 3019 Praenotanda.
795 2987 888 3002 —
929 2951 992 3018 1⁰
1041 2949 1290 3041 Duplex
1336 2945 1795 3036 distinguenda
1841 2952 2215 3016 curatorum
2266 2969 2453 3019 amo-

183 3065 488 3136 vibilium
528 3071 764 3158 species
817 3091 833 3135 ε
896 3073 1268 3137 curatorum
1317 3085 1551 3156 nempe
1604 3061 2031 3149 vicariorum,
2088 3065 2203 3153 qui
2252 3067 2452 3137 solam

181 3181 422 3250 habent
469 3203 694 3250 curam
738 3182 1095 3267 actualem,
1143 3204 1255 3250 seu
1306 3183 1518 3250 solum
1566 3179 1942 3248 exercitium
1999 3199 2199 3263 curse,
2252 3183 2455 3248 stante

177 3319 374 3386 penes
399 3296 600 3366 alium
625 3297 960 3367 habituali
987 3319 1143 3368 cura
1160 3325 1178 3386 ;
1196 3304 1270 3366 et·
1286 3301 1661 3366 curatorum
1688 3315 1824 3362 non
1854 3293 2278 3381 vicariorum,
2310 3297 2453 3388 qui,

183 3411 336 3483 licet
375 3413 456 3483 ad
503 3422 746 3484 nutum
790 3414 1066 3504 alicujus
1109 3415 1240 3483 sint
1281 3412 1684 3490 amovibiles,
1736 3409 1978 3477 habent
2005 3418 2220 3482 tamen
2266 3413 2456 3484 hahi-

182 3525 426 3596 tualem
471 3527 676 3597 simul
713 3534 775 3598 et
806 3527 1122 3597 actualem
1149 3548 1403 3605 curam,
1438 3526 1523 3594 ita
1544 3531 1619 3593 ut
1641 3523 1888 3593 nullius
1918 3523 2046 3593 sint
2084 3527 2338 3595 vicarii.
2370 3563 2456 3578 -

181 3641 244 3707 2ο
313 3639 543 3712 Solent
593 3644 884 3733 plerique
930 3643 1277 3714 canonistae
1328 3641 1408 3710 de
1469 3641 1671 3732 priori
1723 3640 2031 3709 duntaxat
2085 3645 2457 3708 curatorum

182 3757 636 3829 amovibilium
683 3760 895 3850 specie
925 3760 1318 3829 mentionem
1361 3758 1569 3825 facere
1615 3779 1635 3825 ε
1690 3755 1814 3825 hoc
1843 3756 1981 3847 ipso
2018 3775 2255 3845 nempe
2284 3756 2458 3844 quod

182 3881 448 3940 curatus
494 3875 576 3941 sit
627 3871 1019 3960 amovibilis,
1073 3895 1187 3943 seu
1245 3893 1380 3941 non
1436 3871 1665 3940 habeat
1717 3871 2104 3941 beneficium
2157 3875 2457 3938 curatum

184 3997 599 4083 perpetuum,
651 4000 1029 4085 supponunt
1084 4016 1238 4064 eum
1300 4014 1439 4063 esse
1491 3990 1819 4059 vicarium
1874 3989 2156 4076 alteriuS‚
2216 3988 2331 4078 qui
2376 3988 2460 4056 sit

185 4112 402 4174 rector
451 4108 824 4200 principalis
867 4117 932 4177 et
959 4130 1186 4178 curam
1217 4106 1617 4176 habitualem
1658 4107 1949 4189 retineat,
1996 4103 2175 4171 verbi
2224 4105 2458 4192 gratia,

186 4218 460 4310 alicujus
515 4223 889 4292 monasterii
932 4225 1033 4293 vel
1075 4223 1367 4316 capituli,
1433 4223 1541 4291 cui
1581 4219 1885 4313 parochia
1928 4239 2176 4287 annexa
2212 4217 2319 4298 sit,
2358 4232 2461 4299 vel

183 4335 370 4404 etiam
419 4339 758 4431 ipsiusmet
787 4339 1113 4432 Episcopi,
1150 4342 1340 4431 cujus
1385 4357 1627 4407 mensae
1668 4333 1972 4427 parochia
1996 4334 2182 4402 unita
2210 4331 2452 4400 existat.

187 4447 264 4518 Et
301 4473 520 4523 revera
564 4463 708 4525 ante
737 4461 976 4525 erectas
1014 4476 1188 4524 anno
1219 4452 1391 4524 1802
1433 4451 1655 4522 Galliae
1692 4454 1756 4519 et
1784 4447 1992 4540 Belgii
2031 4445 2451 4530 succursales,
