<?xml version="1.0" encoding="UTF-8"?>
<!DOCTYPE html PUBLIC "-//W3C//DTD XHTML 1.0 Transitional//EN"
    "http://www.w3.org/TR/xhtml1/DTD/xhtml1-transitional.dtd">
<html xmlns="http://www.w3.org/1999/xhtml" xml:lang="en" lang="en">
 <head>
  <title>
</title>
<meta http-equiv="Content-Type" content="text/html;charset=utf-8" />
  <meta name='ocr-system' content='tesseract 3.04.00' />
  <meta name='ocr-capabilities' content='ocr_page ocr_carea ocr_par ocr_line ocrx_word'/>
</head>
<body>
  <div class='ocr_page' id='page_1' title='image "./tractatusdejure01unkngoog_0401.png"; bbox 0 0 2834 4959; ppageno 0'>
   <div class='ocr_carea' id='block_1_1' title="bbox 1040 368 2396 427">
    <p class='ocr_par' dir='ltr' id='par_1_1' title="bbox 1040 368 2396 427">
     <span class='ocr_line' id='line_1_1' title="bbox 1040 368 2396 427; baseline 0.009 -12"><span class='ocrx_word' id='word_1_1' title='bbox 1040 368 1192 416; x_wconf 77' lang='lat' dir='ltr'>PARS</span> <span class='ocrx_word' id='word_1_2' title='bbox 1232 370 1472 419; x_wconf 75' lang='lat' dir='ltr'>TERTIA.</span> <span class='ocrx_word' id='word_1_3' title='bbox 2278 370 2353 426; x_wconf 82' lang='lat'>38</span> <span class='ocrx_word' id='word_1_4' title='bbox 2363 371 2396 427; x_wconf 84' lang='lat'><strong><em>3</em></strong></span> 
     </span>
    </p>
   </div>
   <div class='ocr_carea' id='block_1_2' title="bbox 129 478 2400 820">
    <p class='ocr_par' dir='ltr' id='par_1_2' title="bbox 129 478 2400 820">
     <span class='ocr_line' id='line_1_2' title="bbox 132 478 2398 586; baseline 0.001 -24"><span class='ocrx_word' id='word_1_5' title='bbox 132 491 547 583; x_wconf 82' lang='lat' dir='ltr'>chiepiscopie</span> <span class='ocrx_word' id='word_1_6' title='bbox 601 495 665 559; x_wconf 86' lang='lat' dir='ltr'>et</span> <span class='ocrx_word' id='word_1_7' title='bbox 691 488 1025 580; x_wconf 81' lang='lat' dir='ltr'>Episcopis</span> <span class='ocrx_word' id='word_1_8' title='bbox 1042 489 1340 579; x_wconf 75' lang='lat' dir='ltr'>facultas,</span> <span class='ocrx_word' id='word_1_9' title='bbox 1365 478 1694 560; x_wconf 78' lang='lat' dir='ltr'>annuente</span> <span class='ocrx_word' id='word_1_10' title='bbox 1720 491 2077 578; x_wconf 88' lang='lat' dir='ltr'>Gubernio,</span> <span class='ocrx_word' id='word_1_11' title='bbox 2109 496 2398 586; x_wconf 87' lang='lat' dir='ltr'>erigendi</span> 
     </span>
     <span class='ocr_line' id='line_1_3' title="bbox 131 606 2400 701; baseline 0.003 -22"><span class='ocrx_word' id='word_1_12' title='bbox 131 610 401 701; x_wconf 87' lang='lat' dir='ltr'>capitula</span> <span class='ocrx_word' id='word_1_13' title='bbox 446 606 841 678; x_wconf 71' lang='lat' dir='ltr'>cathedralia</span> <span class='ocrx_word' id='word_1_14' title='bbox 876 614 940 676; x_wconf 86' lang='lat' dir='ltr'>et</span> <span class='ocrx_word' id='word_1_15' title='bbox 978 609 1367 694; x_wconf 84' lang='lat' dir='ltr'>seminaria3</span> <span class='ocrx_word' id='word_1_16' title='bbox 1411 617 1476 680; x_wconf 90' lang='lat' dir='ltr'>et</span> <span class='ocrx_word' id='word_1_17' title='bbox 1501 610 1762 681; x_wconf 85' lang='lat' dir='ltr'>additur</span> <span class='ocrx_word' id='word_1_18' title='bbox 1791 636 1809 683; x_wconf 72' lang='grc' dir='ltr'><strong><em>ε</em></strong></span> <span class='ocrx_word' id='word_1_19' title='bbox 1856 614 2084 682; x_wconf 82' lang='lat' dir='ltr'>omnia</span> <span class='ocrx_word' id='word_1_20' title='bbox 2112 615 2258 684; x_wconf 81' lang='lat' dir='ltr'>alia</span> <span class='ocrx_word' id='word_1_21' title='bbox 2283 616 2400 685; x_wconf 81' lang='lat' dir='ltr'>in-</span> 
     </span>
     <span class='ocr_line' id='line_1_4' title="bbox 129 722 2396 820; baseline 0.002 -25"><span class='ocrx_word' id='word_1_22' title='bbox 129 726 355 795; x_wconf 79' lang='lat' dir='ltr'>stituta</span> <span class='ocrx_word' id='word_1_23' title='bbox 376 722 817 794; x_wconf 78' lang='lat' dir='ltr'>ecclesiastica</span> <span class='ocrx_word' id='word_1_24' title='bbox 844 734 1005 792; x_wconf 80' lang='lat' dir='ltr'>sunt</span> <span class='ocrx_word' id='word_1_25' title='bbox 1032 746 1409 817; x_wconf 76' lang='lat' dir='ltr'>suppressa.</span> <span class='ocrx_word' id='word_1_26' title='bbox 1436 728 1516 794; x_wconf 73' lang='lat' dir='ltr'>At</span> <span class='ocrx_word' id='word_1_27' title='bbox 1543 730 1696 795; x_wconf 84' lang='lat' dir='ltr'>noto</span> <span class='ocrx_word' id='word_1_28' title='bbox 1723 729 1940 797; x_wconf 86' lang='lat' dir='ltr'>notius</span> <span class='ocrx_word' id='word_1_29' title='bbox 1964 734 2056 797; x_wconf 88' lang='lat' dir='ltr'>est</span> <span class='ocrx_word' id='word_1_30' title='bbox 2079 731 2396 820; x_wconf 88' lang='lat' dir='ltr'>ejusmodi</span> 
     </span>
    </p>
   </div>
   <div class='ocr_carea' id='block_1_3' title="bbox 27 837 2514 929">
    <p class='ocr_par' dir='ltr' id='par_1_3' title="bbox 27 837 2514 929">
     <span class='ocr_line' id='line_1_5' title="bbox 27 837 2514 929; baseline 0.004 -21"><span class='ocrx_word' id='word_1_31' title='bbox 27 886 29 921; x_wconf 83' lang='lat'><em>÷</em></span> <span class='ocrx_word' id='word_1_32' title='bbox 130 841 447 927; x_wconf 85' lang='lat' dir='ltr'>articulos,</span> <span class='ocrx_word' id='word_1_33' title='bbox 495 839 567 906; x_wconf 89' lang='lat' dir='ltr'>in</span> <span class='ocrx_word' id='word_1_34' title='bbox 616 843 941 928; x_wconf 88' lang='lat' dir='ltr'>quantum</span> <span class='ocrx_word' id='word_1_35' title='bbox 976 838 1058 906; x_wconf 91' lang='lat' dir='ltr'>de</span> <span class='ocrx_word' id='word_1_36' title='bbox 1102 837 1299 907; x_wconf 87' lang='lat' dir='ltr'>rebus</span> <span class='ocrx_word' id='word_1_37' title='bbox 1344 838 1794 911; x_wconf 86' lang='lat' dir='ltr'>ecclesiasticis</span> <span class='ocrx_word' id='word_1_38' title='bbox 1839 844 2225 929; x_wconf 86' lang='lat' dir='ltr'>decernunt,</span> <span class='ocrx_word' id='word_1_39' title='bbox 2259 846 2395 916; x_wconf 83' lang='lat' dir='ltr'>vim</span> <span class='ocrx_word' id='word_1_40' title='bbox 2501 841 2514 847; x_wconf 71' lang='grc'><strong>’</strong></span> 
     </span>
    </p>
   </div>
   <div class='ocr_carea' id='block_1_4' title="bbox 27 953 2394 1161">
    <p class='ocr_par' dir='ltr' id='par_1_4' title="bbox 27 953 2394 1161">
     <span class='ocr_line' id='line_1_6' title="bbox 27 953 2394 1057; baseline 0.005 -38"><span class='ocrx_word' id='word_1_41' title='bbox 27 956 29 1006; x_wconf 90' lang='lat'><strong>:</strong></span> <span class='ocrx_word' id='word_1_42' title='bbox 130 956 289 1045; x_wconf 84' lang='lat' dir='ltr'>legis</span> <span class='ocrx_word' id='word_1_43' title='bbox 338 953 661 1023; x_wconf 59' lang='lat' dir='ltr'>canonica}</span> <span class='ocrx_word' id='word_1_44' title='bbox 715 972 1057 1041; x_wconf 85' lang='lat' dir='ltr'>nunquam</span> <span class='ocrx_word' id='word_1_45' title='bbox 1124 953 1468 1038; x_wconf 86' lang='lat' dir='ltr'>habuisse,</span> <span class='ocrx_word' id='word_1_46' title='bbox 1526 962 1746 1047; x_wconf 79' lang='lat' dir='ltr'>utpote</span> <span class='ocrx_word' id='word_1_47' title='bbox 1805 956 1888 1026; x_wconf 87' lang='lat' dir='ltr'>ab</span> <span class='ocrx_word' id='word_1_48' title='bbox 1934 959 2394 1057; x_wconf 82' lang='lat' dir='ltr'>incompetenti</span> 
     </span>
     <span class='ocr_line' id='line_1_7' title="bbox 130 1066 1572 1161; baseline 0 -22"><span class='ocrx_word' id='word_1_49' title='bbox 130 1068 333 1161; x_wconf 85' lang='lat' dir='ltr'>quoad</span> <span class='ocrx_word' id='word_1_50' title='bbox 370 1068 541 1137; x_wconf 85' lang='lat' dir='ltr'>hanc</span> <span class='ocrx_word' id='word_1_51' title='bbox 566 1066 904 1136; x_wconf 84' lang='lat' dir='ltr'>materiam</span> <span class='ocrx_word' id='word_1_52' title='bbox 940 1073 1245 1160; x_wconf 79' lang='lat' dir='ltr'>potestate</span> <span class='ocrx_word' id='word_1_53' title='bbox 1272 1072 1572 1140; x_wconf 76' lang='lat' dir='ltr'>sancitos,</span> 
     </span>
    </p>
   </div>
   <div class='ocr_carea' id='block_1_5' title="bbox 130 1181 2400 1393">
    <p class='ocr_par' dir='ltr' id='par_1_5' title="bbox 130 1181 2400 1393">
     <span class='ocr_line' id='line_1_8' title="bbox 212 1181 2395 1280; baseline 0.003 -27"><span class='ocrx_word' id='word_1_54' title='bbox 212 1183 523 1253; x_wconf 65' lang='lat' dir='ltr'>Praeterea</span> <span class='ocrx_word' id='word_1_55' title='bbox 563 1181 899 1251; x_wconf 87' lang='lat' dir='ltr'>notorium</span> <span class='ocrx_word' id='word_1_56' title='bbox 953 1187 1047 1251; x_wconf 87' lang='lat' dir='ltr'>est</span> <span class='ocrx_word' id='word_1_57' title='bbox 1091 1189 1315 1252; x_wconf 88' lang='lat' dir='ltr'>contra</span> <span class='ocrx_word' id='word_1_58' title='bbox 1362 1186 1683 1276; x_wconf 82' lang='lat' dir='ltr'>ejusmodi</span> <span class='ocrx_word' id='word_1_59' title='bbox 1721 1188 2027 1257; x_wconf 83' lang='lat' dir='ltr'>articulos</span> <span class='ocrx_word' id='word_1_60' title='bbox 2073 1189 2314 1280; x_wconf 85' lang='lat' dir='ltr'>pluries</span> <span class='ocrx_word' id='word_1_61' title='bbox 2361 1214 2395 1259; x_wconf 91' lang='lat' dir='ltr'>a</span> 
     </span>
     <span class='ocr_line' id='line_1_9' title="bbox 130 1292 2400 1393; baseline 0.003 -30"><span class='ocrx_word' id='word_1_62' title='bbox 130 1296 267 1363; x_wconf 86' lang='lat' dir='ltr'>sede</span> <span class='ocrx_word' id='word_1_63' title='bbox 310 1292 687 1385; x_wconf 87' lang='lat' dir='ltr'>Apostolica</span> <span class='ocrx_word' id='word_1_64' title='bbox 730 1292 1153 1373; x_wconf 77' lang='lat' dir='ltr'>reclamatum</span> <span class='ocrx_word' id='word_1_65' title='bbox 1198 1294 1393 1363; x_wconf 78' lang='lat' dir='ltr'>fuisse</span> <span class='ocrx_word' id='word_1_66' title='bbox 1447 1294 1616 1386; x_wconf 80' lang='lat' dir='ltr'>(vide</span> <span class='ocrx_word' id='word_1_67' title='bbox 1661 1295 1935 1383; x_wconf 88' lang='lat' dir='ltr'>Artaud,</span> <span class='ocrx_word' id='word_1_68' title='bbox 1991 1298 2276 1368; x_wconf 79' lang='lat' dir='ltr'>Histoire</span> <span class='ocrx_word' id='word_1_69' title='bbox 2321 1300 2400 1393; x_wconf 84' lang='lat' dir='ltr'>de</span> 
     </span>
    </p>
   </div>
   <div class='ocr_carea' id='block_1_6' title="bbox 130 1405 2400 2413">
    <p class='ocr_par' dir='ltr' id='par_1_6' title="bbox 130 1405 2400 2413">
     <span class='ocr_line' id='line_1_10' title="bbox 130 1405 2400 1505; baseline 0.003 -28"><span class='ocrx_word' id='word_1_70' title='bbox 130 1410 303 1477; x_wconf 80' lang='lat' dir='ltr'>Le&#39;on</span> <span class='ocrx_word' id='word_1_71' title='bbox 340 1410 497 1491; x_wconf 88' lang='lat' dir='ltr'><strong><em>XII,</em></strong></span> <span class='ocrx_word' id='word_1_72' title='bbox 534 1412 709 1475; x_wconf 90' lang='lat' dir='ltr'>tomo</span> <span class='ocrx_word' id='word_1_73' title='bbox 742 1405 814 1488; x_wconf 80' lang='lat'>2,</span> <span class='ocrx_word' id='word_1_74' title='bbox 856 1427 1005 1498; x_wconf 87' lang='lat' dir='ltr'>pag.</span> <span class='ocrx_word' id='word_1_75' title='bbox 1060 1407 1215 1491; x_wconf 82' lang='lat'><strong>124,</strong></span> <span class='ocrx_word' id='word_1_76' title='bbox 1267 1409 1422 1477; x_wconf 89' lang='lat' dir='ltr'>edit.</span> <span class='ocrx_word' id='word_1_77' title='bbox 1459 1408 1720 1479; x_wconf 80' lang='lat' dir='ltr'>Bruxel.</span> <span class='ocrx_word' id='word_1_78' title='bbox 1771 1410 1993 1501; x_wconf 85' lang='lat'><strong>1843).</strong></span> <span class='ocrx_word' id='word_1_79' title='bbox 2045 1412 2123 1481; x_wconf 80' lang='lat' dir='ltr'>Et</span> <span class='ocrx_word' id='word_1_80' title='bbox 2157 1417 2400 1505; x_wconf 86' lang='lat' dir='ltr'>specia-</span> 
     </span>
     <span class='ocr_line' id='line_1_11' title="bbox 130 1524 2399 1623; baseline 0.003 -29"><span class='ocrx_word' id='word_1_81' title='bbox 130 1527 270 1595; x_wconf 87' lang='lat' dir='ltr'>liter</span> <span class='ocrx_word' id='word_1_82' title='bbox 304 1533 523 1596; x_wconf 90' lang='lat' dir='ltr'>contra</span> <span class='ocrx_word' id='word_1_83' title='bbox 562 1524 988 1594; x_wconf 86' lang='lat' dir='ltr'>undecimum</span> <span class='ocrx_word' id='word_1_84' title='bbox 1040 1548 1117 1595; x_wconf 81' lang='lat' dir='ltr'>ex</span> <span class='ocrx_word' id='word_1_85' title='bbox 1166 1527 1302 1595; x_wconf 87' lang='lat' dir='ltr'>istis</span> <span class='ocrx_word' id='word_1_86' title='bbox 1342 1526 1661 1616; x_wconf 87' lang='lat' dir='ltr'>articulis,</span> <span class='ocrx_word' id='word_1_87' title='bbox 1711 1551 1840 1619; x_wconf 92' lang='lat' dir='ltr'>quo</span> <span class='ocrx_word' id='word_1_88' title='bbox 1893 1552 2234 1623; x_wconf 84' lang='lat' dir='ltr'>suppressa</span> <span class='ocrx_word' id='word_1_89' title='bbox 2291 1534 2399 1602; x_wconf 92' lang='lat' dir='ltr'>de-</span> 
     </span>
     <span class='ocr_line' id='line_1_12' title="bbox 134 1640 2400 1737; baseline 0.003 -26"><span class='ocrx_word' id='word_1_90' title='bbox 134 1642 547 1713; x_wconf 84' lang='lat' dir='ltr'>cernebantur</span> <span class='ocrx_word' id='word_1_91' title='bbox 602 1640 825 1711; x_wconf 83' lang='lat' dir='ltr'>omnia</span> <span class='ocrx_word' id='word_1_92' title='bbox 886 1640 1179 1710; x_wconf 82' lang='lat' dir='ltr'>instituta</span> <span class='ocrx_word' id='word_1_93' title='bbox 1247 1641 1696 1733; x_wconf 85' lang='lat' dir='ltr'>ecclesiastica,</span> <span class='ocrx_word' id='word_1_94' title='bbox 1752 1644 1906 1715; x_wconf 76' lang='lat' dir='ltr'>solis</span> <span class='ocrx_word' id='word_1_95' title='bbox 1969 1648 2244 1737; x_wconf 87' lang='lat' dir='ltr'>exceptis</span> <span class='ocrx_word' id='word_1_96' title='bbox 2291 1670 2400 1717; x_wconf 86' lang='lat' dir='ltr'>ca-</span> 
     </span>
     <span class='ocr_line' id='line_1_13' title="bbox 133 1754 2398 1847; baseline 0.003 -22"><span class='ocrx_word' id='word_1_97' title='bbox 133 1758 519 1827; x_wconf 85' lang='lat' dir='ltr'>thedralibus</span> <span class='ocrx_word' id='word_1_98' title='bbox 592 1754 892 1847; x_wconf 86' lang='lat' dir='ltr'>capitulis</span> <span class='ocrx_word' id='word_1_99' title='bbox 972 1764 1036 1826; x_wconf 90' lang='lat' dir='ltr'>et</span> <span class='ocrx_word' id='word_1_100' title='bbox 1096 1758 1470 1827; x_wconf 73' lang='lat' dir='ltr'>&#39;seminariis</span> <span class='ocrx_word' id='word_1_101' title='bbox 1489 1809 1510 1845; x_wconf 87' lang='lat'><strong><em>,</em></strong></span> <span class='ocrx_word' id='word_1_102' title='bbox 1592 1760 1972 1829; x_wconf 80' lang='lat' dir='ltr'>reclamavit</span> <span class='ocrx_word' id='word_1_103' title='bbox 2038 1760 2398 1834; x_wconf 87' lang='lat' dir='ltr'>Cardinalis</span> 
     </span>
     <span class='ocr_line' id='line_1_14' title="bbox 132 1867 2392 1959; baseline 0.002 -23"><span class='ocrx_word' id='word_1_104' title='bbox 132 1867 447 1959; x_wconf 88' lang='lat' dir='ltr'>Caprara,</span> <span class='ocrx_word' id='word_1_105' title='bbox 484 1888 679 1957; x_wconf 86' lang='lat' dir='ltr'>supra</span> <span class='ocrx_word' id='word_1_106' title='bbox 712 1867 901 1937; x_wconf 86' lang='lat' dir='ltr'>citata</span> <span class='ocrx_word' id='word_1_107' title='bbox 960 1867 1229 1959; x_wconf 83' lang='lat' dir='ltr'>epistola</span> <span class='ocrx_word' id='word_1_108' title='bbox 1272 1869 1353 1937; x_wconf 86' lang='lat' dir='ltr'>ad</span> <span class='ocrx_word' id='word_1_109' title='bbox 1397 1868 1814 1938; x_wconf 87' lang='lat' dir='ltr'>Gubernium</span> <span class='ocrx_word' id='word_1_110' title='bbox 1860 1868 2084 1939; x_wconf 81' lang='lat' dir='ltr'>Galliae</span> <span class='ocrx_word' id='word_1_111' title='bbox 2129 1872 2392 1941; x_wconf 85' lang='lat' dir='ltr'>directa.</span> 
     </span>
     <span class='ocr_line' id='line_1_15' title="bbox 130 1981 2399 2073; baseline 0.001 -22"><span class='ocrx_word' id='word_1_112' title='bbox 130 1981 315 2051; x_wconf 82' lang='lat' dir='ltr'>Unde</span> <span class='ocrx_word' id='word_1_113' title='bbox 350 1982 667 2049; x_wconf 87' lang='lat' dir='ltr'>absonum</span> <span class='ocrx_word' id='word_1_114' title='bbox 688 2003 952 2072; x_wconf 87' lang='lat' dir='ltr'>prorsus</span> <span class='ocrx_word' id='word_1_115' title='bbox 989 1982 1152 2052; x_wconf 80' lang='lat' dir='ltr'>foret</span> <span class='ocrx_word' id='word_1_116' title='bbox 1177 1984 1384 2052; x_wconf 85' lang='lat' dir='ltr'>dictos</span> <span class='ocrx_word' id='word_1_117' title='bbox 1429 1983 1736 2053; x_wconf 85' lang='lat' dir='ltr'>articulos</span> <span class='ocrx_word' id='word_1_118' title='bbox 1766 1984 2070 2073; x_wconf 78' lang='lat' dir='ltr'>allegare,</span> <span class='ocrx_word' id='word_1_119' title='bbox 2101 1986 2180 2052; x_wconf 85' lang='lat' dir='ltr'>ad</span> <span class='ocrx_word' id='word_1_120' title='bbox 2219 2008 2399 2054; x_wconf 89' lang='lat' dir='ltr'>asse-</span> 
     </span>
     <span class='ocr_line' id='line_1_16' title="bbox 131 2094 2394 2190; baseline 0.003 -27"><span class='ocrx_word' id='word_1_121' title='bbox 131 2096 393 2165; x_wconf 87' lang='lat' dir='ltr'>rendam</span> <span class='ocrx_word' id='word_1_122' title='bbox 434 2094 825 2184; x_wconf 84' lang='lat' dir='ltr'>regularium</span> <span class='ocrx_word' id='word_1_123' title='bbox 864 2100 937 2167; x_wconf 89' lang='lat' dir='ltr'>in</span> <span class='ocrx_word' id='word_1_124' title='bbox 964 2095 1171 2166; x_wconf 85' lang='lat' dir='ltr'>Gallia</span> <span class='ocrx_word' id='word_1_125' title='bbox 1206 2104 1272 2169; x_wconf 89' lang='lat' dir='ltr'>et</span> <span class='ocrx_word' id='word_1_126' title='bbox 1300 2097 1529 2188; x_wconf 83' lang='lat' dir='ltr'>Belgio</span> <span class='ocrx_word' id='word_1_127' title='bbox 1567 2098 2114 2190; x_wconf 75' lang='lat' dir='ltr'>suppressionem.</span> <span class='ocrx_word' id='word_1_128' title='bbox 2157 2099 2394 2169; x_wconf 89' lang='lat' dir='ltr'>lncon·</span> 
     </span>
     <span class='ocr_line' id='line_1_17' title="bbox 132 2207 2392 2301; baseline 0.002 -27"><span class='ocrx_word' id='word_1_129' title='bbox 132 2228 303 2276; x_wconf 85' lang='lat' dir='ltr'>cussa</span> <span class='ocrx_word' id='word_1_130' title='bbox 346 2207 587 2277; x_wconf 85' lang='lat' dir='ltr'>veritas</span> <span class='ocrx_word' id='word_1_131' title='bbox 612 2212 727 2293; x_wconf 76' lang='lat' dir='ltr'>est,</span> <span class='ocrx_word' id='word_1_132' title='bbox 768 2228 1111 2301; x_wconf 76' lang='lat' dir='ltr'>oppressos</span> <span class='ocrx_word' id='word_1_133' title='bbox 1149 2228 1257 2277; x_wconf 85' lang='lat' dir='ltr'>eos</span> <span class='ocrx_word' id='word_1_134' title='bbox 1288 2208 1514 2297; x_wconf 83' lang='lat' dir='ltr'>fuisse,</span> <span class='ocrx_word' id='word_1_135' title='bbox 1558 2216 1632 2278; x_wconf 88' lang='lat' dir='ltr'>ut</span> <span class='ocrx_word' id='word_1_136' title='bbox 1657 2208 1758 2279; x_wconf 90' lang='lat' dir='ltr'>Pii</span> <span class='ocrx_word' id='word_1_137' title='bbox 1806 2208 1932 2278; x_wconf 89' lang='lat' dir='ltr'>v11</span> <span class='ocrx_word' id='word_1_138' title='bbox 1959 2208 2170 2279; x_wconf 84' lang='lat' dir='ltr'>verbis</span> <span class='ocrx_word' id='word_1_139' title='bbox 2205 2216 2392 2297; x_wconf 83' lang='lat' dir='ltr'>utar3</span> 
     </span>
     <span class='ocr_line' id='line_1_18' title="bbox 132 2322 999 2413; baseline 0.003 -25"><span class='ocrx_word' id='word_1_140' title='bbox 132 2344 498 2413; x_wconf 80' lang='lat' dir='ltr'>suppressos</span> <span class='ocrx_word' id='word_1_141' title='bbox 516 2342 667 2391; x_wconf 81' lang='lat' dir='ltr'>vero</span> <span class='ocrx_word' id='word_1_142' title='bbox 698 2322 999 2393; x_wconf 86' lang='lat' dir='ltr'>minime.</span> 
     </span>
    </p>
   </div>
   <div class='ocr_carea' id='block_1_7' title="bbox 212 2435 2398 2529">
    <p class='ocr_par' dir='ltr' id='par_1_7' title="bbox 212 2435 2398 2529">
     <span class='ocr_line' id='line_1_19' title="bbox 212 2435 2398 2529; baseline 0.002 -24"><span class='ocrx_word' id='word_1_143' title='bbox 212 2435 341 2506; x_wconf 88' lang='lat' dir='ltr'>Nec</span> <span class='ocrx_word' id='word_1_144' title='bbox 375 2456 753 2528; x_wconf 87' lang='lat' dir='ltr'>suppressos</span> <span class='ocrx_word' id='word_1_145' title='bbox 782 2458 903 2505; x_wconf 89' lang='lat' dir='ltr'>nec</span> <span class='ocrx_word' id='word_1_146' title='bbox 942 2436 1253 2506; x_wconf 83' lang='lat' dir='ltr'>extinctos</span> <span class='ocrx_word' id='word_1_147' title='bbox 1288 2458 1583 2529; x_wconf 86' lang='lat' dir='ltr'>unquam</span> <span class='ocrx_word' id='word_1_148' title='bbox 1623 2438 1696 2507; x_wconf 89' lang='lat' dir='ltr'>in</span> <span class='ocrx_word' id='word_1_149' title='bbox 1725 2460 1844 2508; x_wconf 89' lang='lat' dir='ltr'>sua</span> <span class='ocrx_word' id='word_1_150' title='bbox 1888 2439 2146 2509; x_wconf 88' lang='lat' dir='ltr'>dioecesi</span> <span class='ocrx_word' id='word_1_151' title='bbox 2181 2438 2398 2509; x_wconf 88' lang='lat' dir='ltr'>Patres</span> 
     </span>
    </p>
   </div>
   <div class='ocr_carea' id='block_1_8' title="bbox 134 2548 2548 2647">
    <p class='ocr_par' dir='ltr' id='par_1_8' title="bbox 134 2548 2548 2647">
     <span class='ocr_line' id='line_1_20' title="bbox 134 2548 2548 2647; baseline 0.004 -30"><span class='ocrx_word' id='word_1_152' title='bbox 134 2550 424 2636; x_wconf 74' lang='lat' dir='ltr'>Orator-ii,</span> <span class='ocrx_word' id='word_1_153' title='bbox 464 2557 729 2621; x_wconf 84' lang='lat' dir='ltr'>testatus</span> <span class='ocrx_word' id='word_1_154' title='bbox 774 2557 871 2621; x_wconf 83' lang='lat' dir='ltr'>est</span> <span class='ocrx_word' id='word_1_155' title='bbox 911 2551 1263 2619; x_wconf 81' lang='lat' dir='ltr'>hodiernus</span> <span class='ocrx_word' id='word_1_156' title='bbox 1302 2548 1782 2621; x_wconf 88' lang='lat' dir='ltr'>Mechliniensis</span> <span class='ocrx_word' id='word_1_157' title='bbox 1828 2552 2396 2647; x_wconf 85' lang='lat' dir='ltr'>Archiepiscopus,</span> <span class='ocrx_word' id='word_1_158' title='bbox 2533 2580 2548 2589; x_wconf 56' lang='lat'>⁵</span> 
     </span>
    </p>
   </div>
   <div class='ocr_carea' id='block_1_9' title="bbox 27 2661 2410 4369">
    <p class='ocr_par' dir='ltr' id='par_1_9' title="bbox 128 2661 2404 3681">
     <span class='ocr_line' id='line_1_21' title="bbox 132 2661 2403 2757; baseline 0.004 -30"><span class='ocrx_word' id='word_1_159' title='bbox 132 2661 297 2733; x_wconf 82' lang='lat' dir='ltr'>hisce</span> <span class='ocrx_word' id='word_1_160' title='bbox 338 2664 551 2733; x_wconf 70' lang='lat' dir='ltr'>verbis</span> <span class='ocrx_word' id='word_1_161' title='bbox 728 2663 1097 2735; x_wconf 67' lang='lat' dir='ltr'>Declarons</span> <span class='ocrx_word' id='word_1_162' title='bbox 1124 2686 1251 2756; x_wconf 78' lang='lat' dir='ltr'>que</span> <span class='ocrx_word' id='word_1_163' title='bbox 1288 2664 1359 2732; x_wconf 84' lang='lat' dir='ltr'>la</span> <span class='ocrx_word' id='word_1_164' title='bbox 1402 2666 1874 2754; x_wconf 70' lang='lat' dir='ltr'>conqre‘qation</span> <span class='ocrx_word' id='word_1_165' title='bbox 1903 2666 2013 2735; x_wconf 83' lang='lat' dir='ltr'>des</span> <span class='ocrx_word' id='word_1_166' title='bbox 2029 2669 2290 2757; x_wconf 69' lang='lat' dir='ltr'>pretres</span> <span class='ocrx_word' id='word_1_167' title='bbox 2323 2667 2403 2737; x_wconf 86' lang='lat' dir='ltr'>de</span> 
     </span>
     <span class='ocr_line' id='line_1_22' title="bbox 128 2776 2403 2872; baseline 0.003 -29"><span class='ocrx_word' id='word_1_168' title='bbox 128 2777 174 2843; x_wconf 68' lang='grc' dir='ltr'>ζ’</span> <span class='ocrx_word' id='word_1_169' title='bbox 187 2780 497 2845; x_wconf 81' lang='lat' dir='ltr'>Oratoire</span> <span class='ocrx_word' id='word_1_170' title='bbox 520 2780 627 2869; x_wconf 55' lang='lat' dir='ltr'>nfa</span> <span class='ocrx_word' id='word_1_171' title='bbox 638 2801 769 2872; x_wconf 83' lang='lat' dir='ltr'>pas</span> <span class='ocrx_word' id='word_1_172' title='bbox 788 2780 897 2848; x_wconf 72' lang='lat' dir='ltr'>e&#39;te‘</span> <span class='ocrx_word' id='word_1_173' title='bbox 914 2779 1295 2871; x_wconf 83' lang='lat' dir='ltr'>supprime&#39;e</span> <span class='ocrx_word' id='word_1_174' title='bbox 1314 2777 1483 2847; x_wconf 79' lang='lat' dir='ltr'>dans</span> <span class='ocrx_word' id='word_1_175' title='bbox 1509 2790 1700 2847; x_wconf 83' lang='lat' dir='ltr'>notre</span> <span class='ocrx_word' id='word_1_176' title='bbox 1728 2776 1973 2847; x_wconf 69' lang='lat' dir='ltr'>diocese</span> <span class='ocrx_word' id='word_1_177' title='bbox 1987 2802 2130 2871; x_wconf 83' lang='lat' dir='ltr'>par</span> <span class='ocrx_word' id='word_1_178' title='bbox 2145 2804 2403 2850; x_wconf 79' lang='lat' dir='ltr'>aucune</span> 
     </span>
     <span class='ocr_line' id='line_1_23' title="bbox 130 2884 2398 2987; baseline 0 -26"><span class='ocrx_word' id='word_1_179' title='bbox 130 2894 229 2961; x_wconf 86' lang='lat' dir='ltr'><em>Ioz‘</em></span> <span class='ocrx_word' id='word_1_180' title='bbox 256 2893 339 2963; x_wconf 85' lang='lat' dir='ltr'>de</span> <span class='ocrx_word' id='word_1_181' title='bbox 370 2884 641 2986; x_wconf 75' lang='lat' dir='ltr'>I’quise</span> <span class='ocrx_word' id='word_1_182' title='bbox 658 2917 687 2979; x_wconf 92' lang='lat'><em>;</em></span> <span class='ocrx_word' id='word_1_183' title='bbox 716 2896 963 2987; x_wconf 83' lang='lat' dir='ltr'>qu’elle</span> <span class='ocrx_word' id='word_1_184' title='bbox 987 2920 1030 2964; x_wconf 89' lang='grc' dir='ltr'><em>α</em></span> <span class='ocrx_word' id='word_1_185' title='bbox 1059 2895 1371 2964; x_wconf 65' lang='lat' dir='ltr'>continue</span> <span class='ocrx_word' id='word_1_186' title='bbox 1409 2893 1526 2985; x_wconf 77' lang='lat' dir='ltr'>d&#39;y</span> <span class='ocrx_word' id='word_1_187' title='bbox 1555 2893 1797 2963; x_wconf 77' lang='lat' dir='ltr'>eoeister</span> <span class='ocrx_word' id='word_1_188' title='bbox 1820 2894 2398 2984; x_wconf 82' lang='lat' dir='ltr'>canoniquement‚</span> 
     </span>
     <span class='ocr_line' id='line_1_24' title="bbox 131 3007 2400 3100; baseline 0 -24"><span class='ocrx_word' id='word_1_189' title='bbox 131 3022 191 3076; x_wconf 85' lang='lat' dir='ltr'>et</span> <span class='ocrx_word' id='word_1_190' title='bbox 208 3030 333 3100; x_wconf 82' lang='lat' dir='ltr'>que</span> <span class='ocrx_word' id='word_1_191' title='bbox 357 3008 585 3100; x_wconf 82' lang='lat' dir='ltr'>depuis</span> <span class='ocrx_word' id='word_1_192' title='bbox 605 3010 781 3079; x_wconf 72' lang='lat' dir='ltr'>deux</span> <span class='ocrx_word' id='word_1_193' title='bbox 793 3032 919 3079; x_wconf 77' lang='lat' dir='ltr'>ans</span> <span class='ocrx_word' id='word_1_194' title='bbox 936 3010 1069 3079; x_wconf 86' lang='lat' dir='ltr'>elle</span> <span class='ocrx_word' id='word_1_195' title='bbox 1084 3009 1455 3078; x_wconf 70' lang='lat' dir='ltr'>s&#39;estmeme</span> <span class='ocrx_word' id='word_1_196' title='bbox 1473 3007 1720 3077; x_wconf 74' lang='lat' dir='ltr'>associd</span> <span class='ocrx_word' id='word_1_197' title='bbox 1734 3008 1814 3077; x_wconf 89' lang='lat' dir='ltr'>de</span> <span class='ocrx_word' id='word_1_198' title='bbox 1830 3029 2180 3076; x_wconf 75' lang='lat' dir='ltr'>nouveausc</span> <span class='ocrx_word' id='word_1_199' title='bbox 2199 3032 2400 3078; x_wconf 84' lang='lat' dir='ltr'>mem·-</span> 
     </span>
     <span class='ocr_line' id='line_1_25' title="bbox 132 3121 2404 3216; baseline -0.001 -25"><span class='ocrx_word' id='word_1_200' title='bbox 132 3124 291 3193; x_wconf 85' lang='lat' dir='ltr'>bres.</span> <span class='ocrx_word' id='word_1_201' title='bbox 324 3127 562 3195; x_wconf 67' lang='lat' dir='ltr'>Donne‘</span> <span class='ocrx_word' id='word_1_202' title='bbox 578 3128 622 3195; x_wconf 85' lang='grc' dir='ltr'><em>ἀ</em></span> <span class='ocrx_word' id='word_1_203' title='bbox 640 3126 955 3207; x_wconf 74' lang='grc' dir='ltr'><em>Μαῐὶηεε,</em></span> <span class='ocrx_word' id='word_1_204' title='bbox 983 3126 1051 3213; x_wconf 65' lang='lat' dir='ltr'>‚le</span> <span class='ocrx_word' id='word_1_205' title='bbox 1081 3125 1168 3195; x_wconf 88' lang='grc'>30</span> <span class='ocrx_word' id='word_1_206' title='bbox 1181 3126 1456 3216; x_wconf 82' lang='lat' dir='ltr'>janvier</span> <span class='ocrx_word' id='word_1_207' title='bbox 1488 3124 1686 3194; x_wconf 82' lang='lat'><strong>1835.</strong></span> <span class='ocrx_word' id='word_1_208' title='bbox 1724 3162 1810 3175; x_wconf 91' lang='lat'>—</span> <span class='ocrx_word' id='word_1_209' title='bbox 1836 3121 2223 3215; x_wconf 77' lang='lat' dir='ltr'>Enqelbert,</span> <span class='ocrx_word' id='word_1_210' title='bbox 2264 3128 2404 3191; x_wconf 85' lang='lat' dir='ltr'>Ar-</span> 
     </span>
     <span class='ocr_line' id='line_1_26' title="bbox 133 3230 2397 3333; baseline 0 -28"><span class='ocrx_word' id='word_1_211' title='bbox 133 3240 443 3333; x_wconf 65' lang='lat' dir='ltr'>cheveque</span> <span class='ocrx_word' id='word_1_212' title='bbox 480 3239 563 3309; x_wconf 87' lang='lat' dir='ltr'>de</span> <span class='ocrx_word' id='word_1_213' title='bbox 591 3239 876 3311; x_wconf 81' lang='lat' dir='ltr'>Malines</span> <span class='ocrx_word' id='word_1_214' title='bbox 902 3239 1201 3332; x_wconf 82' lang='lat' dir='ltr'>(Journal</span> <span class='ocrx_word' id='word_1_215' title='bbox 1224 3240 1583 3331; x_wconf 86' lang='lat' dir='ltr'>historique</span> <span class='ocrx_word' id='word_1_216' title='bbox 1615 3247 1682 3325; x_wconf 81' lang='lat' dir='ltr'>et</span> <span class='ocrx_word' id='word_1_217' title='bbox 1708 3239 2014 3307; x_wconf 76' lang='lat' dir='ltr'>litteraire</span> <span class='ocrx_word' id='word_1_218' title='bbox 2055 3230 2134 3305; x_wconf 72' lang='lat' dir='ltr'>de</span> <span class='ocrx_word' id='word_1_219' title='bbox 2173 3236 2397 3327; x_wconf 77' lang='lat' dir='ltr'>Liege‚</span> 
     </span>
     <span class='ocr_line' id='line_1_27' title="bbox 132 3352 2402 3448; baseline 0 -26"><span class='ocrx_word' id='word_1_220' title='bbox 132 3362 301 3425; x_wconf 87' lang='lat' dir='ltr'>tome</span> <span class='ocrx_word' id='word_1_221' title='bbox 340 3356 411 3445; x_wconf 76' lang='lat'>2,</span> <span class='ocrx_word' id='word_1_222' title='bbox 452 3378 619 3448; x_wconf 83' lang='lat' dir='ltr'>page</span> <span class='ocrx_word' id='word_1_223' title='bbox 658 3357 839 3447; x_wconf 80' lang='lat'><strong>207).</strong></span> <span class='ocrx_word' id='word_1_224' title='bbox 890 3355 1091 3426; x_wconf 89' lang='lat' dir='ltr'>Porro</span> <span class='ocrx_word' id='word_1_225' title='bbox 1119 3355 1199 3425; x_wconf 91' lang='lat' dir='ltr'>de</span> <span class='ocrx_word' id='word_1_226' title='bbox 1246 3356 1494 3425; x_wconf 83' lang='lat' dir='ltr'>caeteris</span> <span class='ocrx_word' id='word_1_227' title='bbox 1520 3356 1760 3447; x_wconf 87' lang='lat' dir='ltr'>pariter</span> <span class='ocrx_word' id='word_1_228' title='bbox 1789 3352 2100 3441; x_wconf 79' lang='lat' dir='ltr'>religiosis</span> <span class='ocrx_word' id='word_1_229' title='bbox 2139 3352 2402 3424; x_wconf 80' lang='lat' dir='ltr'>familiis</span> 
     </span>
     <span class='ocr_line' id='line_1_28' title="bbox 131 3466 2400 3564; baseline -0.002 -25"><span class='ocrx_word' id='word_1_230' title='bbox 131 3474 341 3543; x_wconf 85' lang='lat' dir='ltr'>testari</span> <span class='ocrx_word' id='word_1_231' title='bbox 382 3474 693 3564; x_wconf 77' lang='lat' dir='ltr'>potuisset</span> <span class='ocrx_word' id='word_1_232' title='bbox 734 3473 1039 3543; x_wconf 86' lang='lat' dir='ltr'>laudatus</span> <span class='ocrx_word' id='word_1_233' title='bbox 1089 3470 1355 3564; x_wconf 82' lang='lat' dir='ltr'>praesul‚</span> <span class='ocrx_word' id='word_1_234' title='bbox 1408 3492 1514 3540; x_wconf 85' lang='lat' dir='ltr'>eas</span> <span class='ocrx_word' id='word_1_235' title='bbox 1565 3469 1748 3539; x_wconf 91' lang='lat' dir='ltr'>nulla</span> <span class='ocrx_word' id='word_1_236' title='bbox 1797 3466 2100 3537; x_wconf 61' lang='lat' dir='ltr'>Ecclesiae</span> <span class='ocrx_word' id='word_1_237' title='bbox 2137 3469 2276 3559; x_wconf 87' lang='lat' dir='ltr'>lege</span> <span class='ocrx_word' id='word_1_238' title='bbox 2332 3470 2400 3535; x_wconf 91' lang='lat' dir='ltr'>in</span> 
     </span>
     <span class='ocr_line' id='line_1_29' title="bbox 134 3585 1325 3681; baseline -0.003 -24"><span class='ocrx_word' id='word_1_239' title='bbox 134 3585 351 3678; x_wconf 83' lang='lat' dir='ltr'>Belgio</span> <span class='ocrx_word' id='word_1_240' title='bbox 384 3609 681 3679; x_wconf 87' lang='lat' dir='ltr'>unquam</span> <span class='ocrx_word' id='word_1_241' title='bbox 707 3608 1077 3680; x_wconf 84' lang='lat' dir='ltr'>suppressas</span> <span class='ocrx_word' id='word_1_242' title='bbox 1108 3588 1325 3681; x_wconf 78' lang='lat' dir='ltr'>fuisse.</span> 
     </span>
    </p>

    <p class='ocr_par' dir='ltr' id='par_1_10' title="bbox 27 3692 2410 4369">
     <span class='ocr_line' id='line_1_30' title="bbox 27 3692 2406 3791; baseline -0.004 -18"><span class='ocrx_word' id='word_1_243' title='bbox 27 3692 30 3773; x_wconf 81' lang='grc' dir='ltr'>ἰ</span> <span class='ocrx_word' id='word_1_244' title='bbox 207 3703 591 3774; x_wconf 77' lang='lat' dir='ltr'>Paorosmo</span> <span class='ocrx_word' id='word_1_245' title='bbox 618 3704 761 3775; x_wconf 82' lang='lat' dir='ltr'>lv·.</span> <span class='ocrx_word' id='word_1_246' title='bbox 787 3742 875 3757; x_wconf 90' lang='lat'>—-</span> <span class='ocrx_word' id='word_1_247' title='bbox 896 3705 973 3773; x_wconf 82' lang='lat' dir='ltr'>Si</span> <span class='ocrx_word' id='word_1_248' title='bbox 996 3700 1476 3771; x_wconf 77' lang='lat' dir='ltr'>monasterium</span> <span class='ocrx_word' id='word_1_249' title='bbox 1505 3699 1580 3769; x_wconf 80' lang='lat' dir='ltr'>in</span> <span class='ocrx_word' id='word_1_250' title='bbox 1605 3700 1844 3791; x_wconf 82' lang='lat' dir='ltr'>aliqua</span> <span class='ocrx_word' id='word_1_251' title='bbox 1867 3698 2131 3768; x_wconf 82' lang='lat' dir='ltr'>civitate</span> <span class='ocrx_word' id='word_1_252' title='bbox 2159 3696 2406 3767; x_wconf 83' lang='lat' dir='ltr'>Gallioe</span> 
     </span>
     <span class='ocr_line' id='line_1_31' title="bbox 124 3812 2401 3907; baseline -0.004 -20"><span class='ocrx_word' id='word_1_253' title='bbox 124 3832 243 3887; x_wconf 83' lang='lat' dir='ltr'>aut</span> <span class='ocrx_word' id='word_1_254' title='bbox 260 3818 487 3907; x_wconf 78' lang='lat' dir='ltr'>Belqii</span> <span class='ocrx_word' id='word_1_255' title='bbox 497 3819 807 3887; x_wconf 80' lang='lat' dir='ltr'>canonice</span> <span class='ocrx_word' id='word_1_256' title='bbox 820 3828 1130 3904; x_wconf 84' lang='lat' dir='ltr'>erectum,</span> <span class='ocrx_word' id='word_1_257' title='bbox 1152 3830 1219 3885; x_wconf 86' lang='lat' dir='ltr'>to</span> <span class='ocrx_word' id='word_1_258' title='bbox 1226 3828 1367 3885; x_wconf 84' lang='lat' dir='ltr'>tam</span> <span class='ocrx_word' id='word_1_259' title='bbox 1378 3814 1952 3907; x_wconf 78' lang='lat' dir='ltr'>conqreqationem</span> <span class='ocrx_word' id='word_1_260' title='bbox 1963 3812 2401 3892; x_wconf 80' lang='lat' dir='ltr'>constituerit,</span> 
     </span>
     <span class='ocr_line' id='line_1_32' title="bbox 112 3926 2407 4022; baseline -0.004 -19"><span class='ocrx_word' id='word_1_261' title='bbox 112 3934 228 4020; x_wconf 80' lang='lat' dir='ltr'>jus</span> <span class='ocrx_word' id='word_1_262' title='bbox 250 3933 778 4003; x_wconf 78' lang='lat' dir='ltr'>conventualiter</span> <span class='ocrx_word' id='word_1_263' title='bbox 804 3932 1126 4003; x_wconf 78' lang='lat' dir='ltr'>existendi</span> <span class='ocrx_word' id='word_1_264' title='bbox 1144 3932 1216 4001; x_wconf 80' lang='lat' dir='ltr'>in</span> <span class='ocrx_word' id='word_1_265' title='bbox 1238 3930 1467 4001; x_wconf 78' lang='lat' dir='ltr'>eadem</span> <span class='ocrx_word' id='word_1_266' title='bbox 1491 3929 1758 4000; x_wconf 78' lang='lat' dir='ltr'>civitate</span> <span class='ocrx_word' id='word_1_267' title='bbox 1784 3927 2164 4022; x_wconf 77' lang='lat' dir='ltr'>permansit</span> <span class='ocrx_word' id='word_1_268' title='bbox 2189 3927 2262 3994; x_wconf 85' lang='lat' dir='ltr'>in</span> <span class='ocrx_word' id='word_1_269' title='bbox 2290 3926 2407 3993; x_wconf 84' lang='lat' dir='ltr'>ul-</span> 
     </span>
     <span class='ocr_line' id='line_1_33' title="bbox 126 4043 2410 4139; baseline -0.001 -29"><span class='ocrx_word' id='word_1_270' title='bbox 126 4048 284 4116; x_wconf 86' lang='lat' dir='ltr'>timo</span> <span class='ocrx_word' id='word_1_271' title='bbox 332 4045 539 4139; x_wconf 73' lang='lat' dir='ltr'>hujus</span> <span class='ocrx_word' id='word_1_272' title='bbox 576 4049 968 4119; x_wconf 77' lang='lat' dir='ltr'>monasterii</span> <span class='ocrx_word' id='word_1_273' title='bbox 1000 4047 1293 4117; x_wconf 78' lang='lat' dir='ltr'>membro</span> <span class='ocrx_word' id='word_1_274' title='bbox 1320 4046 1691 4139; x_wconf 79' lang='lat' dir='ltr'>superstite.</span> <span class='ocrx_word' id='word_1_275' title='bbox 1732 4082 1824 4096; x_wconf 90' lang='lat'>-</span> <span class='ocrx_word' id='word_1_276' title='bbox 1853 4043 2112 4112; x_wconf 83' lang='lat' dir='ltr'>Exstare</span> <span class='ocrx_word' id='word_1_277' title='bbox 2145 4048 2410 4131; x_wconf 86' lang='lat' dir='ltr'>possunt</span> 
     </span>
     <span class='ocr_line' id='line_1_34' title="bbox 124 4154 2406 4254; baseline -0.004 -21"><span class='ocrx_word' id='word_1_278' title='bbox 124 4166 345 4253; x_wconf 81' lang='lat' dir='ltr'>(prout</span> <span class='ocrx_word' id='word_1_279' title='bbox 386 4170 453 4232; x_wconf 90' lang='lat' dir='ltr'>et</span> <span class='ocrx_word' id='word_1_280' title='bbox 492 4164 573 4233; x_wconf 90' lang='lat' dir='ltr'>de</span> <span class='ocrx_word' id='word_1_281' title='bbox 623 4164 784 4235; x_wconf 74' lang='lat' dir='ltr'>laeto</span> <span class='ocrx_word' id='word_1_282' title='bbox 828 4164 1229 4254; x_wconf 79' lang='lat' dir='ltr'>exstiterunt)</span> <span class='ocrx_word' id='word_1_283' title='bbox 1276 4162 1686 4244; x_wconf 80' lang='lat' dir='ltr'>monasteria,</span> <span class='ocrx_word' id='word_1_284' title='bbox 1736 4180 1882 4249; x_wconf 81' lang='lat' dir='ltr'>quae</span> <span class='ocrx_word' id='word_1_285' title='bbox 1929 4179 2059 4227; x_wconf 90' lang='lat' dir='ltr'>non</span> <span class='ocrx_word' id='word_1_286' title='bbox 2103 4154 2174 4225; x_wconf 91' lang='lat' dir='ltr'>in</span> <span class='ocrx_word' id='word_1_287' title='bbox 2209 4178 2406 4224; x_wconf 88' lang='lat' dir='ltr'>unam</span> 
     </span>
     <span class='ocr_line' id='line_1_35' title="bbox 120 4272 2406 4369; baseline -0.003 -24"><span class='ocrx_word' id='word_1_288' title='bbox 120 4280 725 4369; x_wconf 84' lang='lat' dir='ltr'>congregationem,</span> <span class='ocrx_word' id='word_1_289' title='bbox 778 4280 903 4351; x_wconf 91' lang='lat' dir='ltr'>sub</span> <span class='ocrx_word' id='word_1_290' title='bbox 950 4280 1146 4350; x_wconf 85' lang='lat' dir='ltr'>unius</span> <span class='ocrx_word' id='word_1_291' title='bbox 1184 4278 1575 4349; x_wconf 87' lang='lat' dir='ltr'>auctoritatis</span> <span class='ocrx_word' id='word_1_292' title='bbox 1618 4275 1963 4364; x_wconf 84' lang='lat' dir='ltr'>regimine,</span> <span class='ocrx_word' id='word_1_293' title='bbox 2005 4279 2252 4353; x_wconf 82' lang='lat' dir='ltr'>coeant,</span> <span class='ocrx_word' id='word_1_294' title='bbox 2301 4272 2406 4339; x_wconf 84' lang='lat' dir='ltr'>sed</span> 
     </span>
    </p>
   </div>
  </div>
 </body>
</html>
