2834 4959
1100 315 1249 362 PARS
1294 316 1586 363 SECUNDA.
2307 317 2380 374 ii)
2401 320 2420 371 Ι

200 435 527 504 institutum
570 432 821 502 habens
866 434 1207 506 essentiam
1250 443 1450 506 status
1501 438 1788 528 religiosi
1824 461 1972 508 cum
2023 443 2434 534 simplicibus

200 551 465 618 duntaxat
494 549 709 638 votis),
738 554 883 618 tum
911 551 1102 620 etiam
1141 552 1576 643 conyreqatio
1605 551 1969 646 improprie
1995 556 2334 647 reliqiosa‚
2367 561 2434 630 id

69 653 71 662 ’
198 673 273 734 est
300 663 686 745 institutum,
732 685 863 732 non
900 665 1146 735 habens
1197 667 1462 756 quidem
1501 668 1840 737 essentiam
1887 677 2082 739 status
2121 672 2434 764 religiosi,

67 787 69 807 '
196 780 291 848 sed
324 787 527 848 tamen
566 779 845 848 formam
890 781 1069 850 illius
1114 783 1405 862 imitanS,
1440 791 1503 850 et
1545 782 1794 873 aliquid
1825 805 1898 853 ex
1939 786 2078 875 ipso
2124 789 2432 878 retinem,

194 900 337 984 puta
380 895 585 964 solum
638 901 861 962 votum
926 897 1253 978 castitatis,
1308 898 1406 966 vel
1473 897 1596 966 tria
1654 905 1798 968 vota
1867 909 2273 995 temporaria,
2337 911 2436 978 rel

192 1008 451 1077 similem
490 1010 759 1079 modum
800 1009 1059 1080 vivendi
1107 1012 1347 1102 absque
1384 1013 1534 1082 ullis
1573 1015 1756 1083 votis.
1815 1014 1950 1084 Hoc
1995 1041 2186 1089 sensu
2240 1025 2434 1093 intel-

192 1123 305 1210 ligi
330 1145 365 1190 a
388 1124 663 1193 Suaresio
700 1125 1005 1216 reliqiosi
1030 1126 1285 1196 ordinis
1315 1128 1732 1213 vocabulum,
1767 1130 1981 1222 palam
2019 1135 2265 1206 faciunt
2295 1139 2434 1210 haec

192 1239 379 1330 ipsius
400 1241 585 1310 verba
611 1264 630 1308 ε
674 1267 711 1306 ει
736 1241 1058 1332 Loquitur
1088 1241 1461 1332 (Gregorius
1486 1244 1574 1335 X)
1603 1245 1682 1314 de
1709 1247 2144 1338 reliqionibus
2170 1260 2232 1336 et
2257 1255 2434 1324 ordi·

168 1371 230 1418 ·ει
258 1355 442 1423 nibus.
496 1355 677 1425 Ordo
725 1361 967 1443 autem,
1012 1378 1167 1466 cum
1227 1360 1610 1450 proprietate
1657 1360 1892 1448 dictus,
1952 1365 2141 1435 latius
2195 1375 2360 1459 patet
2411 1397 2426 1438 z

67 1529 69 1538 .
196 1497 229 1534 α
257 1491 389 1540 nam
428 1472 557 1540 illae
595 1473 1123 1560 congregationes
1160 1473 1283 1564 (1),
1334 1473 1482 1544 licet
1532 1477 1862 1546 veritatem
1907 1485 2106 1550 status
2150 1483 2432 1572 religiosi

65 1623 67 1658 ;
192 1611 222 1652 α
247 1609 367 1656 non
403 1590 757 1677 attingant,
798 1587 1235 1658 nihilominus
1276 1585 1534 1658 ordines
1576 1613 1726 1660 cum
1779 1595 2162 1686 proprietate
2205 1600 2432 1689 appel-

194 1729 220 1766 ιι
246 1703 357 1770 lari
380 1704 609 1772 solent.
667 1703 755 1770 At
780 1702 875 1771 ibi
915 1703 1181 1794 (nempe
1218 1703 1287 1771 in
1319 1705 1578 1772 decreto
1614 1704 1910 1794 Gregorii
1953 1708 2038 1798 X)
2083 1712 2434 1800 prohibitio

190 1845 221 1881 «ι
250 1819 337 1905 fit,
370 1841 449 1887 ne
474 1819 625 1908 quis
654 1819 795 1888 sine
820 1797 1281 1908 approbatione
1310 1839 1544 1886 novam
1573 1819 1958 1908 religionem
1987 1824 2093 1890 vel
2130 1825 2431 1894 ordinem

65 1973 68 2002 P
192 1957 227 1996 α
256 1933 625 2002 adinveniat.
674 1931 846 2022 Ergo
885 1933 1168 2000 extensio
1212 1927 1725 2022 (prohibitionis)
1754 1934 1918 2002 facta
1953 1943 2046 2002 est
2087 1938 2167 2003 ad
2195 1961 2430 2026 quem-

193 2069 497 2137 «cunque
548 2049 927 2139 religiosum
982 2047 1254 2116 modum
1301 2045 1586 2134 vivendi,
1635 2048 1750 2137 qui
1799 2047 1962 2116 ordo
2015 2048 2146 2120 dici
2204 2054 2426 2142 possit,

65 2145 67 2166 ⁵
151 2185 219 2228 ·«
240 2167 523 2253 quamvis
577 2164 689 2232 ille
740 2171 979 2232 statum
1035 2181 1183 2231 vere
1246 2162 1624 2251 religiosum
1683 2184 1820 2234 nou
1861 2166 2155 2254 attingat.
2211 2192 2245 2232 ι)
2310 2169 2432 2258 (De

176 2283 513 2373 Reliqione‚
550 2290 728 2352 tomo
765 2283 833 2367 3,
868 2282 915 2351 l.
958 2282 1027 2362 2,
1061 2303 1203 2373 cap.
1259 2281 1369 2361 16,
1410 2305 1478 2351 n.
1511 2281 1658 2371 22.)
1691 2283 1998 2352 Auctores
2044 2295 2258 2355 tamen
2296 2309 2430 2358 non

176 2401 363 2488 pauci,
410 2398 805 2469 recentiores
853 2395 1241 2487 praesertim,
1280 2397 1626 2489 reliqiones
1673 2405 1736 2468 et
1778 2399 2124 2492 reliqiosos
2171 2401 2431 2474 ordines

175 2536 279 2604 pro
316 2516 701 2605 synonymis
747 2533 1062 2604 usurpare
1100 2513 1442 2596 videntum
1485 2515 1572 2582 ita
1608 2523 1681 2581 ut
1715 2516 1961 2583 ordinis
1994 2517 2278 2608 religiosi
2315 2541 2432 2589 vo-

176 2629 447 2700 cabulum
494 2629 899 2717 restringant
935 2628 1015 2696 ad
1058 2626 1564 2716 significandum
1614 2627 1986 2696 institutum
2035 2639 2234 2702 status
2279 2637 2432 2705 reli-

175 2742 325 2832 giosi
361 2744 705 2816 essentiam
749 2740 995 2809 habens
1041 2759 1194 2808 cum
1236 2740 1399 2808 votis
1463 2737 1885 2808 solemnibus».
1931 2741 2062 2812 Nos
2102 2747 2184 2813 ab
2243 2748 2428 2816 adhi-

178 2857 364 2928 benda
403 2862 523 2932 illa
606 2858 954 2940 locutione,
1044 2856 1161 2924 ubi
1232 2855 1409 2924 locus
1484 2853 1891 2942 ambiguitati
1968 2877 2100 2925 esse
2196 2873 2424 2948 posset,

176 2972 651 3046 abstinebimus.
1599 3063 1608 3070 .

246 3088 345 3160 ΠΙ.
382 3091 687 3162 insnmn
726 3108 1031 3157 mimos!
1073 3086 1395 3154 vocabulo
1437 3087 1584 3177 quis
1623 3107 1847 3154 sensus
1883 3087 2303 3178 affiqendus?
2342 3133 2434 3146 —

168 3205 297 3274 Vox
316 3211 723 3288 institutum,
764 3227 841 3274 ex
868 3205 1005 3294 ipso
1049 3203 1263 3271 latinae
1288 3203 1532 3292 linguae
1570 3223 1824 3288 norma,
1867 3202 2254 3273 latissimum
2286 3229 2430 3275 sen-

160 3341 308 3389 sum
352 3323 571 3393 habet.
623 3319 879 3388 Etenim
919 3337 1379 3410 quemcunque
1427 3316 1551 3385 sibi
1598 3317 1896 3385 homines
1943 3321 2332 3407 peculiarem
2368 3335 2430 3394 et

158 3434 439 3508 stabilem
504 3435 768 3506 vivendi
832 3434 1101 3502 modum
1162 3432 1285 3500 sibi
1344 3440 1698 3516 assumant,
1755 3439 1920 3502 recte
1975 3444 2178 3525 potest
2241 3440 2427 3508 insti-

154 3552 267 3620 tuti
280 3555 561 3624 nomine
574 3553 921 3642 designari.
940 3548 1117 3618 Dum
1135 3553 1355 3618 autem
1369 3546 1604 3616 dicitur
1618 3547 2004 3618 institutum
2023 3552 2424 3640 reliqiosum‚

158 3687 269 3735 vox
304 3669 423 3738 illa
456 3635 849 3760 reliqiosum
886 3665 1061 3735 sumi
1102 3669 1327 3754 potest,
1367 3660 1512 3730 vel
1495 3683 1568 3730 ιιι
1603 3661 1824 3732 stricto
1853 3683 2071 3745 sensu,
2115 3671 2432 3752 quatenus

148 3786 495 3852 essentiam
538 3789 741 3852 status
778 3779 1061 3870 religiosi
1108 3779 1458 3866 denotans3
1503 3776 1606 3846 vel
1647 3781 1718 3846 in
1764 3779 1893 3849 lato
1934 3802 2152 3866 sensu,
2201 3791 2428 3870 quate-

144 3917 273 3966 nus
324 3897 671 3967 includens
724 3896 921 3964 etiam
980 3893 1229 3962 vivendi
1286 3892 1538 3975 modos,
1591 3893 1706 3982 qui
1765 3900 1999 3963 statum
2057 3893 2431 3984 religiosum

191 4123 257 4182 (i)
282 4123 411 4185 Agit
440 4121 507 4171 ibi
530 4117 794 4170 Suaresius
814 4117 880 4168 de
898 4115 1385 4180 congregationibus,
1410 4127 1526 4180 quae
1544 4127 1648 4165 non
1668 4114 1860 4166 habent
1883 4119 2002 4166 vota
2021 4113 2282 4183 solemnia,
2298 4125 2349 4170 et
2369 4122 2431 4171 de

142 4211 194 4257 iis
218 4222 339 4273 quae
364 4221 473 4259 nec
494 4213 657 4260 status
676 4207 891 4270 religiosi
911 4209 1183 4258 essentiam
1218 4206 1410 4258 habent
1439 4219 1558 4256 cum
1585 4207 1715 4254 votis
1743 4203 2075 4266 simplicibus.
2112 4206 2175 4256 Et
2194 4213 2431 4273 expendit

138 4311 201 4350 an
220 4299 309 4352 lex
348 4311 463 4362 qua
490 4299 787 4363 prohibetur
836 4311 972 4347 novoe
1007 4297 1277 4360 reliqionis
1318 4297 1571 4349 institutio
1601 4293 1665 4344 ad
1705 4305 1789 4343 eas
1827 4295 1982 4344 etiam
2027 4302 2428 4362 congregationes

136 4389 477 4442 extendatur.
