2834 4959
1148 376 1299 425 PARS
1345 376 1604 435 QUARTA.
2382 372 2418 429 ὃ
2426 374 2463 429 2
2474 378 2499 433 1

233 504 346 571 nio
367 502 616 573 carnali
646 498 816 568 valet
866 504 1327 589 argumentum
1386 500 1466 569 ad
1497 499 1991 569 matrimonium
2015 502 2349 593 spirituale
2389 525 2500 574 seu

228 616 726 706 professionem.
2232 600 2239 603 ’

321 731 388 801 3⁰
415 730 509 799 Ex
538 730 744 819 capite
777 728 860 797 19
890 726 1065 818 (sess.
1111 727 1198 797 25
1227 726 1306 822 de
1331 728 1601 819 Requl.)
1628 726 1993 801 Tridentini
2018 730 2301 802 concilii.
2330 733 2497 804 Nam

225 846 326 913 ibi
346 846 629 913 decernit
652 842 1034 927 concilium,
1065 863 1152 911 ne
1172 842 1350 911 ullus
1377 849 1519 934 post
1536 845 2073 934 quinquennium
2103 854 2323 916 contra
2348 871 2499 942 pro-

226 960 521 1029 fessionis
550 980 682 1027 suae
708 957 992 1025 valorem
1023 956 1374 1025 reclamare
1417 957 1639 1048 possit.
1686 957 1768 1027 Et
1793 960 1957 1029 ratio
1984 959 2218 1031 decreti
2247 962 2371 1032 fuit
2403 965 2499 1056 (ut

227 1078 550 1143 sustinent
591 1073 992 1143 unanimiter
1043 1072 1354 1162 doctores)
1395 1075 1549 1164 quia
1588 1076 1645 1144 is
1670 1075 1783 1166 qui
1812 1097 1928 1167 per
1960 1077 2485 1168 quinquennium

231 1211 365 1259 non
394 1189 789 1271 reclamavit,
817 1187 1052 1256 merito
1080 1189 1503 1277 praesumitur
1531 1190 1990 1279 professionem
2014 1212 2229 1277 suam,
2270 1192 2494 1262 saltem

235 1305 435 1374 tacite
485 1304 856 1373 ratificasse.
933 1302 1329 1394 Plerumque
1395 1310 1611 1373 autem
1666 1305 2027 1377 nullitatem
2090 1306 2499 1399 professionis

231 1423 536 1511 ignorant
562 1420 924 1511 superiores
951 1418 1158 1488 donec
1184 1418 1292 1487 fiat
1335 1419 1702 1504 reclamatio
1733 1444 1749 1501 ;
1785 1442 1907 1491 nee
1926 1421 2197 1513 proinde
2223 1446 2498 1493 consen-

225 1558 377 1605 sum
426 1556 620 1605 suum
647 1538 960 1603 renovant
986 1534 1427 1625 quinquennii
1476 1533 1675 1625 hujus
1713 1540 2023 1626 tempore.
2056 1535 2137 1605 Et
2162 1537 2497 1607 nihilomi-

223 1674 350 1721 nus
377 1650 688 1742 supponit
710 1647 1092 1720 Tridentina
1114 1648 1422 1737 synodus,
1456 1649 1665 1717 valide
1692 1649 1998 1719 ratificari
2046 1656 2324 1743 potuisse
2346 1675 2494 1745 pro-

221 1767 593 1836 fessionem.
637 1763 810 1853 Ergo
860 1765 1171 1855 supponit
1217 1785 1363 1833 eam
1412 1762 1623 1833 valide
1668 1765 1997 1855 ratificat-i,
2020 1788 2203 1857 posse
2250 1768 2491 1859 absque

220 1903 392 1952 novo
418 1882 831 1973 superiorum
856 1900 1204 1950 consensu.

317 1998 384 2064 4⁰
417 1995 504 2063 Ex
528 1996 819 2085 sequenti
855 1994 1286 2064 declaratione
1310 1995 1399 2063 29
1437 1994 1651 2064 martii
1679 1995 1853 2066 1598
1881 1994 2089 2065 Sacrae
2112 1996 2495 2087 Congrega-

222 2112 422 2181 tionis
450 2111 723 2182 Concilii
753 2136 771 2179 z
801 2113 1016 2179 Sacra
1043 2112 1486 2203 Conqreqatio
1528 2111 1813 2181 Gom-ilii
1836 2112 2110 2197 censuit,
2130 2112 2495 2205 quodpro-

215 2227 420 2315 fessio
443 2248 748 2315 expressa
784 2226 992 2316 fuerit
1017 2224 1220 2293 mella
1238 2249 1263 2290 .·
1295 2246 1378 2292 ea:
1397 2246 1525 2315 quo
1548 2234 1771 2293 tamen
1783 2235 1939 2314 post
1984 2224 2319 2315 expletum
2370 2248 2499 2293 an-

218 2356 389 2401 num
402 2330 1204 2423 probationispermansit
1229 2332 1302 2400 in
1324 2330 1559 2399 habitu
1577 2330 1885 2422 requlari
1902 2351 2024 2420 per
2044 2330 2210 2399 duos
2234 2330 2340 2399 vel
2361 2343 2491 2400 tres

221 2469 464 2534 annos,
489 2446 733 2515 censeri
761 2446 1039 2515 tacitam
1063 2447 1273 2535 fuisse
1292 2446 1797 2539 professionem,
1838 2458 1903 2515 et
1929 2444 2063 2514 dici
2084 2448 2463 2538 professum
2476 2499 2491 2515 .

219 2564 325 2633 lbi
350 2564 530 2632 nulla
586 2564 828 2632 mentio
857 2564 936 2632 de
990 2584 1158 2631 novo
1197 2565 1614 2652 superiorum
1660 2583 1976 2632 consensu
2004 2587 2021 2643 ;
2048 2584 2243 2653 quem
2280 2571 2496 2631 tamen

221 2699 364 2747 non
387 2678 663 2748 siluisset
681 2678 876 2749 Sacra
929 2677 1383 2767 Congregatio‚
1424 2678 1481 2743 si
1526 2676 1969 2743 necessarium
1998 2676 2079 2743 ad
2108 2679 2313 2746 tacitae
2347 2701 2496 2769 pro-

225 2795 519 2864 fessionis
539 2796 822 2864 valorem
845 2794 1264 2863 existimasset
1292 2789 1465 2882 (vide
1499 2789 1669 2857 hanc
1691 2788 2085 2858 decisionem
2113 2792 2287 2880 apud
2316 2792 2497 2860 Reif-

227 2910 627 2996 fenstuel,-in
664 2910 764 2978 tit.
805 2907 916 2985 32,
942 2908 1094 2977 libri
1119 2908 1159 2979 3
1189 2906 1473 2991 Decret.,
1497 2926 1567 2973 n.
1599 2902 1789 2993 220.)

317 3028 382 3096 5·
407 3026 500 3096 Ex
527 3026 818 3096 clausula
841 3025 1078 3116 apponi
1127 3024 1318 3093 solita
1364 3024 1436 3091 in
1468 3019 1819 3112 rescriptiS,
1849 3018 2092 3110 quibus
2114 3020 2490 3089 conceditur

225 3144 543 3213 restitutio
570 3142 638 3210 in
670 3141 1030 3230 integrum,
1065 3140 1146 3210 iis
1184 3139 1298 3230 qui
1343 3138 1515 3206 intra
1558 3136 2091 3226 quinquennium
2145 3135 2496 3205 reclamare

227 3260 608 3329 omiserunt.
659 3258 1028 3349 Apponitur
1053 3278 1290 3348 nempe
1315 3255 1633 3325 restrictio
1660 3253 1826 3337 haec,
1850 3248 2206 3321 dummodo
2225 3252 2496 3343 profes·

226 3375 475 3443 sionem
506 3374 705 3442 tacite
735 3370 845 3441 vel
870 3394 1165 3464 expresse
1191 3393 1326 3440 non
1353 3368 1818 3460 ratificaverit.
1848 3364 2305 3438 Conceduntur
2318 3371 2493 3460 ejus-

229 3490 408 3559 modi
427 3490 734 3579 rescripta
768 3488 1022 3557 etiamsi
1057 3488 1421 3579 superiores
1448 3506 1789 3575 nunquam
1834 3505 2077 3553 novum
2107 3505 2494 3554 consensum

226 3604 663 3697 quinquennii
686 3611 976 3695 tempore
1024 3602 1478 3694 praestiterint3
1514 3608 1578 3670 et
1604 3606 1817 3669 tamen
1865 3598 1964 3691 (ut
2003 3605 2175 3690 patet
2206 3621 2281 3667 ex
2316 3596 2499 3667 clau-

224 3720 392 3811 sula)
411 3718 716 3811 supponit
754 3718 1120 3811 Apostolioa
1155 3718 1334 3789 sedes
1362 3714 1570 3785 valide
1596 3715 1839 3783 interea
1883 3712 2182 3783 ratificari
2211 3712 2491 3803 potuisse

223 3835 716 3929 professionem.

315 3948 381 4017 6⁰
425 3946 516 4015 Ex
556 3970 632 4017 eo
665 3950 840 4040 quod
870 3970 1077 4019 novus
1112 3947 1523 4041 superiorum
1564 3965 1943 4029 consensus,
1978 3944 2033 4012 si
2081 3943 2239 4012 forte
2268 3962 2489 4012 neces-

225 4064 438 4131 sarius
492 4059 675 4147 foret,
728 4062 1014 4153 suppleri
1064 4060 1419 4131 censendus
1446 4066 1609 4129 esset
1632 4080 1670 4127 a
1696 4078 1958 4128 summo
2004 4053 2339 4138 Pontifice,
2387 4075 2497 4125 su-

227 4199 454 4270 premo
476 4176 936 4267 religiosorum
958 4176 1262 4247 ordinum
1301 4175 1601 4245 omnium
1636 4171 1989 4265 superiore.
2015 4168 2180 4241 Nam
2210 4194 2282 4241 ex
2312 4169 2498 4240 dictis

227 4295 534 4387 supponit
576 4300 639 4364 et
681 4294 818 4364 vult
869 4292 1052 4364 sedes
1094 4290 1462 4383 Apostolica
1498 4287 1708 4357 valide
1765 4286 2069 4357 ratificari
2100 4308 2281 4377 posse
2336 4306 2489 4377 pro-

227 4412 568 4511 fessionem
629 4410 876 4505 absque
925 4412 1230 4481 renovato
1291 4405 1707 4497 superiorum
1780 4422 2140 4485 consensu3
2204 4420 2380 4492 ergo,
2446 4402 2499 4469 si
