2834 4959
293 308 374 364 90
879 319 1216 369 TRAC'I'ATUS
1255 320 1336 366 DE
1375 319 1527 368 sumt
1570 317 1982 366 anonumum.

293 438 593 524 divitem,
625 444 709 523 in,
731 444 986 534 proprio
1017 443 1214 533 hujus
1241 417 1541 512 vocabuli
1570 462 1785 529 sensu,
1830 439 2062 524 efficit3
2094 445 2159 508 et
2182 460 2259 508 ex
2306 457 2580 506 eorum-

293 555 442 624 dem
469 559 751 628 earentia
775 580 924 628 vere
945 566 1008 628 et
1032 559 1290 649 proprie
1309 579 1573 650 pauper
1596 557 2035 630 constituitur.
2070 552 2258 624 Unde
2282 552 2581 622 materia

295 673 686 762 paupertatis
729 686 986 743 remota
1019 682 1173 744 sunt
1209 675 1366 767 ipsae
1396 673 1661 758 divitiae,
1684 671 1949 765 praefato
1972 692 2163 749 sensu
2196 669 2573 738 intellectae.

1393 995 1480 1065 ΙΙ.

299 1189 536 1251 Quanam
567 1191 634 1239 sit
681 1191 900 1240 materia
945 1191 1263 1254 pauper-tntu·
1293 1191 1547 1254 proxima,
1568 1203 1657 1238 seu
1678 1201 1911 1254 quamam
1928 1187 2059 1252 sura
2086 1189 2139 1235 et
2180 1185 2388 1251 quinam
2430 1185 2589 1233 actus

1033 1273 1359 1338 paupertatis
1387 1275 1501 1323 voto
1524 1273 1827 1337 repuqnent.

387 1491 650 1562 Dictum
691 1499 784 1560 est
829 1515 1052 1586 supra,
1109 1495 1321 1562 vocari
1369 1494 1709 1562 materiam
1768 1494 2159 1586 paupertatis
2216 1493 2593 1583 proximam

301 1612 504 1677 certos
529 1611 710 1676 actus
735 1613 797 1676 et
836 1616 1007 1677 certa
1035 1609 1334 1700 quaedam
1369 1609 1547 1699 jura,
1590 1631 1735 1700 quae
1778 1613 2117 1678 versantur
2162 1606 2337 1675 eirea
2382 1611 2595 1674 mate-

299 1724 468 1792 riam
497 1728 836 1807 remotam,
869 1725 940 1793 id
967 1730 1082 1808 est,
1117 1725 1289 1792 circa
1316 1725 1575 1792 divitias
1598 1744 1711 1792 seu
1750 1723 1921 1792 bona
1950 1721 2351 1813 temporalia.

389 1836 702 1918 Quaenam
747 1838 878 1907 sint
917 1861 992 1907 ea
1023 1839 1180 1928 jura
1215 1839 1394 1929 iique
1435 1844 1641 1920 actua,
1688 1840 1795 1907 hie
1836 1839 2013 1907 venit
2056 1835 2585 1926 expendendum.

297 1951 470 2022 Cum
518 1960 734 2022 autem
779 1971 910 2022 non
965 1975 1142 2022 unus
1193 1956 1303 2024 sed
1349 1955 1694 2045 multiplex
1742 1955 1883 2023 dari
1952 1954 2149 2044 possit
2194 1951 2593 2044 paupertatis

304 2067 542 2158 gradus
605 2069 843 2159 (prout
907 2072 1200 2160 sequenti
1261 2072 1665 2162 paragrapho
1732 2069 2241 2155 ostendemus),
2300 2075 2365 2134 et
2418 2073 2595 2136 stare

303 2185 504 2276 possit
541 2190 672 2252 tota
711 2186 994 2274 religiosi
1021 2193 1219 2256 status
1259 2189 1556 2273 essentia,
1608 2207 1741 2256 nou
1782 2191 2037 2254 tantum
2094 2206 2249 2254 cum
2298 2205 2591 2274 pauper-

305 2305 429 2367 tate
469 2299 784 2382 absoluta,
820 2323 932 2369 seu
967 2303 1036 2370 in
1079 2323 1340 2371 summo
1385 2303 1621 2391 gradu,
1670 2302 1777 2370 sed
1822 2302 2021 2370 etiam
2056 2321 2207 2369 cum
2246 2299 2389 2366 aliis
2432 2319 2591 2388 gra-

306 2413 500 2483 dibus
525 2413 940 2486 inferioribus
978 2419 1076 2510 (ut
1109 2417 1276 2486 infra
1301 2419 1494 2502 etiam
1522 2418 1957 2508 probabitur),
1996 2415 2263 2486 materia
2298 2415 2597 2507 proxima

309 2533 702 2620 paupertatis
767 2552 900 2600 non
971 2539 1172 2622 potest
1253 2533 1666 2602 determinari
1734 2532 2023 2602 absolute
2043 2585 2065 2614 ,
2142 2531 2257 2599 sed
2326 2529 2597 2599 relative

309 2645 617 2714 duntaxat
661 2647 742 2714 ad
787 2669 1318 2739 unamquamque
1361 2650 1568 2740 ipsius
1614 2649 1897 2740 speeiem
1949 2670 2063 2716 seu
2120 2646 2449 2736 gradum3
2494 2647 2597 2714 si-

309 2759 576 2849 quidem
622 2761 860 2830 dantur
903 2773 1082 2830 actus
1119 2771 1184 2832 et
1213 2765 1364 2848 jura
1397 2785 1543 2853 quae
1586 2771 1953 2855 repugnant
1994 2761 2355 2852 paupertati
2397 2779 2604 2850 supe-

309 2878 495 2946 rioris
539 2877 803 2966 graduS,
849 2899 982 2946 non
1025 2884 1240 2946 autem
1287 2878 1633 2947 inferioris,
1685 2879 1765 2946 Et
1794 2875 1905 2946 hie
1942 2876 2213 2968 quidem
2254 2875 2603 2944 materiam

311 2994 672 3081 proximam
722 2994 1304 3065 determinabimus
1349 3001 1603 3064 tantum
1658 2993 1869 3084 quoad
1912 2997 2359 3085 paupertatem
2410 3011 2601 3060 oom-

309 3105 569 3194 pletam
625 3129 736 3176 seu
783 3109 854 3177 in
905 3131 1168 3178 summo
1217 3109 1449 3200 gradu.
1494 3107 1847 3191 'Quomodo
1914 3131 2067 3178 vero
2132 3109 2401 3176 materia
2448 3106 2603 3176 haee

313 3219 604 3307 proxima
635 3223 886 3293 diversa
915 3227 999 3293 sit
1019 3226 1087 3292 iu
1115 3225 1260 3294 aliis
1288 3225 1705 3294 inferioribus
1746 3225 2085 3314 gradibus,
2118 3224 2441 3315 pandetur
2464 3223 2605 3291 sub

313 3334 604 3419 sequenti
635 3335 1054 3428 paragrapho,
1088 3337 1203 3406 ubi
1247 3338 1328 3405 de
1371 3336 1685 3426 gradibus
1712 3337 1843 3406 illis
1878 3337 2293 3406 disseremus.
2338 3333 2605 3414 Quibus

315 3447 708 3538 praenotatis,
737 3449 822 3521 sit

405 3560 776 3630 Paorosrrio
815 3565 894 3634 1⁸.
921 3603 1014 3617 —-
1033 3566 1437 3657 Paupertate·
1448 3565 1787 3657 completa>
1814 3565 2150 3636 contraria
2170 3577 2351 3651 sunt,
2381 3563 2613 3632 domi-

319 3677 508 3745 nium
533 3698 647 3745 seu
677 3679 1062 3769 proprietas
1101 3681 1427 3750 bonorum
1468 3682 1977 3774 temporalium,
1996 3683 2119 3775 jus
2157 3679 2453 3774 fruendi,
2474 3681 2615 3770 jus

319 3792 574 3882 utendi,
607 3806 674 3862 et
695 3795 820 3883 jus
861 3795 1194 3864 retinendi
1232 3821 1345 3867 seu
1378 3797 1777 3891 possidendi.
1812 3836 1904 3850 —
1952 3799 2018 3868 1⁰
2054 3799 2469 3868 Contrarium
2502 3805 2613 3866 est

318 3905 710 3979 dominium.
749 3907 917 3980 Nam
947 3911 1128 3981 dives
1171 3914 1279 3982 ille
1327 3915 1651 4005 precipue
1698 3915 1941 3984 dieitur
1985 3923 2047 3982 et
2090 3921 2209 3993 est,
2252 3915 2365 4004 qui
2412 3913 2614 3982 bonis

323 4017 794 4108 temporalibus
811 4025 1125 4112 abundat,
1153 4049 1437 4116 quorum
1480 4035 1575 4097 est
1613 4029 2077 4121 proprietarius
2112 4049 2229 4099 seu
2257 4025 2605 4104 dominus.

329 4133 512 4203 Unde
549 4143 622 4204 ut
655 4143 806 4230 quis
843 4145 928 4212 sit
955 4143 1230 4211 omnino
1269 4165 1543 4237 pauper,
1585 4164 1843 4216 neeme
1866 4153 1965 4214 est
2002 4149 2077 4213 ut
2116 4141 2444 4234 ejusmodi
2484 4141 2615 4210 de-

323 4253 529 4322 minio
551 4257 820 4328 omnino
843 4266 1074 4328 eareat.
1112 4258 1390 4330 Pertinet
1428 4283 1583 4350 ergo
1612 4259 2009 4342 dominium,
2034 4267 2099 4330 et
2120 4259 2387 4351 quidem
2412 4260 2614 4350 prin—

323 4371 614 4462 cipaliter
637 4425 658 4458 ‚
709 4372 790 4441 ad
837 4377 1171 4446 materiam
1229 4377 1589 4472 proximam
1648 4377 1983 4470 eompletae
2024 4375 2465 4469 paupertati&
2518 4395 2617 4448 ³0
