2834 4959
1154 360 1306 408 uns
1349 359 1613 418 QUARTA.
2382 359 2507 417 559

211 485 332 573 jus
353 481 586 576 quoad
607 481 686 552 id
706 481 906 556 aliter
949 493 1320 574 exponunt.
1352 519 1445 534 --
1471 480 1831 555 Concordes
1858 485 1985 554 hac
2026 485 2098 556 in
2128 507 2199 555 re
2218 487 2509 563 doctores

219 599 401 670 haud
419 599 780 689 reperiens,
831 599 1034 668 satius
1063 597 1429 668 existimavi
1456 597 1529 666 iu
1556 619 1737 668 mera
1776 601 2231 672 auctoritatum
2260 606 2516 694 exposi-

221 715 404 784 tione
433 712 682 784 sistere.
1806 761 1809 764 -

319 827 372 895 1.
425 811 1037 918 Auctorit'atesquoe
1059 824 1316 896 dictam
1341 828 1663 918 Episcopi
1684 829 2056 918 licentiam,
2106 831 2517 904 monialibus

221 943 444 1029 etiam
466 943 878 1035 reqularium
891 941 1359 1034 jurisdictioni
1383 944 1722 1034 subjectis,
1760 947 2199 1034 necessariam
2215 949 2508 1040 faciunt.

219 1095 326 1112 —
353 1061 415 1126 1⁰
449 1056 662 1126 Refert
686 1055 1084 1148 Pignatellus
1113 1057 1316 1148 (tomo
1339 1060 1408 1146 4,
1434 1061 1903 1130 consultatione
1956 1062 2107 1153 171)
2135 1071 2513 1154 sequentem

223 1175 304 1247 S.
361 1172 891 1264 Congregationis
963 1171 1432 1264 Episcoporum
1476 1179 1541 1242 et
1588 1176 1991 1266 regularium
2061 1177 2511 1266 [decisionemz

237 1316 284 1358 a
303 1269 387 1358 Al
415 1287 706 1359 vescovo
748 1287 816 1358 ai
869 1286 1152 1360 Breseia.
1190 1285 1372 1358 Aure
1397 1288 1567 1358 volte
1604 1290 1779 1362 dana
1804 1290 1874 1363 s,
1928 1290 2445 1385 Congregazione
2478 1297 2515 1365 ὸ

238 1431 284 1472 α
310 1409 466 1476 stato
495 1403 804 1492 resoluto,
833 1403 972 1482 ²che
997 1401 1103 1472 ne’
1158 1403 1505 1476 monasteri
1546 1405 1613 1474 di
1658 1408 2003 1493 monache,
2066 1409 2277 1479 anche
2316 1411 2517 1482 esenti

245 1545 286 1584 (ι
309 1526 373 1588 et
391 1520 660 1611 suggesti
704 1518 768 1588 al
828 1539 1116 1611 governo
1169 1516 1270 1590 de'
1323 1520 1629 1609 regolari‚
1676 1543 1807 1592 non
1844 1543 2117 1614 possano
2160 1525 2517 1596 introdursi

243 1659 282 1702 α
311 1635 518 1707 zitelle
568 1633 1020 1720 monachastis
1073 1653 1262 1712 ‚senza
1307 1633 1430 1704 che
1487 1637 1761 1724 proceda
1829 1637 2309 1708 l’accettatione·
2356 1639 2519 1708 delle

241 1775 282 1819 α
305 1771 494 1820 suore
529 1749 1056 1840 capitular-mente
1073 1771 1112 1818 e
1133 1769 1246 1840 per
1275 1750 1406 1818 voti
1440 1749 1673 1839 segreti
1726 1751 1867 1842 (per
1892 1773 1985 1851 un
2031 1753 2229 1842 luogo
2261 1761 2520 1824 vacante

247 1889 288 1930 α
311 1865 540 1934 dentre
578 1865 629 1932 il
657 1885 932 1935 numero
974 1865 1293 1957 preflsso),
1323 1887 1360 1933 e
1382 1864 1449 1934 la
1477 1864 1735 1934 livenza
1788 1866 1860 1934 in
1912 1867 2171 1957 scriptis
2219 1869 2369 1937 dell'
2398 1868 2521 1938 Or-

249 2003 292 2046 «
321 1978 596 2046 dinario.
651 1976 781 2054 Ora
821 1979 1180 2050 sentendosi
1233 1979 1404 2048 dalla
1450 1978 1671 2048 lettera
1728 1980 1795 2048 di
1846 1978 1930 2049 V.
1960 1977 2063 2064 S„
2090 1975 2213 2052 elie
2242 1982 2345 2050 ne'
2374 2005 2517 2053 mo·-

251 2117 291 2160 «
317 2093 552 2162 nasteri
601 2094 870 2183 soggetti
895 2086 1042 2184 'agl'
1094 2093 1313 2164 abbati
1367 2093 1736 2166 Cassineusi
1780 2094 1837 2162 si
1867 2095 2175 2186 pretende
2198 2095 2299 2164 da’
2331 2118 2519 2188 supe-

247 2233 288 2274 α
315 2206 472 2281 riori
532 2209 600 2278 di
653 2209 778 2278 essi
833 2208 902 2280 di
953 2216 1134 2300 poter
1183 2209 1316 2280 fare
1389 2209 1798 2295 altrameute‚
1871 2231 1907 2278 e
1982 2208 2051 2280 di
2113 2231 2249 2280 non
2323 2213 2523 2282 hever

250 2323 577 2414 «bisogno
677 2323 786 2394 del
877 2345 997 2404 suo
1061 2345 1402 2410 consenso,
1476 2325 1685 2417 questi
1761 2323 2276 2396 Eminentissimi
2364 2329 2521 2398 miei

248 2465 290 2506 a
309 2440 552 2528 signori
561 2421 585 2526 ,’
630 2440 941 2512 inerendo
975 2439 1102 2510 alle
1153 2441 1535 2516 resolutioni
1586 2441 1861 2528 sudette,
1932 2439 2027 2512 mi
2072 2443 2201 2512 han
2256 2463 2521 2516 coman-

251 2579 290 2622 ι
315 2553 462 2624 dato
515 2555 586 2624 di
649 2555 976 2643 estivei-le,
1057 2555 1178 2626 che
1241 2556 1368 2626 ella
1430 2578 1565 2626 non
1642 2559 1779 2628 solo
1857 2579 1993 2636 non
2049 2559 2115 2628 lo
2179 2567 2517 2652 permensi,

251 2696 292 2738 α
314 2691 424 2740 ma
447 2672 521 2740 in
554 2692 700 2742 csso
723 2671 796 2742 di
826 2669 1350 2742 contraventione
1381 2669 1655 2759 proceda
1708 2678 1943 2768 contro
1974 2673 1999 2740 i
2065 2677 2522 2762 transgressori

250 2812 292 2855 α
319 2786 444 2857 alle
499 2809 663 2880 pene
721 2787 1102 2875 canoniche,
1185 2808 1226 2856 e
1283 2785 1410 2854 alla
1470 2805 1748 2854 censura
1793 2785 1861 2854 di
1926 2787 2157 2856 violata
2203 2788 2521 2860 clausura.

253 2901 518 2974 ‹Glielo
570 2903 906 2994 significo:
949 2924 986 2972 e
1009 2901 1196 2974 Iddio
1245 2902 1308 2972 le
1365 2900 1683 2992 prosperi.
1720 2899 1804 2968 Di
1850 2897 2083 2986 Roma,
2122 2899 2185 2968 al
2211 2902 2425 2991 primo
2453 2905 2522 2973 di

257 3043 296 3082 «
315 3018 526 3110 luglio
564 3018 667 3088 del
712 3018 907 3090 1650.
961 3043 998 3085 >³
1067 3017 1142 3088 Si
1189 3017 1642 3090 authenticum
1688 3015 1769 3086 sit
1814 3014 2283 3088 documentum
2335 3016 2526 3108 illud,

247 3135 702 3225 nequequoad
729 3137 854 3206 hoc
879 3133 1269 3206 variaverint
1323 3133 1637 3204 Romanae
1668 3131 2239 3224 Congregationes‚
2280 3133 2533 3202 inonia-

245 3249 424 3319 libus
507 3249 704 3320 etiam
769 3250 1056 3340 regulari
1115 3247 1380 3340 praelato
1442 3247 1751 3337 subJectis
1822 3246 2177 3318 necessaria
2226 3246 2531 3342 Episcopi

249 3363 518 3437 licentia
571 3365 644 3436 in
687 3365 950 3456 seraptis
1005 3365 1242 3434 merito
1290 3364 1521 3432 inferri
1575 3364 1854 3432 videtur.
1910 3361 2267 3456 Subjungit
2312 3371 2531 3436 autem

251 3480 700 3572 Pignatellus:
773 3505 808 3548 α
853 3479 1038 3550 Ratio
1065 3549 1073 3569 ,
1105 3485 1226 3562 est,
1301 3478 1457 3568 quia
1516 3476 1586 3546 id
1668 3477 1945 3569 pertinet
2024 3478 2103 3548 ad
2162 3481 2531 3549 clausuram

255 3623 296 3666 α
315 3595 732 3680 monialium,
803 3597 996 3686 cujus
1061 3593 1461 3692 conservatio
1516 3591 1852 3683 Episcopis
1927 3591 2358 3661 demandatur
2418 3615 2535 3684 per

258 3737 296 3778 α
319 3709 388 3782 S.
419 3711 777 3781 concilium
789 3707 1273 3793 Tridentinum‚
1309 3706 1592 3776 sessione
1618 3705 1705 3776 25
1740 3707 1821 3776 de
1841 3704 2304 3798 Reqularibus,
2330 3709 2539 3799 capite

259 3851 298 3892 α
325 3825 396 3910 5,
429 3832 492 3895 et
545 3847 660 3916 per
713 3823 1238 3894 constitutionem
1278 3821 1580 3914 Gregorii
1626 3819 1752 3892 XV
1798 3822 1878 3892 de
1928 3821 2287 3914 privilegiis
2313 3843 2537 3890 exem-

261 3966 298 4010 «
329 3947 615 4033 ptorum.
639 3965 674 4009 »
713 3941 770 4012 Α
793 3962 902 4012 me
927 3947 1144 4010 autem
1189 3937 1367 4008 haud
1428 3937 1591 4006 bene
1632 3936 1913 4029 perspici
1948 3935 2177 4021 fateor,
2214 3934 2538 4025 quomodo

253 4057 576 4128 clausurae
601 4060 837 4148 legem
875 4056 1146 4146 attingat
1169 4053 1545 4144 puellarum
1589 4052 1669 4122 sd
1712 4051 2099 4122 novitiatum
2138 4055 2203 4119 et
2234 4049 2539 4120 habitum

252 4176 597 4268 susceptio.
631 4171 988 4265 Legislator
1010 4169 1188 4238 enim
1237 4167 1641 4262 prohibendo
1690 4188 1775 4237 ne
1800 4167 1951 4256 ipsae
1996 4166 2192 4234 etiam
2234 4163 2541 4236 mulieres

255 4289 540 4362 claustra
584 4287 1101 4380 ingrederentur,
1144 4282 1518 4374 profectoid
1556 4281 1639 4351 de
1665 4281 1927 4350 novitiis
1970 4301 2313 4370 nunquam
2350 4280 2538 4352 intel-

255 4405 431 4477 lexit.
491 4405 558 4474 2⁰
597 4401 1034 4496 Pignatellum
1068 4402 1326 4470 secutus
1357 4406 1453 4467 est
1489 4395 1777 4466 Feresris
1802 4397 1985 4487 (voce
2032 4394 2389 4486 Moniales,
2415 4404 2535 4468 art.
