2834 4959
404 335 522 388 224
970 333 1308 387 TRACTATUS
1352 333 1434 379 DE
1479 331 1628 378 mm:
1673 326 2098 376 Rssenmlutm.

405 491 645 540 novum
701 468 1073 538 institutum
1114 463 1466 557 approbet,
1525 462 1870 529 honestum
1923 457 2088 527 illud
2139 457 2448 541 declarat,
2501 468 2566 530 et
2611 462 2688 531 li-

406 588 685 657 centiam
736 585 903 654 illud
947 582 1335 673 exsequendi
1390 577 1783 670 impertitur.
1839 575 1921 644 Et
1974 574 2040 643 id
2099 596 2326 644 verum
2375 583 2497 660 est,
2553 581 2686 650 sive

406 713 586 772 actus
610 699 1010 792 approbandi
1046 699 1161 767 fiat
1188 717 1343 766 cum
1374 698 1497 763 hac
1533 693 1882 778 locutione,
1913 690 2048 760 sive
2085 711 2241 760 cum
2269 691 2436 774 alia3
2465 699 2529 762 et
2553 694 2688 763 sive

409 818 519 887 fiat
549 821 693 886 viva
734 837 915 904 voce,
950 816 1084 882 sive
1124 814 1194 882 in
1234 812 1512 903 seriptis.
1559 808 1748 878 Modo
1781 807 1946 876 adsit
1987 827 2212 876 revera
2255 813 2435 876 actus
2463 829 2688 900 appro-
2774 843 2775 850 κ

410 933 609 1003 bandi
638 938 895 1000 externe
920 929 1232 1022 prolatus»,
1260 932 1585 1018 repugnat
1625 924 1868 992 licitam
1899 943 2031 992 non
2073 943 2207 992 esse
2236 923 2387 992 novi
2417 922 2686 992 instituti
2774 947 2775 1020 ᾗ

416 1049 937 1128 inchoationem;
970 1043 1294 1134 siquidem
1324 1041 1500 1108 idem
1533 1045 1651 1118 est,
1695 1059 1772 1107 ex
1797 1039 2008 1119 dietis,
2055 1037 2409 1129 approbare
2439 1043 2508 1106 et
2547 1038 2684 1106 lici·
2774 1063 2775 1070 ¹

412 1171 557 1232 tum
609 1163 840 1230 facere.
892 1157 1106 1244 Unde,
1136 1163 1281 1248 post
1316 1154 1645 1224 obtentam
1689 1153 2095 1222 pontificiam
2134 1151 2680 1243 approbationem,

413 1299 747 1347 remanere
822 1275 1088 1363 quidem
1154 1271 1377 1362 poterit
1459 1268 1806 1337 difficultas
1881 1270 1953 1335 in
2007 1251 2500 1337 determinanda
2547 1271 2684 1338 novi

413 1395 691 1463 instituti
742 1397 973 1458 natura
1014 1411 1127 1458 seu
1167 1385 1560 1468 conditione,
1617 1407 1772 1453 cum
1811 1406 1933 1452 vox
1973 1382 2423 1475 approbamus
2473 1405 2592 1477 per
2629 1404 2686 1452 se

416 1508 621 1575 solam
654 1505 719 1571 id
752 1525 883 1572 non
910 1504 1339 1590 determinet3
1371 1507 1612 1580 atvero
1635 1500 1847 1591 quoad
1873 1498 2214 1568 liceitatem
2243 1498 2464 1568 nullus
2491 1497 2687 1568 dubio

414 1623 599 1692 locus
627 1619 1041 1708 relinquitur.

1501 1879 1543 1970 g
1573 1877 1652 1948 ιι.

416 2091 587 2154 Qualis
615 2093 903 2156 requiratur
932 2091 1065 2141 sedis
1096 2089 1387 2153 Apostolicae
1411 2088 1722 2152 approbatio,
1749 2091 1809 2140 ut
1829 2099 2030 2140 novum
2063 2067 2359 2138 institutum
2389 2089 2552 2137 status
2580 2087 2685 2137 reli·

1224 2179 1349 2241 glosi
1378 2179 1652 2228 essentiam
1679 2176 1881 2229 habeat.

504 2411 871 2478 Pnoroslrio
909 2409 988 2476 1⁸.
1030 2445 1119 2460 --
1164 2407 1323 2474 Fuit
1358 2408 1839 2476 nonnullorum
1879 2408 2390 2477 canonistarum
2433 2409 2676 2499 opime,
2774 2465 2775 2472 ,

416 2547 549 2594 non
580 2525 905 2614 sufficere,
935 2535 1011 2590 ut
1042 2525 1380 2592 Romanus
1421 2524 1741 2614 Pontifhx
1767 2523 2160 2614 simpliciter
2189 2524 2520 2616 approbet
2563 2545 2686 2592 mo·

420 2639 582 2708 dum
622 2637 911 2722 vivendi,
953 2659 1067 2706 seu
1096 2638 1469 2729 formulam
1505 2639 1662 2706 novi
1688 2638 2018 2724 instituti,
2064 2639 2368 2730 quamvis
2401 2639 2687 2730 formula
2774 2715 2775 2720 ἵ

416 2754 555 2823 hoee
576 2778 688 2824 seu
712 2751 942 2822 modus
968 2752 1258 2838 vivendi,
1284 2754 1511 2821 omnia
1538 2751 1632 2820 ad
1653 2765 1870 2821 status
1893 2753 2194 2844 reliqiosi
2219 2753 2576 2824 essentiam
2595 2776 2687 2822 ne-

314 2955 321 2966 ,
418 2869 701 2938 cessaria
746 2867 1105 2952 contineat,
1132 2880 1387 2958 praeter
1433 2867 1984 2958 approbationem
2007 2889 2038 2953 ;
2075 2869 2191 2938 sed
2227 2870 2479 2960 requiri
2529 2883 2600 2938 ut
2631 2869 2688 2934 in

418 2984 899 3074 approbatione
938 2981 1357 3072 exprimatur
1396 2983 1734 3072 acceptari
1775 2983 2158 3052 institutum
2201 2982 2384 3054 illud
2411 3002 2690 3062 ‘mmmm

422 3116 631 3164 vnum
658 3115 1052 3181 anniciorum,
1078 3117 1190 3162 seu
1210 3117 1500 3174 uuonan
1523 3117 1757 3164 surum
1783 3117 2048 3164 enorme
2071 3118 2459 3165 nunciosuu.
2496 3136 2588 3148 —
2611 3093 2690 3162 De

421 3205 543 3278 hac
570 3212 873 3300 opinione
902 3209 1295 3278 mentionem
1320 3210 1464 3276 facit
1486 3208 1846 3298 SuaresiuS,
1871 3213 1942 3278 in
1961 3210 2139 3280 hunc
2163 3211 2476 3280 modum:
2523 3239 2559 3276 a
2581 3209 2688 3278 Sed

430 3349 465 3386 α
498 3325 915 3413 interrogabit
940 3325 1200 3414 aliquia,
1233 3345 1315 3390 an
1358 3345 1433 3390 eo
1473 3326 1610 3413 ipso
1657 3325 1833 3414 quod
1885 3324 2173 3394 Pontifex
2209 3327 2402 3396 talem
2440 3324 2686 3395 vivendi

430 3464 465 3504 «
500 3439 766 3506 modum
802 3449 872 3507 ut
902 3442 1247 3508 honestum
1272 3444 1335 3506 et
1358 3446 1652 3507 sanctum
1684 3441 2018 3530 approbet,
2059 3441 2290 3532 detque
2335 3443 2686 3510 facultatem

428 3580 463 3618 <a
495 3553 841 3644 profitendi
888 3555 1079 3622 illum
1126 3575 1279 3622 cum
1333 3556 1500 3622 votis
1527 3560 1782 3627 tantum
1829 3556 2264 3647 simplicibus,
2297 3558 2406 3625 illa
2437 3557 2526 3624 sit
2555 3573 2685 3622 vera
2774 3625 2775 3632 χ

432 3699 463 3734 α
496 3669 749 3757 religio,
780 3667 869 3735 ita
896 3675 969 3736 ut
1010 3689 1142 3736 una
1186 3690 1267 3736 ex
1310 3669 1706 3760 approbatis
1749 3671 1875 3738 dici
1921 3671 2152 3760 possit3
2183 3672 2283 3740 vel
2323 3678 2606 3762 oporteat
2629 3673 2687 3734 ut

430 3812 465 3852 t<
500 3803 791 3875 expresse
817 3791 881 3850 et
906 3785 1090 3872 quasi
1118 3784 1474 3852 formaliter
1513 3785 1694 3852 illam
1723 3785 2060 3875 approbet,
2085 3787 2206 3854 sub
2239 3786 2503 3855 ratione
2535 3803 2686 3854 verce
2774 3785 2775 3794 ’

432 3927 465 3965 (ι
499 3899 863 3992 reliqionis,
900 3900 987 3966 ita
1014 3904 1086 3967 ut
1112 3899 1309 3968 veluti
1352 3900 1717 3992 specialiter
1763 3899 1859 3966 illi
1903 3901 2322 3992 privilegium
2347 3923 2516 3970 verae
2549 3898 2683 3967 reli·
2774 3891 2775 3982 j

430 4044 465 4082 ε(
498 4019 708 4105 gionis
754 4014 1110 4084 concedat?
1160 4016 1381 4105 Aliqui
1436 4016 1614 4084 enim
1667 4015 2014 4086 canonistae
2063 4024 2125 4084 et
2175 4020 2534 4087 summistae
2577 4015 2686 4080 hoc
2774 4095 2775 4118 ᾖ

430 4161 465 4199 ιι
500 4135 809 4224 posterius
832 4132 1151 4214 indicant,
1184 4132 1347 4200 dum
1374 4131 1794 4223 distinguunt
1819 4133 1988 4201 inter
2031 4131 2441 4204 Pontificiam
2477 4151 2689 4225 appro-

428 4279 461 4316 «
498 4252 822 4320 bationem
866 4251 1349 4321 communitatis
1379 4252 1699 4342 religiosae
1727 4252 1801 4320 in
1835 4252 2095 4324 ratione
2123 4243 2468 4345 reliqionis
2502 4271 2681 4330 verce,

431 4392 467 4430 «
497 4367 599 4434 vel
652 4366 724 4432 in
780 4365 1039 4434 ratione
1094 4363 1278 4434 modi
1326 4366 1606 4436 vivendi
1659 4366 1950 4458 honeste,
2007 4391 2083 4439 ac
2127 4369 2430 4458 religioso
2481 4368 2690 4456 aliquo
2774 4391 2775 4394 ¹
