2834 4959
408 356 527 416 228
974 357 1313 406 'raic‘rnus
1358 357 1438 404 m:
1483 357 1632 404 mu:
1673 353 2089 404 assumtum.
2143 325 2151 334 ’

408 490 657 556 matum
700 482 919 564 fuisse,
974 479 1379 548 vehementer
1427 477 1644 546 innuit
1687 478 1794 567 (ne
1842 475 2058 544 dicam
2103 475 2388 565 rigorose
2425 477 2692 570 probat)

406 600 715 678 formula,
769 618 903 686 qua
948 617 1104 664 usus
1156 600 1250 662 ost
1300 593 1663 662 Alexander
1711 591 1860 678 vll,
1921 593 1994 660 in
2043 591 2460 683 approbanda
2511 593 2694 663 dicta

406 714 923 806 congregatione.
970 710 1071 780 En
1108 710 1313 802 ipsius
1350 709 1544 778 verba
1581 732 1599 776 z
1661 733 1697 774 α
1739 707 2078 777 Prael'atam
2115 709 2694 798 congregationem

414 859 451 898 (ι
478 829 883 900 Missionis...
930 826 1393 894 confirmamus
1421 830 1484 892 et
1518 821 1950 914 approbamus
1991 843 2145 890 cum
2185 824 2528 893 emissione
2561 847 2694 896 -vo-

413 973 448 1014 a
476 953 693 1016 torum
722 942 1131 1033 simplicium
1148 941 1478 1024 castitatiS,
1499 939 1892 1032 paupertatis
1908 943 1973 1007 et
1991 935 2395 1024 obedientiae,
2429 961 2692 1010 necnon

414 1087 449 1128 et
478 1058 838 1130 stabilitatis
880 1057 949 1126 in
992 1056 1163 1125 dicta
1202 1055 1728 1144 congregatione,
1775 1053 1856 1122 ad
1899 1051 2200 1122 effectum
2253 1075 2322 1122 se
2363 1061 2498 1124 toto
2547 1058 2692 1126 vitae

414 1203 449 1242 ιι
476 1183 763 1265 tempore
833 1173 1021 1241 saluti
1098 1191 1462 1261 pauperum
1529 1171 2012 1238 rusticanorum
2065 1168 2466 1259 applicandi,
2537 1186 2685 1261 post

420 1318 453 1360 α
482 1290 829 1360 biennium
864 1285 1263 1377 probationis
1302 1284 1643 1369 saciendae3
1689 1285 1762 1352 in
1797 1304 2082 1374 quorum
2131 1289 2348 1352 tamen
2391 1292 2693 1355 votorum

412 1433 449 1474 t(
476 1406 823 1477 emissione
864 1424 1059 1471 nemo
1102 1401 1377 1484 intersit,
1425 1401 1540 1490 qui
1585 1421 1658 1468 ea
1703 1405 1990 1490 acceptet
2033 1401 2299 1468 nomine
2339 1423 2698 1494 congrega-

418 1548 451 1587 «
483 1521 703 1603 tionis„
752 1517 883 1586 sive
909 1515 1139 1584 Nostro
1170 1523 1230 1584 et
1266 1536 1384 1605 pro
1425 1516 1714 1606 tempore
1755 1515 2074 1584 existentis
2117 1518 2394 1586 Romani
2425 1516 2700 1587 Pontifi-

414 1659 451 1699 «
480 1636 573 1706 cis
622 1633 971 1702 nomine...
1024 1631 1237 1721 thue
1272 1631 1444 1700 dicta
1495 1633 1910 1722 congregatio
1965 1652 2100 1700 non
2149 1638 2478 1701 censeatur
2529 1657 2700 1723 pro-

418 1777 453 1816 «
482 1757 695 1840 pterea
736 1748 806 1816 in
852 1769 1129 1818 numero
1156 1747 1486 1816 Ordinum
1532 1747 2011 1836 religiosorum,
2057 1747 2166 1814 sed
2199 1748 2282 1814 sit
2309 1747 2386 1814 de
2413 1769 2693 1839 corpore

418 1893 454 1932 α
482 1866 640 1935 cleri
696 1865 1043 1934 saecularis.
1102 1889 1139 1929 ³>
1208 1861 1615 1954 (Constitutio
1653 1865 1764 1931 Ex
1825 1862 2196 1948 commissa,
2269 1861 2353 1930 22
2423 1869 2702 1954 septem-

412 1982 545 2050 bris
582 1979 811 2069 1655.)

504 2096 635 2164 Cur
702 2115 993 2184 expresse
1066 2095 1352 2185 disponit
1413 2094 1708 2163 Pontifex
1777 2102 1852 2163 ut
1918 2113 2110 2163 nemo
2179 2102 2324 2162 vota
2403 2103 2700 2186 acceptet,

418 2211 553 2280 sive
609 2208 875 2274 nomine
942 2208 1485 2298 congregationiS,
1545 2209 1678 2276 sive
1732 2209 2000 2277 nomine
2055 2206 2221 2276 sedis
2275 2209 2703 2300 Apostolicae?

422 2323 654 2392 Nonne
678 2330 749 2389 ut
782 2334 1135 2413 propterea
1164 2325 1579 2412 congregatio
1611 2324 1752 2392 haec
1775 2347 1910 2393 non
1933 2337 2286 2394 censeatur
2329 2325 2400 2392 in
2433 2349 2700 2394 numero
2795 2371 2797 2400 η

396 2437 758 2510 ,Ordimcm
778 2438 1257 2528 reliqiosorum,
1286 2436 1400 2505 sed
1435 2439 1527 2506 sit
1555 2437 1634 2508 de
1663 2461 1934 2530 corpore
1959 2439 2125 2508 cleri
2148 2440 2540 2508 saecularis?
2561 2441 2704 2510 AEs-

426 2555 695 2624 timabat
733 2577 884 2643 ergo
918 2557 1488 2644 congregationem
1526 2555 1810 2624 futuram
1859 2555 2056 2624 fuisse
2100 2556 2186 2624 de
2223 2578 2508 2625 numero
2561 2559 2702 2625 reli-

432 2669 759 2760 giosorum
814 2669 1163 2757 Ordinum,
1220 2671 1275 2738 si
1326 2691 1472 2739 eam
1523 2672 1908 2762 simpliciter
1959 2671 2394 2762 approbasset,
2451 2678 2518 2740 et
2573 2679 2702 2748 vota
2794 2697 2795 2725 l

434 2792 757 2879 acceptata
810 2787 1076 2854 fuissent
1118 2786 1283 2855 sedis
1340 2788 1720 2877 Apostolicae
1785 2787 2074 2857 nomine.
2131 2787 2212 2855 Et
2255 2809 2502 2874 revera,
2559 2811 2701 2856 cum

436 2905 507 2971 in
554 2902 674 2970 hoc
711 2902 1000 2970 instituto
1036 2907 1182 2968 vota
1226 2901 1357 2969 sint
1384 2909 1712 2992 perpetua,
1761 2903 1816 2970 si
1861 2901 2128 2991 insuper
2169 2899 2477 2970 adfuisset
2515 2904 2703 2972 tradi·
2792 2961 2793 2972 ,

438 3019 554 3097 tio,
595 3017 857 3084 nomine
894 3013 1036 3098 Dei,
1090 3015 1173 3083 ab
1214 3015 1431 3105 aliquo
1487 3016 1565 3084 ad
1619 3018 1686 3086 id
1739 3023 2114 3107 potestatem
2162 3017 2438 3086 habente
2487 3039 2704 3108 accep-

444 3138 592 3216 tata,
650 3133 817 3200 nihil
862 3129 1168 3198 defuisset
1224 3131 1303 3199 de
1360 3131 1734 3201 necessariis
1789 3134 1869 3201 ad
1937 3133 2456 3201 constituendam
2513 3141 2704 3200 status

444 3248 724 3335 religiosi
768 3245 1128 3315 essentiam.
1180 3246 1259 3314 Et
1312 3247 1454 3315 ideo
1509 3256 1578 3316 ut
1630 3269 1761 3316 non
1811 3249 2054 3318 adesset
2099 3255 2302 3317 status
2351 3248 2700 3339 religiosus,
2787 3341 2789 3352 Ι

450 3380 563 3430 seu
588 3371 663 3428 ut
710 3363 1115 3452 congregatio
1160 3372 1523 3432 remaneret
1563 3363 1643 3430 de
1681 3387 1948 3454 corpore
1995 3364 2152 3432 cleri
2187 3366 2558 3452 saecularia,
2593 3387 2702 3431 ne·-

452 3499 621 3546 cesse
667 3477 788 3545 fuit
824 3485 1123 3562 statuere,
1174 3485 1247 3546 ut
1291 3501 1420 3549 non
1469 3480 1714 3548 adesset
1753 3501 1959 3548 unum
2003 3478 2085 3548 de
2133 3481 2560 3548 constitutivis
2591 3487 2704 3546 sta-

366 3647 379 3662 .
448 3601 552 3663 tus
586 3593 893 3684 religiosi,
936 3615 1169 3684 nempe
1192 3595 1556 3685 acceptatio
1585 3601 1885 3664 votorum
1923 3617 2036 3663 seu
2075 3596 2465 3680 traditionis,
2501 3615 2622 3685 qua
2645 3612 2702 3658 se

450 3733 687 3780 vovens
743 3709 861 3778 Dei
916 3709 1171 3778 servitio
1244 3711 1589 3803 mancipat.
1651 3710 1851 3794 Hinc,
1907 3710 1966 3778 si
2038 3710 2226 3778 vellet
2279 3710 2472 3778 hodie
2542 3707 2702 3776 sedes
2783 3771 2785 3774 Α

452 3826 817 3924 Apostolica
864 3826 1161 3894 eamdem
1207 3827 1772 3917 congregationem
1811 3826 1893 3894 ad
1941 3832 2139 3896 status
2179 3826 2466 3914 religiosi
2499 3820 2702 3894 condi-

448 3945 695 4012 ti'onem
747 3941 1043 4029 evehere,
1102 3945 1251 4012 satis
1300 3945 1464 4012 soret
1515 3944 1881 4029 decernere,
1949 3947 2020 4009 ut
2068 3943 2140 4009 in
2189 3949 2518 4032 posterum
2573 3941 2702 4004 vota

450 4060 847 4148 recipiantur
897 4079 936 4126 a
1008 4059 1475 4150 superioribus,
1549 4057 2066 4148 congregationis
2127 4064 2189 4126 et
2247 4057 2546 4126 Ecclesiae
2597 4072 2704 4118 no-
2781 4039 2783 4080 ³

453 4170 666 4252 mine;
722 4173 876 4261 quia
928 4173 1053 4242 hoc
1099 4173 1238 4263 ipso
1286 4172 1578 4240 adessent
1626 4171 1846 4240 omnia
1897 4177 2096 4240 status
2147 4171 2428 4260 religiosi
2479 4163 2700 4236 consti·
2779 4257 2781 4262 .

454 4287 679 4358 tutiva.

544 4403 881 4471 Probatur
914 4406 978 4470 4⁰
1030 4402 1378 4472 ratiocinio
1414 4403 1724 4472 Suaresii.
1771 4441 1863 4455 —
1889 4403 2238 4494 Postquam
2269 4399 2545 4471 distinxit
2569 4413 2702 4464 mo·
2776 4497 2779 4500 Ι
