2834 4959
1111 293 1262 340 mas
1307 293 1523 342 PRIMA.
2422 291 2461 344 9

197 425 302 486 tem
327 415 408 483 ad
451 413 782 506 duplicem
811 415 1092 506 speciem
1117 415 1342 482 referri
1379 421 1647 505 possunt
1679 415 2043 483 :nimirum
2078 416 2159 482 ad
2206 427 2463 487 statuam

189 533 380 600 eiaeet
399 529 482 598 ad
503 543 772 598 statum
797 528 1090 598 termini.
1123 528 1341 599 Status
1371 529 1638 598 termini
1666 531 1903 598 iterum
1947 531 2185 622 duplex
2226 531 2461 601 distin-

181 650 406 738 guitur,
475 646 830 716 beatorum
891 655 958 715 et
999 646 1477 716 damnatorum.
1526 646 1927 714 Animarum
1968 647 2039 714 in
2092 651 2465 738 purgatorio

185 762 566 832 detentarum
629 761 942 848 conditio,
982 768 1203 852 utpote
1267 763 1657 846 transitoria,
1720 762 1979 851 proprie
2040 767 2281 832 statum
2328 786 2462 832 non

181 876 516 946 constituit.
569 876 646 946 3⁰
699 876 916 946 Status
970 879 1112 962 viae,
1170 878 1320 948 lieet
1361 877 1580 968 quoad
1630 877 2229 947 denominationem
2279 901 2463 950 suam

183 992 434 1080 proprie
459 989 620 1060 dieti
660 997 862 1062 status
879 992 1196 1062 rationem
1231 993 1573 1064 excludere
1604 993 1920 1078 videatur,
1950 997 2169 1062 tamen
2214 1015 2465 1086 nequa-

189 1127 374 1196 quam
407 1107 715 1176 excludit.
747 1106 920 1176 Nam
939 1108 1064 1177 hoe
1087 1110 1333 1200 ipsum,
1385 1109 1560 1198 quod
1594 1107 1800 1178 homo
1844 1115 2297 1200 permanenter
2320 1113 2467 1180 vitae

191 1224 492 1312 presentis
537 1231 838 1315 ternpore
881 1223 963 1292 ad
1007 1229 1314 1294 oeternam
1360 1223 1829 1294 beatitudinem
1874 1225 2120 1312 tendat,
2170 1246 2327 1293 eum
2382 1227 2463 1296 ad

191 1343 250 1414 id
289 1345 664 1436 impellente
709 1353 900 1437 atque
951 1353 1228 1436 urgente
1275 1345 1565 1436 rigorose
1608 1353 1671 1414 et
1712 1351 2133 1439 permanente
2198 1345 2462 1434 obliga-

183 1461 364 1546 tione,
419 1483 651 1530 veram
705 1461 900 1531 habet
939 1468 1144 1531 status
1185 1462 1499 1530 rationem
1535 1485 1553 1546 ;
1592 1462 1913 1553 siquidem
1944 1463 2015 1532 in
2064 1463 2188 1532 hac
2238 1462 2464 1531 condi-

181 1575 338 1644 tione
377 1597 490 1646 seu
517 1576 792 1644 vivendi
834 1574 1030 1646 modo
1077 1575 1362 1644 occurrit
1401 1575 1621 1666 aliqua
1665 1577 2135 1668 permanentia,
2163 1584 2228 1644 et
2272 1597 2467 1645 causa

183 1689 385 1779 aliqua
399 1691 718 1780 perennis
739 1711 888 1760 eam
921 1691 1441 1781 permanentiam
1480 1691 1799 1762 inducens
1830 1696 1892 1758 et
1924 1691 2215 1761 firmans,
2250 1693 2321 1760 4⁰
2349 1690 2467 1761 Di-

189 1813 316 1873 ctus
365 1814 580 1876 autem
629 1807 756 1876 viae
805 1811 1005 1876 status
1045 1805 1475 1896 distinguitur
1512 1806 1582 1874 in
1628 1817 1886 1876 statum
1953 1807 2375 1894 innocentiae,
2402 1813 2467 1876 et

203 1929 424 1986 statum
483 1932 771 1990 naturae
821 1919 1048 2012 lapsoe.
1101 1917 1388 1990 Adnotat
1434 1917 1675 1988 Suaren
1726 1926 1967 1988 statum
2040 1919 2458 2006 innocentiae,

101 2063 110 2072 ·
208 2057 238 2096 α
258 2037 532 2121 quamvis
577 2035 764 2104 brevi
813 2039 1100 2123 tempore
1135 2034 1489 2118 duraverit,
1552 2028 1987 2102 nihilominus
2038 2051 2277 2100 nomen
2330 2039 2469 2102 sta-

197 2172 226 2210 «
249 2153 348 2217 tus
378 2151 648 2234 mereri,
675 2149 833 2240 quia
858 2150 940 2218 de
987 2172 1054 2220 se
1093 2149 1412 2218 durabilis
1451 2149 1633 2218 valde
1673 2155 1833 2218 erat.
1866 2173 1901 2214 »
1948 2147 2067 2240 (De
2092 2147 2461 2238 Reliqione,

186 2267 440 2332 tractatu
493 2266 568 2350 Ἰ,
615 2264 737 2335 lib.
777 2268 944 2362 ¹2.⁴“·
997 2266 1060 2349 1,
1097 2288 1166 2334 n.
1229 2265 1366 2356 16.)
1413 2265 1481 2334 5⁰
1512 2265 1727 2335 Status
1784 2272 2031 2334 naturae
2083 2266 2279 2356 lapsae
2320 2265 2472 2334 sub-

188 2377 485 2449 dividitur
552 2381 624 2448 in
671 2387 908 2450 statum
964 2387 1236 2464 naturae,
1307 2385 1545 2452 statum
1602 2379 1761 2470 legis
1794 2381 2050 2465 veteris,
2104 2389 2169 2448 et
2222 2387 2465 2448 statum

189 2489 480 2564 Ecclesiae
523 2495 784 2566 Christi.
830 2521 866 2564 tt
923 2495 1006 2566 Et
1055 2495 1308 2569 duobus
1355 2496 1589 2585 primis
1643 2516 1757 2586 pro
1790 2516 1971 2565 nune
2020 2497 2301 2582 omissiS,
2334 2503 2467 2564 ter-

201 2609 414 2676 «tium
435 2631 732 2678 vocamus
751 2621 1012 2680 statum
1037 2610 1194 2678 vitoe
1213 2610 1621 2698 christiana»,
1646 2609 1724 2678 de
1744 2631 1873 2699 quo
1888 2631 2070 2680 nune
2092 2617 2463 2679 tractamus.

209 2715 248 2786 d
269 2720 463 2810 Cujus
491 2723 649 2792 ratio
683 2725 750 2794 in
781 2725 906 2794 hoc
935 2725 1248 2808 consistit,
1287 2725 1464 2815 quod
1514 2726 1599 2794 sit
1624 2724 1891 2814 quidam
1938 2725 2170 2793 modus
2213 2725 2471 2814 religio-

207 2859 241 2898 «
268 2838 370 2904 nis
393 2838 470 2906 ad
489 2841 758 2908 salutem
789 2851 854 2910 et
881 2842 1080 2910 vitam
1117 2849 1429 2912 aeternam
1482 2841 2003 2930 consequendam
2038 2843 2465 2923 necessarius,

205 2979 238 3014 α
257 2960 320 3020 et
341 2975 454 3045 per
481 2957 865 3025 sufficientia
891 2957 1106 3028 media
1131 2956 1466 3027 ordinatus
1490 2979 1511 3039 3
1542 2956 1657 3044 qui
1694 2955 1955 3024 vivendi
1982 2957 2214 3024 modus
2236 2956 2308 3024 in
2338 2955 2473 3024 sola

195 3065 519 3140 ‘Ecclesia
546 3071 785 3140 Christi
835 3073 1176 3160 reperitur,
1207 3079 1272 3140 et
1313 3072 1385 3139 in
1442 3071 1569 3139 fide
1596 3071 1833 3138 Christi
1864 3069 2199 3154 fundatur,
2235 3079 2299 3140 et
2322 3071 2469 3142 ideo

203 3207 236 3246 α
257 3195 444 3255 status
471 3189 618 3256 vitae
641 3188 1010 3256 christianae
1035 3188 1434 3256 nominatur.
1465 3212 1500 3251 »
1528 3185 1813 3278 (Suarez,
1848 3186 1990 3256 loco
2016 3187 2261 3278 citato.)
2290 3187 2461 3270 Qui·-

197 3299 310 3368 bus
335 3305 718 3392 praenotatis,
763 3303 846 3370 sit
878 3329 894 3370 :

275 3415 644 3488 Pnorosmo
663 3419 748 3488 1⁸.
767 3455 858 3470 —
877 3419 1118 3486 Status
1171 3417 1328 3486 vicoe
1355 3417 1741 3487 christianae
1765 3429 1863 3486 est
1891 3441 2082 3488 verus
2110 3432 2173 3487 et
2198 3420 2469 3510 proprie

187 3529 390 3602 ditus
415 3547 658 3604 status.
689 3571 782 3586 —-
801 3533 968 3602 Nam
1025 3535 1169 3600 vitae
1197 3533 1567 3602 christianae
1594 3542 1791 3602 status
1846 3535 2084 3604 dieitur
2110 3534 2344 3602 modus
2363 3535 2466 3601 vi-

183 3649 368 3716 rendi
387 3671 648 3737 eorum,
673 3649 792 3738 qui
811 3669 1111 3716 normam
1143 3669 1179 3716 a
1201 3648 1457 3716 Christo
1496 3650 1791 3718 traditam
1816 3659 2205 3740 sequuntur.
2237 3648 2464 3735 Porro,

181 3759 284 3832 iun
325 3765 586 3834 vivendi
625 3765 860 3834 modus
905 3763 1275 3837 firmitatem
1330 3762 1525 3854 hahet
1559 3785 1637 3832 ex
1672 3785 1863 3834 cansa
1898 3767 2115 3854 aliqua
2163 3765 2463 3852 perenni,

179 3897 254 3948 ae
275 3879 544 3970 proinde
588 3901 779 3948 verus
820 3885 1018 3948 status
1045 3878 1360 3949 dicendus
1389 3885 1529 3964 θείη
1556 3883 1727 3969 quod
1760 3882 1853 3952 sic
1876 3881 2140 3970 exponit
2172 3877 2453 3948 Suarez:

187 4018 222 4060 ι
257 3992 592 4085 Imprimis
624 3996 698 4062 in
719 3993 832 4064 illo
853 4014 1092 4084 magna
1111 3992 1421 4062 stabilitas
1448 4003 1511 4062 et
1546 3995 1819 4064 firmitas
1846 3993 2171 4060 invenitur
2204 4016 2221 4060 :
2254 3993 2465 4084 primo

187 4133 222 4172 α
247 4109 512 4200 quidem
544 4110 615 4178 in
639 4115 1106 4180 communitate
1135 4110 1435 4182 Ecclesiae
1458 4111 1699 4180 Christi
1730 4110 1923 4197 ;quia
1970 4109 2109 4198 ipsa
2158 4119 2465 4199 tanquam

189 4223 313 4292 «in
370 4226 743 4295 firmissima
775 4234 951 4318 petra
992 4227 1258 4294 fundata
1313 4234 1408 4294 est
1452 4224 1941 4314 principaliter;
1972 4231 2134 4292 etex
2194 4222 2465 4316 promis-

196 4337 426 4406 «sione
453 4361 526 4407 ac
556 4341 834 4429 potentia
873 4341 1014 4428 ejus
1051 4339 1138 4407 ita
1164 4337 1443 4408 stabilita
1483 4344 1604 4415 est,
1638 4341 1711 4402 ut
1756 4343 1957 4425 portae
1994 4335 2189 4404 inseri
2236 4339 2465 4402 contra
