2834 4959
379 321 500 376 294
948 324 1287 374 mcn‘rus
1333 327 1414 374 DE
1458 327 1609 374 JURE
1655 323 2071 372 monumen.

337 465 352 476 *
387 443 504 520 «si
534 443 725 519 illum
764 441 1286 512 irrationabiliter
1309 449 1524 533 neget,
1572 442 1889 534 appellari
1920 443 2155 532 poterit
2196 443 2279 511 ad
2312 443 2659 532 judicem3

385 586 420 624 t<
451 561 566 650 qui
633 559 736 628 vel
805 558 1167 630 aedificandi
1221 559 1611 628 laenitatem
1684 555 2018 643 concedat,
2083 556 2187 626 vel
2260 556 2661 648 Episcopum

383 674 786 766 «compellat
833 680 906 742 ut
946 678 1198 763 praestet
1232 673 1645 743 aedificationi
1694 693 2139 742 consensum..
2154 723 2169 739 .
2222 669 2359 740 Nec
2406 673 2661 742 discre-
2801 725 2802 732 κ

381 817 418 869 (ς
445 796 601 879 pant
635 792 819 865 ²sacri
879 790 1082 878 hujus
1132 789 1380 860 ordinis
1424 788 1865 858 resolutiones.
1918 813 1955 854 >2
2022 789 2123 880 (In
2186 789 2657 878 Caesenatensi,

379 932 416 973 α
443 907 622 999 junii
656 906 854 990 1840,
885 905 1414 998 ᾃηὶἠὶἰοηιίηυε,
1449 905 1814 974 Thesaurus
1838 902 2067 992 resch,
2099 909 2263 972 tom.
2296 903 2483 995 100.)

459 1021 552 1090 Ex
601 1021 702 1092 his
754 1029 924 1111 patet
972 1020 1129 1112 quid
1156 1021 1575 1112 praetendere
1624 1021 1823 1110 possit
1870 1018 2191 1110 parochus
2230 1018 2403 1088 circa
2452 1039 2663 1089 saecu-
2801 1011 2802 1054 ³

372 1139 536 1206 lares
563 1137 860 1206 ecclesias
888 1158 1003 1236 seu
1051 1137 1328 1204 oratoria
1357 1134 1645 1224 publica,
1694 1134 1863 1203 intra
1894 1133 2055 1202 fines
2102 1134 2425 1225 parochiae
2466 1135 2669 1204 aedifi-

373 1253 578 1321 canda
626 1278 640 1318 :
680 1257 880 1342 potest
920 1272 1158 1342 nempe
1183 1251 1434 1340 exigere
1472 1257 1563 1318 ut.
1582 1255 2055 1340 praeserventur
2096 1247 2297 1341 ipsius
2323 1248 2495 1341 jura
2530 1271 2666 1341 pa-

373 1366 702 1436 rochialia
740 1388 763 1432 .·
821 1373 885 1434 at
911 1386 1322 1456 nequaquam
1368 1370 1574 1456 potest
1614 1364 1874 1434 oratorii
1894 1362 2152 1455 publici
2196 1364 2671 1434 extructionem

374 1479 712 1570 impedire,
745 1503 822 1550 ex
845 1501 922 1549 eo
949 1479 1122 1570 quod
1151 1480 1535 1550 imminutio
1566 1499 1920 1549 concursus
1949 1478 2173 1570 populi
2208 1478 2278 1546 in
2306 1476 2673 1568 parochiali

373 1594 666 1680 ecclesia,
715 1601 779 1662 et
819 1595 1222 1664 oblationum
1274 1595 1398 1664 sibi
1439 1599 1516 1664 ex
1568 1616 1751 1664 mera
1788 1592 2319 1684 parochianorum
2361 1589 2675 1661 liberali-

371 1715 498 1778 tate
523 1709 1042 1795 obvenientium,
1091 1710 1297 1780 aliave
1339 1710 1585 1780 similia
1607 1708 2008 1802 praejudicia,
2038 1709 2295 1798 jurium
2320 1706 2673 1798 parochia-

374 1822 542 1892 lium
569 1824 742 1894 haud
771 1825 1014 1924 hesim,
1041 1833 1340 1895 secutura
1363 1827 1515 1894 sint.
1582 1827 1591 1837 '

462 1939 535 2007 2⁰
579 1939 740 2010 Inde
779 1947 1000 2010 autem
1045 1941 1276 2011 merito
1329 1941 1632 2028 infertur,
1676 1963 1813 2010 ⁸nec
1858 1960 2043 2030 posse
2101 1935 2467 2030 parochum
2526 1939 2676 2004 novi

377 2062 730 2124 conventus
774 2057 1080 2125 erectioni
1135 2057 1429 2143 obstare,
1477 2054 1565 2123 ob
1616 2062 1919 2124 secutura
1947 2054 2097 2124 haee
2142 2053 2371 2121 eadem
2438 2051 2675 2142 praeju·

373 2169 567 2253 dicia,
623 2172 882 2269 jurium
919 2170 1407 2261 parochialium
1451 2193 1584 2239 non
1626 2169 1865 2240 laesiva.
1909 2169 2057 2238 ldeo
2078 2168 2257 2238 enim
2303 2187 2443 2235 non
2466 2167 2667 2235 omit·

373 2285 534 2352 titur
582 2286 842 2352 oratorii
897 2285 1152 2376 publici
1203 2307 1318 2355 seu
1373 2307 1557 2354 novae
1610 2286 1893 2356 ecclesiae
1948 2283 2277 2354 saecularis
2330 2282 2671 2363 extructio,

379 2397 696 2486 quamvis.
719 2400 892 2468 dicta
923 2400 1185 2488 parochi
1229 2400 1617 2490 praejudicia
1652 2406 1953 2470 secutura
1980 2399 2133 2484 sint,
2166 2399 2323 2488 quia
2368 2415 2513 2487 prae
2542 2416 2675 2463 ma-

378 2531 509 2600 gno
546 2533 622 2579 ex
661 2514 1083 2585 ecclesiarum
1124 2516 1675 2607 multiplicatione
1718 2520 2064 2604 exurgente
2107 2512 2432 2605 spirituali
2476 2512 2673 2590 bono,

383 2626 790 2716 despicienda
829 2631 1288 2700 „existimantur
1335 2632 1713 2722 praejudicia
1756 2631 1871 2700 illa
1922 2629 2219 2721 parochi,
2262 2627 2527 2719 jurium
2584 2628 2675 2716 ip-

381 2742 516 2812 sius
549 2765 681 2812 non
723 2744 961 2816 laesiva.
1009 2745 1132 2816 Sed
1165 2747 1376 2816 multo
1425 2747 1639 2837 majus
1676 2747 2053 2815 animarum
2092 2745 2343 2814 bonum
2387 2743 2677 2835 (regula-

382 2861 538 2928 riter
601 2861 950 2954 loquendo)
1023 2885 1100 2932 ex
1167 2865 1320 2933 novi
1381 2869 1735 2934 conventus
1798 2869 1867 2932 et
1932 2861 2215 2932 ecclesiae
2274 2859 2675 2948 regularium

387 2975 704 3045 erectione
747 2980 986 3062 oritur,
1029 3000 1228 3068 quam
1273 3002 1356 3049 ex
1395 2979 1725 3049 saecularis
1770 2976 2032 3046 oratorii
2070 2975 2467 3044 fundatione.
2512 2973 2677 3065 Ergo

389 3111 429 3158 a
457 3092 707 3162 fortiori
765 3095 1063 3185 nequibit
1118 3096 1467 3187 parochus,
1530 3100 1840 3186 praetextu
1889 3094 2216 3162 dictorum
2264 3091 2681 3183 praejudicio·

392 3228 570 3289 rum,
604 3213 756 3279 novi
784 3217 1140 3280 conventus
1164 3212 1553 3280 erectionem
1577 3209 1957 3303 praepedire.

492 3321 794 3413 Objicies.
835 3361 926 3378 -·
953 3325 1266 3407 Quamvis
1303 3325 1627 3418 parochus
1656 3325 1743 3396 ob
1781 3324 1965 3396 dicta·
1994 3321 2375 3417 praejudicia
2411 3327 2678 3413 nequeat

397 3436 647 3529 publici
672 3441 931 3510 oratorii
972 3444 1362 3511 erectionem
1407 3442 1751 3533 impedire,
1803 3440 2034 3533 poterit
2078 3439 2520 3509 nihilominus
2569 3437 2675 3504 ob-

398 3561 564 3622 stare
607 3576 690 3624 ne
727 3557 1052 3648 regulares
1089 3563 1487 3627 conventum
1526 3559 1698 3626 intra
1749 3555 1949 3648 ipsius
1991 3553 2317 3648 parochiae
2350 3554 2517 3622 finae
2558 3551 2677 3619 sibi

403 3674 821 3758 constituant,
849 3675 904 3741 si
945 3674 1076 3743 hoc
1095 3674 1160 3741 ei
1194 3675 1308 3764 jus
1345 3675 1588 3743 tribuat
1627 3698 1648 3743 ε
1684 3674 1861 3763 atqui
1894 3672 2065 3762 juris
2090 3677 2303 3740 textus
2334 3669 2405 3739 id
2436 3669 2491 3737 ei
2536 3668 2679 3734 vin-

403 3788 658 3858 dicant:
693 3809 870 3878 ergo.
915 3825 1013 3842 -
1049 3788 1425 3881 Ile-spondeo
1457 3812 1480 3859 .·
1529 3812 1697 3879 nego
1720 3791 2070 3858 minorem.
2103 3784 2343 3856 Nullus
2368 3786 2548 3856 enim
2578 3783 2673 3850 ad-

259 3965 262 3968 .
401 3907 554 3974 duci
599 3910 804 3994 potest
823 3904 994 3993 juris
1036 3909 1248 3974 textus
1283 3927 1417 3996 quo
1460 3906 1871 3991 decernatur,
1912 3925 2095 3996 posse
2132 3901 2496 3993 parochnm
2536 3898 2673 3966 novi

407 4029 760 4090 conventus
809 4019 1120 4089 erectioni
1171 4043 1308 4090 sese
1351 4043 1701 4114 opponere,
1755 4020 1842 4090 ob
1895 4019 2201 4112 praedicta
2260 4012 2675 4107 praejufficia3

407 4138 600 4222 prout
623 4130 864 4222 patebit
887 4151 962 4200 cx
990 4133 1284 4222 sequenti
1307 4133 1705 4225 probatione.
1904 4178 1911 4190 ·

499 4243 818 4316 Pnoeario
861 4243 941 4314 ll.
1001 4283 1091 4301 --
1135 4245 1232 4316 Ex
1284 4267 1360 4318 eo
1407 4245 1583 4337 quod
1639 4247 1811 4316 dicta
1858 4246 2297 4338 parochorum
2352 4238 2679 4334 praetensio

421 4361 604 4432 nullo
657 4360 826 4450 juris
871 4368 1040 4430 textu
1083 4361 1303 4432 fulciri
1337 4360 1563 4448 valeat,
1606 4401 1697 4416 -
1750 4362 1813 4428 1⁰
1862 4381 2199 4453 perperam
2242 4358 2680 4450 provocaretur
