2834 4959
400 354 523 415 452
987 358 1327 410 moruus
1370 360 1452 408 ns
1495 358 1646 407 :uns
1689 358 2108 409 assumamus.

406 512 441 551 «
463 488 707 575 faveur
748 484 826 553 de
862 496 961 554 cet
998 481 1526 561 &tablissemenss
1581 482 1709 549 soit
1740 504 1833 549 au
1868 483 2088 573 profit
2152 482 2232 553 de
2282 484 2432 551 l’tm
2461 483 2541 553 de
2583 508 2672 556 ses

405 601 799 691 «membreS,
837 622 927 668 au
956 598 1109 668 dela
1132 596 1224 667 du
1252 608 1454 690 quart
1477 595 1558 665 de
1599 618 1698 665 ses
1729 594 1932 683 biens,
1957 597 2002 665 ἀ
2025 596 2247 667 moins
2273 618 2406 688 que
2433 600 2498 669 le
2531 600 2668 670 bien

404 740 439 781 κ
466 737 554 785 ou
568 714 709 816 leqs
728 710 1031 783 n’excede
1034 734 1169 805 pas
1190 712 1265 780 la
1292 709 1631 781 sommede
1663 708 1912 791 10‚ooo
1933 712 2168 801 francs
2197 713 2313 803 (Ιοί
2335 714 2423 783 du
2437 697 2524 782 24'
2537 718 2664 783 mai

406 831 673 913 «1825,
722 838 841 899 art.
894 828 983 921 5).
1021 826 1311 897 Tandem
1355 847 1569 917 neque
1618 825 1786 895 valet
1835 824 2180 914 religiosus
2227 826 2664 897 difficultatem

406 947 659 1014 «vitare
688 966 802 1035 per
850 964 1097 1013 meram
1144 941 1642 1024 abstentionem,
1671 960 1783 1009 seu
1833 937 2000 1007 nihil
2047 940 2324 1009 omnino
2373 942 2661 1032 agend05

402 1083 438 1123 «
466 1057 623 1149 quia
674 1062 827 1125 tunc
866 1054 947 1124 ab
996 1055 1303 1127 interesse
1344 1050 1738 1121 habentibus
1785 1057 2242 1142 provocaretur
2283 1072 2502 1120 coram
2551 1074 2664 1121 sae-

402 1198 438 1237 «
467 1172 667 1243 culari
694 1169 1107 1259 magistratu,
1150 1175 1215 1238 et
1247 1172 1587 1257 cogeretur
1625 1165 1948 1235 declarare
1971 1186 2057 1234 an
2089 1166 2528 1237 haereditatem
2553 1169 2659 1238 de·

401 1312 439 1355 «
466 1293 635 1356 serat
650 1307 892 1371 necne3
942 1306 1057 1354 seu
1090 1284 1303 1375 potius
1342 1282 1657 1351 abstentio
1685 1280 1825 1371 ipsa
1851 1280 2292 1372 repudiationi
2323 1283 2650 1373 aequivale-

400 1428 437 1469 «
458 1410 575 1471 ret.
601 1401 775 1490 Ergo
805 1400 987 1469 nulla
1012 1396 1267 1467 videtur
1294 1404 1509 1488 patere
1539 1397 1643 1465 via
1669 1418 1871 1485 quam
1896 1397 2078 1487 sequi
2107 1398 2306 1487 possit
2332 1398 2657 1489 religiosus

400 1543 435 1581 «
464 1516 809 1606 professus»,
875 1514 1047 1584 salva
1098 1512 1227 1581 voti
1288 1512 1393 1580 sui
1444 1510 1848 1581 solemnitate
1899 1518 1964 1579 et
2013 1511 2282 1582 dominii
2337 1515 2666 1605 incapaci-

398 1655 435 1697 «
461 1636 609 1699 tate.
649 1655 685 1696 >³

481 1744 579 1815 En
632 1742 1047 1835 ingensillud
1091 1738 1491 1811 difficultatis
1545 1747 1938 1826 monstrum,
1992 1760 2126 1831 quo
2163 1744 2482 1832 perterriti
2507 1766 2665 1815 mo-

393 1860 579 1931 derni
633 1858 903 1951 quidam
969 1860 1288 1939 auctores,
1344 1854 1872 1925 concludendum
1952 1862 2290 1943 putarunt,
2340 1857 2486 1927 dari
2537 1880 2662 1928 non

394 1997 577 2067 posse
624 1976 814 2044 hodie
884 1976 953 2043 in
1021 1972 1339 2063 religiosis
1398 1968 1627 2040 Galliae
1668 1970 1948 2041 dominii
1993 1972 2515 2065 incapacitatem,
2559 1996 2664 2044 nec

394 2096 859 2180 consequenter
897 2088 1211 2157 solemnia
1256 2092 1420 2157 vota.
1490 2085 1843 2177 Sed,²pace
1882 2085 2146 2155 illorum
2185 2087 2482 2175 dixerim,
2531 2091 2660 2157 lar-

394 2226 505 2272 vas
520 2204 953 2271 somniarunt.
1014 2200 1349 2292 Multiplex
1394 2201 1717 2293 siquidem
1747 2207 1916 2293 patet
1960 2203 2092 2289 via,
2113 2224 2317 2295 eaque
2342 2226 2468 2272 non
2509 2204 2654 2273 adeo

395 2316 703 2404 difficilis,
764 2315 845 2385 ad
908 2315 1081 2385 hanc
1114 2314 1556 2385 difficultatem
1606 2316 2109 2405 declinandam3
2155 2320 2330 2409 quod
2377 2320 2468 2388 sic
2519 2340 2653 2410 pro-

394 2433 588 2501 batur
630 2455 648 2497 ε
1139 2448 1155 2453 ’

492 2549 554 2616 1⁰
608 2546 821 2616 Potest
859 2544 1293 2614 communitas
1348 2544 1720 2614 renuntiare
1760 2548 1896 2636 juri
1929 2568 2047 2616 suo
2074 2548 2146 2617 in
2203 2547 2649 2632 haereditatem,

400 2668 590 2752 atque
625 2662 692 2730 id
723 2660 1022 2751 religioso
1066 2660 1414 2731 declarare.
1465 2661 1607 2743 Qua
1634 2660 1798 2731 facta
1829 2662 2285 2746 declaratione,
2327 2668 2458 2755 jam
2485 2666 2653 2735 licite

398 2784 605 2870 potest
685 2776 1021 2867 religiosus
1070 2776 1436 2869 simplicem
1516 2777 1983 2868 repudiationis
2059 2786 2277 2849 actum
2345 2782 2643 2861 emittere,

402 2916 535 2965 non
560 2914 742 2963 secus
772 2915 847 2963 ac
875 2892 944 2961 in
970 2912 1147 2982 casu,
1186 2894 1321 2982 jam
1366 2912 1669 2982 expenso,
1710 2892 1962 2963 ordinis
1993 2892 2275 2985 religiosi
2305 2894 2650 2964 facultatem

400 3028 533 3076 non
580 3008 882 3077 habentis
938 3007 1307 3100 possidendi
1363 3008 1436 3075 in
1521 3010 1885 3078 communi.
1945 3008 2205 3079 Etenim
2251 3012 2309 3079 si
2361 3012 2497 3103 juri
2545 3030 2650 3079 suo

399 3125 833 3193 communitas
867 3123 1219 3212 renuntiet,
1250 3122 1589 3194 haereditas
1617 3124 1696 3193 ad
1727 3146 1833 3195 eos
1882 3126 2254 3217 pertinebit,
2281 3128 2361 3196 ad
2403 3148 2556 3217 quos
2592 3126 2649 3193 vi

398 3238 559 3325 legis
594 3238 1056 3326 devolveretur,
1112 3238 1166 3308 si
1214 3241 1351 3330 jam
1382 3237 1642 3309 obiisset
1684 3238 2022 3331 religiosus
2064 3242 2421 3331 legatarius.
2469 3236 2650 3309 Unde

398 3350 860 3443 repudiationis
883 3360 1100 3427 actum
1128 3354 1504 3440 emittendo,
1535 3354 1875 3445 religiosus
1903 3355 2012 3425 ille
2040 3356 2257 3443 efficit,
2289 3356 2646 3448 utlegatum

399 3466 481 3535 ad
528 3487 757 3535 verum
804 3488 997 3537 suum
1046 3468 1389 3561 dominum
1427 3470 1760 3561 perveniat
1774 3498 1794 3558 ;
1845 3471 2058 3560 [atque
2113 3470 2178 3539 id
2220 3472 2494 3562 agendo,
2529 3490 2644 3539 non

399 3590 615 3655 actum
638 3584 911 3654 dominii
936 3583 1133 3653 exerit
1150 3584 1249 3674 (ut
1274 3605 1471 3675 supra
1495 3582 1946 3677 ostendimus),
2008 3586 2118 3657 sed
2158 3608 2418 3658 merum
2449 3593 2642 3655 actum

395 3702 746 3772 charitatis.

488 3816 796 3907 Objicies.
830 3849 919 3869 -·
942 3813 1010 3883 Si
1039 3813 1161 3885 hac
1174 3816 1277 3884 via
1300 3813 1711 3906 procedatur,
1745 3806 2031 3907 religiosi
2058 3816 2319 3885 ordines
2351 3834 2642 3906 magnum

396 3937 465 4003 in
496 3930 705 4001 Gallia
728 3930 1191 4001 detrimentum
1214 3928 1571 4021 patientur.
1605 3929 1774 3999 Cum
1801 3932 1980 3999 enim
2019 3930 2492 4000 sufficientibus
2514 3928 2642 3997 red-

395 4048 639 4116 ditibus
707 4054 768 4116 et
820 4044 1308 4115 fundationibus
1373 4046 1668 4137 plerique
1735 4052 2015 4132 careant,
2073 4046 2127 4115 si
2176 4045 2354 4117 hisce
2412 4042 2636 4134 legatis,

394 4184 542 4253 quae
601 4158 923 4230 membris
972 4161 1109 4230 suis
1169 4158 1554 4243 obveniunt,
1612 4159 2106 4251 defraudentur,
2169 4161 2512 4231 verendum
2556 4162 2638 4223 oet

398 4300 481 4346 ne
517 4276 597 4346 ad
654 4274 939 4347 nimiam·
976 4281 1320 4367 egestatem
1373 4277 1774 4367 redigantur.
1832 4316 1924 4329 —
1960 4277 2349 4369 Respondeo
2383 4271 2634 4367 primo.-

396 4416 529 4462 non
567 4395 760 4464 unica
778 4402 871 4463 est
896 4396 1155 4486 prael'ata
1186 4396 1331 4479 via3
1356 4392 1466 4465 sed
1485 4402 1730 4465 exstant
1751 4404 1814 4465 et
1858 4396 2000 4465 aliae
2036 4416 2186 4465 mox
2211 4388 2626 4483 indigitandae.
