2834 4959
961 298 969 308 ’
1052 300 1214 384 'rans
1254 335 1493 384 raam.
2296 333 2371 390 51
2384 333 2421 391 3

235 462 606 530 Pnorosrno
634 456 774 527 ΙΨ.
825 491 918 510 -
946 458 1286 524 Romanas
1323 455 1804 526 declarationes
1850 481 1987 528 non
2022 481 2155 530 esse
2197 483 2423 534 omnes

155 573 634 666 intelliqendas
662 572 944 642 relative
971 569 1066 639 ad
1088 573 1390 662 praefata
1419 572 1601 663 falsa
1630 574 1951 664 exposita,
1986 574 2264 645 suadent
2292 580 2430 652 sal.

157 709 277 765 tem
327 693 621 760 rationes
663 687 1095 781 qravissimae.
1127 723 1214 738 —
1259 685 1429 754 Cum
1467 689 1645 756 enim
1674 689 1755 757 de
1786 691 2173 760 monialium
2206 691 2431 766 Galliae

157 809 518 880 conditione
541 806 911 896 frequenter
949 823 988 872 a
1016 803 1244 871 multis
1269 803 1467 872 annis
1498 803 1609 893 agi
1648 805 1869 886 soleat,
1902 807 2251 878 verisimile
2296 831 2429 883 non

156 932 250 994 est
282 924 506 994 Roma»,
535 943 666 990 non
696 919 1083 1004 innotuisse,
1123 918 1455 1008 quomodo
1486 923 1707 1008 etqua
1736 921 2091 992 intentione
2118 926 2431 997 moniales

158 1041 288 1108 illae
320 1038 783 1129 professionem
835 1055 1022 1102 suam
1068 1035 1392 1102 emittant.
1449 1032 1895 1104 Nihilominus
1922 1045 2281 1108 constanter
2324 1063 2433 1110 re-

161 1173 464 1249 sponsum
500 1160 616 1234 est,
646 1172 754 1220 eas
783 1170 916 1218 non
962 1147 1186 1218 haberi
1216 1169 1256 1215 a
1295 1149 1447 1217 sede
1497 1148 1871 1240 Apostolica-
1902 1159 2209 1244 tanquam
2250 1163 2435 1226 voto-

160 1291 308 1339 rum
357 1267 751 1338 solemnium
791 1265 1132 1356 prol'essaS,
1164 1262 1270 1330 sed
1305 1268 1619 1352 tanquam
1656 1266 1793 1355 pias
1847 1266 2148 1352 feminas,
2178 1271 2434 1362 simpli-

163 1386 342 1454 cibus
391 1385 699 1452 duntaxat
747 1381 910 1450 votis
954 1377 1312 1448 obstrictas.
1377 1377 1447 1446 ld
1497 1383 1718 1448 autem
1764 1379 2009 1451 indicat
2074 1383 2435 1456 absolutam

165 1501 326 1569 sedis
373 1498 758 1590 Apostolicae
803 1496 1234 1576 voluntatem,
1270 1499 1341 1562 ut
1393 1494 1705 1563 moniales
1748 1517 1973 1566 omnes
2017 1498 2237 1570 Galliae
2264 1509 2441 1572 voto-

163 1637 306 1685 rum
345 1613 748 1684 solemnitate
781 1617 1082 1698 careant3
1131 1616 1196 1677 et
1243 1630 1382 1678 non
1434 1615 1689 1678 tantum
1732 1611 2235 1685 declarationem
2280 1618 2443 1686 rela-

162 1733 354 1800 tivam
405 1731 486 1798 ad
539 1727 764 1797 falsam
803 1725 1244 1817 hypothesim,
1279 1743 1411 1813 qua
1452 1725 1854 1794 asserebatur
1892 1729 2152 1798 intendi
2184 1733 2265 1801 ab
2304 1733 2441 1802 istis

159 1846 556 1916 monialibus
597 1844 902 1913 omnibus
946 1841 1226 1910 dominii
1268 1840 1719 1908 retentionem.
1764 1841 2098 1934 Praeterea,
2147 1849 2216 1916 in
2247 1871 2443 1939 supra

161 1958 550 2046 transcripta
573 1957 978 2046 responsione
1005 1954 1220 2025 Sacrae
1253 1951 1757 2022 poenitentiarioe
1785 1956 1862 2023 ad
1890 1957 2445 2029 Cenomanensem

161 2072 578 2164 Episcopum,
633 2071 678 2139 2
720 2071 1003 2160 januarii
1064 2069 1262 2150 1836,
1316 2089 1609 2160 expresse
1664 2070 1759 2139 sic
1814 2071 2089 2142 habetur
2130 2098 2147 2142 ε
2214 2077 2447 2146 Mona·

161 2187 366 2256 steria
405 2185 632 2256 eadem
661 2185 920 2278 (nempe
947 2186 1338 2256 monialium
1371 2183 1619 2274 Galliae)
1646 2207 1689 2252 a
1714 2187 1867 2256 sede
1896 2191 1953 2258 A
1960 2190 2307 2280 postoliea,
2336 2201 2447 2259 at-

167 2303 358 2377 tena's
395 2303 860 2394 peculiaribus
893 2303 1442 2392 circumstantiis,
1466 2329 1601 2376 non
1634 2320 1959 2396 tanquam
1995 2305 2259 2376 ordines
2299 2329 2448 2377 vere

167 2432 224 2486 et
255 2421 528 2512 proprie
571 2419 888 2512 reliqiosi,
917 2418 1036 2488 sed
1059 2420 1167 2486 uti
1192 2421 1657 2511 piissimarum
1704 2422 1999 2516 familioe
2028 2423 2447 2513 feminarum

169 2535 606 2602 aestimantur.
646 2534 862 2605 Verba
911 2535 1050 2602 haec
1103 2535 1396 2604 absolute
1444 2539 1907 2628 proferuntur3
1964 2559 2081 2607 nec
2134 2539 2265 2608 dici
2294 2557 2445 2630 pos-

169 2656 314 2717 sunt
347 2649 614 2718 relativa
641 2649 722 2718 ad
769 2649 996 2718 salsam
1027 2647 1467 2739 hypothesim,
1492 2651 1667 2738 quod
1698 2651 2013 2719 moniales
2036 2675 2263 2722 omnes
2297 2654 2450 2723 Gal-

169 2764 272 2834 liae
311 2764 654 2834 intendant
681 2763 1080 2833 habilitatem
1105 2765 1186 2833 ad
1211 2763 1587 2832 dominium
1630 2764 1927 2832 retinere.

255 2883 558 2975 Objicies.
615 2921 707 2936 ---
733 2881 906 2952 Cum
933 2883 1180 2974 pluries
1222 2887 1410 2952 antea
1454 2879 1670 2950 Sacrae
1728 2879 2217 2949 Poenitentiariae
2246 2905 2450 2974 expo—

167 3001 356 3068 situm
391 3000 546 3068 salso
584 2998 830 3080 fuisset,
859 2999 1113 3066 intendi
1141 3020 1180 3066 a
1211 2997 1609 3066 monialibus
1656 2993 1989 3066 omnibus
2023 2996 2270 3078 Galliae,
2296 3020 2447 3089 pro·-

169 3117 501 3186 t'essionem
541 3113 1009 3197 emittentibus,
1075 3114 1429 3183 habilitatis
1484 3115 1567 3183 ad
1644 3112 1921 3183 dominii
1988 3115 2439 3196 retentionem,

173 3230 498 3320 probabile
551 3236 646 3298 est
697 3231 878 3319 juxta
927 3229 1110 3297 illam
1171 3228 1612 3320 hypothesim,
1666 3235 1727 3298 et
1770 3235 2029 3297 enatam
2080 3230 2229 3297 inde
2272 3231 2449 3322 apud

173 3345 488 3415 Romanos
541 3343 954 3413 Consultores
998 3345 1509 3433 persuasionem,
1540 3344 2011 3414 Cenomanensi
2057 3347 2251 3415 etiam
2288 3346 2446 3440 Epi-

171 3481 358 3551 scopo
379 3481 762 3552 responsum
789 3459 981 3528 fuisse
1013 3483 1032 3543 ;
1079 3461 1167 3528 ita
1206 3465 1280 3528 ut
1307 3481 1493 3528 voces
1520 3461 1655 3529 istae
1682 3461 1959 3528 attentis
1988 3463 2447 3548 peculiaribus

113 3641 120 3648 .
172 3575 706 3655 circumstantiis,
735 3575 1015 3664 intelligi
1043 3577 1244 3644 etiam
1273 3576 1518 3665 possint
1546 3575 1623 3644 de
1642 3575 1761 3642 hac
1792 3577 2119 3665 supposita
2144 3577 2447 3644 omnium

172 3691 552 3762 monialium
589 3690 814 3758 Galliae
863 3690 1257 3778 intentione,
1287 3690 1641 3758 retinendae
1669 3693 1749 3759 ad
1796 3690 2173 3760 dominium
2203 3691 2446 3761 habili-

169 3809 338 3890 tatis,
367 3807 446 3877 ad
471 3807 774 3874 terminos
805 3807 1011 3874 civilis
1041 3805 1228 3895 legis.
1259 3843 1354 3858 --
1381 3805 1757 3897 Respondeo
1788 3831 1805 3874 ε
1842 3805 2283 3897 interpretatio
2310 3808 2448 3878 haee

171 3925 332 3993 mihi
370 3925 620 3994 videtur
674 3927 892 3994 sensui
931 3925 1122 3994 obvio
1165 3927 1372 3994 citatae
1408 3926 1862 3995 declarationis
1916 3927 2185 3995 difficile
2236 3927 2447 4018 aptari

36 4097 38 4100 ,
171 4059 367 4126 posse.
401 4040 584 4110 Unde
611 4040 894 4108 omnino
913 4039 1376 4110 abstinendum
1404 4041 1559 4109 duxi
1588 4061 1625 4108 a
1657 4041 2122 4132 propugnanda
2140 4041 2445 4132 opinione

171 4151 298 4238 illa,
339 4175 487 4246 quae
549 4153 836 4245 praefatas
883 4154 1338 4223 declarationes
1399 4175 1621 4222 omnes
1696 4153 1941 4222 habens
2008 4161 2317 4245 tanquam
2367 4157 2447 4226 ad

171 4265 324 4338 falsa
349 4270 632 4361 exposita
677 4269 995 4354 relativas,
1045 4270 1360 4339 existimat
1417 4267 1611 4339 hodie
1653 4269 1867 4340 adhuc
1915 4271 2119 4339 emitti
2151 4291 2188 4338 a
2226 4272 2447 4344 multis

172 4381 390 4455 Galliae
417 4384 810 4455 monialibus
858 4385 1172 4456 solemnia
1201 4391 1366 4454 vota-

409 4507 458 4556 1.
2136 4509 2205 4558 is
