2834 4959
387 299 468 354 88
959 303 1300 354 moruus
1333 306 1412 352 DE
1458 305 1612 353 mm:
1650 301 2067 357 mummola.

1489 633 1539 700 1.

905 815 1146 878 Quanam
1185 821 1254 868 sit
1283 819 1507 868 materia
1534 815 1856 881 pauper-tatis
1881 816 2099 864 remota.

471 1035 506 1075 α
531 1009 675 1080 Non
695 1014 915 1082 omnia
943 1012 1140 1092 bona,
1171 1032 1457 1102 quorum
1519 1011 1718 1080 homo
1754 1009 1951 1078 habet
1984 1008 2381 1096 dominium,
2432 1033 2668 1082 usum-

383 1151 416 1192 «
445 1126 766 1210 fructum,
832 1133 946 1196 aut
977 1127 1088 1218 jus
1129 1126 1357 1194 utendi
1410 1125 1565 1207 illis,
1630 1131 1784 1194 sunt
1846 1123 2113 1194 materia
2166 1128 2587 1216 paupertatis.
2618 1153 2657 1194 ιι

373 1241 675 1333 (Suara,
729 1242 810 1312 de
857 1244 1215 1336 Reliqione‚
1250 1248 1528 1314 tractatu
1562 1242 1633 1328 7,
1686 1242 1732 1311 l.
1766 1241 1834 1324 8,
1880 1264 1937 1310 c.
1984 1242 2053 1324 4,
2096 1263 2164 1308 n.
2192 1240 2292 1330 2.)
2328 1241 2403 1309 Id
2432 1237 2669 1332 probat

369 1359 598 1429 citatus
615 1366 837 1426 auctor
877 1359 1054 1428 varia
1093 1358 1533 1427 enumerando
1562 1356 1884 1446 ejusmodi
1933 1355 2127 1444 bona,
2180 1378 2325 1446 quae
2376 1357 2667 1428 nullate·

369 1489 496 1536 nus
523 1469 840 1538 censenda
889 1476 1040 1538 sunt
1071 1468 1196 1537 sub
1249 1474 1471 1538 votum
1520 1467 1906 1560 paupertatis
1956 1467 2227 1552 cadere3
2282 1469 2667 1567 cujusmodi

367 1587 520 1650 sunt
559 1605 576 1649 ε
633 1585 696 1650 1⁰
733 1585 864 1653 vita
901 1585 1236 1652 hominis:
1277 1585 1386 1676 jus
1430 1604 1665 1674 nempe
1730 1583 1931 1652 vitam
1992 1583 2415 1652 conservandi
2465 1583 2664 1654 nullo

369 1701 759 1789 paupertatis
809 1707 954 1770 voto
1006 1699 1293 1770 abdicari
1364 1706 1600 1791 potest3
1664 1701 1821 1790 quia
1896 1697 2024 1767 tale
2085 1705 2312 1768 votum
2340 1724 2353 1740 ·
2380 1721 2665 1791 pravum

365 1812 555 1900 foret,
595 1837 669 1883 ac
715 1817 988 1907 proinde
1017 1817 1278 1886 nullum
1311 1839 1330 1900 ;
1359 1817 1433 1883 2⁰
1471 1818 1626 1885 item
1674 1813 1975 1884 membra
2002 1815 2311 1906 corporis,
2350 1823 2414 1886 et
2446 1815 2665 1886 facul·
2797 1845 2799 1854 ·

365 1935 518 1999 tates
548 1933 681 2000 sive
721 1934 1008 2024 eorporis
1055 1935 1188 2004 sive
1233 1933 1500 2013 mentis„
1550 1932 1630 2000 ad
1673 1931 2008 2000 materiam
2066 1931 2461 2021 paupertatis
2516 1953 2657 2000 non

365 2047 727 2136 pertinent3
760 2049 826 2116 3⁰
885 2047 1059 2115 idem
1095 2049 1455 2116 dicendum
1520 2046 1599 2114 de
1646 2045 1871 2135 gratiis
1915 2051 1977 2112 et
2022 2045 2397 2125 virtutibus,
2440 2053 2513 2113 ut
2540 2069 2663 2136 pa-

365 2167 474 2226 tet.
521 2158 706 2228 Unde
742 2161 1102 2248 generatim
1151 2161 1345 2250 bona,
1407 2181 1553 2251 quae
1596 2166 1752 2230 sunt
1790 2160 2052 2250 ipsimet
2098 2179 2387 2249 personae
2440 2161 2664 2230 homi-

367 2273 470 2342 nis
497 2273 870 2364 intrinseca,
933 2297 1348 2367 nequaquam
1377 2276 1475 2346 ’ad
1504 2276 1849 2349 materiam
1896 2274 2285 2366 paupertatis
2328 2275 2657 2366 pertinere

367 2392 685 2458 censenda
721 2397 896 2459 sunt.
1443 2448 1459 2462 „

451 2502 574 2572 Sed
605 2527 815 2596 neque
838 2507 1056 2575 honor
1081 2513 1144 2575 et
1173 2507 1372 2590 fama,
1402 2509 1523 2576 etsi
1556 2507 1691 2576 sint
1708 2509 1865 2599 quid
1894 2509 2151 2578 homini
2174 2507 2609 2576 extrinsecum
2634 2539 2655 2597 3

367 2621 539 2709 quod
589 2622 829 2709 pariter
868 2621 1014 2690 vide
1042 2621 1385 2712 probatum
1432 2643 1469 2692 a
1516 2621 1775 2694 laudato
1818 2622 2114 2693 Suaresio
2158 2620 2260 2714 (de
2285 2622 2659 2712 Reliqione,

365 2743 548 2804 tract.
587 2739 652 2820 7,
679 2737 724 2804 l.
763 2737 829 2822 8,
858 2759 926 2805 n.
963 2736 1056 2828 3).
1084 2737 1160 2806 Id
1195 2746 1414 2808 autem
1464 2740 1739 2808 minime
1778 2738 2051 2829 impedit
2102 2740 2265 2827 quin
2307 2735 2655 2805 laudabili·

366 2859 460 2918 ter
487 2853 699 2920 emitti
749 2853 948 2942 possit
997 2857 1218 2920 votum
1265 2875 1398 2921 non
1444 2853 1775 2928 ,ambiendi
1832 2860 1893 2921 et
1942 2873 2075 2921 non
2128 2852 2499 2942 acceptandi
2544 2853 2651 2921 di-

367 2968 640 3056 gnitates
669 2975 732 3036 et
758 2966 1120 3036 honorifica
1147 2973 1395 3036 munia.
1450 2967 1576 3037 Sed
1612 2973 1839 3037 votum
1876 2967 2044 3059 illud
2087 2989 2125 3035 a
2164 2973 2309 3036 voto
2358 2987 2651 3058 pauper·

367 3085 513 3151 tatis
558 3083 892 3152 diversum
927 3083 1196 3152 omnino
1234 3089 1348 3152 est.
1381 3082 1605 3172 Neque
1638 3084 2007 3174 objiciatur,
2042 3081 2274 3153 falsum
2308 3081 2441 3148 fore
2466 3079 2647 3170 quod

341 3221 566 3288 .supra
619 3201 1046 3270 stabilivimus
1113 3199 1433 3290 (sufficere
1482 3221 1717 3290 nempe
1766 3200 1995 3293 triplex
2036 3196 2369 3288 religionis
2416 3201 2646 3264 votum

369 3313 448 3378 ad
477 3313 1000 3382 constituendum
1027 3313 1363 3382 hominem
1425 3315 1494 3379 in
1536 3320 1702 3380 statu
1732 3311 2159 3403 perfeetionis)
2206 3309 2332 3378 nisi
2366 3309 2652 3378 honores

369 3436 432 3496 et
481 3426 654 3494 fama
721 3436 926 3498 essent
989 3429 1255 3497 materia
1306 3431 1437 3497 voti
1490 3430 1901 3522 paupertatis,
1968 3434 2032 3497 et
2087 3449 2204 3520 per
2248 3426 2372 3496 tale
2419 3432 2649 3494 votum

370 3549 861 3635 primm-eretur,
911 3542 1123 3635 quoad
1167 3546 1490 3634 ejusmodi
1552 3546 1745 3630 bona‚'
1798 3546 2004 3613 nimia
2052 3539 2442 3623 sollicitudo,
2494 3557 2649 3629 quaa

369 3679 502 3726 non
557 3657 774 3724 minus
825 3656 1199 3746 perfectioni
1258 3665 1580 3750 repugnat
1608 3679 1808 3749 quam
1844 3656 2208 3726 sollicitudo
2235 3654 2451 3744 quoad
2474 3650 2651 3720 divi-

370 3772 510 3839 tias,
565 3770 1005 3862 Respondetur
1063 3771 1242 3840 enim
1304 3773 1380 3841 ad
1442 3781 1680 3842 statum
1760 3772 2169 3862 perfectionis
2218 3791 2351 3838 non
2394 3768 2651 3858 requiri

373 3891 515 3954 vota
549 3887 628 3952 de
668 3884 970 3976 singulis,
1024 3907 1169 3976 quae
1213 3885 1296 3954 ad
1352 3886 1786 3956 refraenandos
1833 3907 2059 3978 pravos
2106 3884 2372 3954 affectus
2413 3885 2651 3974 juvare

375 4006 690 4088 possunt:
740 4000 1030 4089 alioquin
1057 3999 1276 4068 voveri
1327 4000 1585 4070 deberet
1624 4000 1997 4070 exercitium
2049 3999 2461 4078 humilitatis,
2521 4019 2647 4088 pa-

373 4111 608 4182 tientiae
633 4120 695 4180 et
721 4115 1000 4184 aliarum
1027 4115 1366 4185 virtutum.
1421 4115 1620 4185 Porro
1644 4117 1963 4205 ejusmodi
2016 4123 2186 4200 vota,
2234 4113 2485 4182 nedum
2524 4133 2646 4181 ao-

372 4227 704 4318 quirendae
761 4230 1134 4318 perfectioni
1178 4233 1509 4322 iuvarent,
1570 4231 1627 4298 ei
1667 4253 1704 4300 e
1760 4237 1983 4300 eontra
2044 4227 2409 4320 plurimum
2450 4225 2642 4294 obes·

369 4350 532 4414 sent.
581 4343 854 4424 Quando
906 4345 1085 4412 enim
1137 4348 1354 4437 agitur
1414 4346 1495 4416 de
1542 4345 1813 4416 internis
1861 4343 2111 4414 actibus
2156 4350 2217 4411 et
2270 4339 2640 4426 affectibus,
