2834 4959
395 295 517 354 534
727 339 732 344 .
957 301 1298 351 memma
1342 303 1427 350 DE
1468 301 1619 350 mn
1658 299 2083 353 mumm-

387 430 604 496 ratum
635 428 755 509 est,
781 442 1009 493 earum
1047 420 1437 491 monialium
1462 419 1687 491 Gauiae
1713 425 1862 491 vota
1890 439 2010 513 pro
2062 421 2484 516 simplicibus
2512 429 2679 500 dun-

389 543 557 610 taut
603 558 642 606 a
683 538 833 608 sede
901 537 1270 630 Apostolios
1332 539 1666 608 aestimari.
1721 537 1857 607 Neo
1921 537 2133 608 obstat
2209 543 2443 633 opinio
2478 565 2675 637 supra

391 657 770 737 memoratu,
821 653 1216 723 contendens
1264 654 1721 724 declarationes
1786 649 1931 724 illas
1976 653 2279 725 relativas
2340 657 2535 730 fuisse
2588 660 2674 730 ad

391 767 550 838 falsa
573 770 879 860 exposite,
929 765 1328 860 proindeque
1367 787 1488 860 pro
1524 767 1923 838 solemnibus
1974 768 2335 840 hodiedum
2374 773 2673 844 habenda

391 903 526 954 esse
549 887 697 954 vota
720 884 1052 954 dictarum
1100 882 1489 954 monialium
1510 882 1737 952 Galliae
1760 905 1779 952 t
1810 902 1969 956 nam
1990 888 2421 974 quantumvis
2458 889 2673 980 opinio

395 999 536 1070 hmo
563 1019 716 1068 vers
740 1000 942 1070 alicui
969 999 1168 1070 videri
1193 999 1419 1090 possit,
1449 1021 1591 1068 rem
1616 1005 1833 1068 tamen
1854 1005 2101 1070 certam
2118 1022 2255 1072 non
2278 1001 2463 1073 facit.
2494 994 2669 1076 Unde

389 1123 532 1212 post
551 1119 860 1190 emissam
913 1121 984 1189 in
1013 1119 1204 1190 dictis
1233 1119 1657 1190 conventibus
1690 1141 1729 1188 a
1778 1121 2129 1210 conjugata
2172 1123 2665 1214 professionem,

399 1233 614 1304 adhuc
655 1235 902 1304 incerta
931 1235 1094 1305 foret
1144 1233 1394 1305 vinculi
1434 1234 1931 1304 matrimonialis
1968 1234 2205 1305 solutio
2240 1262 2259 1307 ε
2292 1259 2425 1328 quo
2468 1247 2672 1311 stante

397 1345 622 1430 dubio,
655 1370 788 1419 non
835 1350 1058 1420 liceret
1073 1351 1213 1420 viro
1243 1371 1489 1420 novum
1544 1349 1715 1418 inire
1758 1349 2279 1422 matrimonium.
2342 1353 2425 1424 Et
2452 1367 2669 1426 tamen

390 1465 502 1554 jus
520 1463 735 1549 habet,
763 1471 840 1533 ut
859 1467 1168 1552 diximus,
1212 1472 1312 1551 ut,
1343 1465 1447 1534 vel
1468 1485 1715 1538 novum
1744 1465 2233 1535 matrimonium
2288 1469 2673 1540 oontmhere

386 1576 611 1658 valeat,
640 1579 746 1646 vel
765 1599 928 1647 uxor
945 1599 1062 1648 sua
1077 1580 1159 1649 sd
1182 1601 1250 1650 se
1270 1579 1507 1650 redeat.
1542 1579 1615 1650 ln
1638 1581 1817 1672 praxi
1840 1601 2021 1671 ergo,
2040 1581 2253 1650 saltem
2274 1582 2362 1650 ob
2376 1581 2666 1654 dubiam

399 1691 868 1764 solemnitatem
919 1701 1224 1766 votorum
1263 1717 1302 1766 s
1329 1697 1517 1767 dietis
1545 1696 1941 1768 monialibus
1970 1697 2368 1782 emissorum,
2403 1719 2541 1768 non
2568 1699 2659 1769 li-

399 1814 499 1881 oet
511 1808 708 1880 alicui
737 1812 1096 1904 eonjugstae
1123 1812 1300 1905 apud
1329 1814 1499 1906 ipsas
1526 1813 1988 1904 professionem
2012 1813 2327 1884 emittere.

483 1923 894 1996 Contrarium
957 1927 1314 1998 dicendum
1341 1929 1420 1998 de
1446 1927 1738 1998 virorum
1776 1927 2003 2000 Galliae
2032 1928 2403 2010 ordinibus,
2450 1930 2669 2018 quiex

399 2041 690 2110 instituto
715 2048 860 2111 vota
878 2042 1196 2112 solemnia
1222 2043 1488 2113 babent.
1530 2043 1699 2115 Cum
1727 2044 1993 2137 nempe,
2024 2066 2106 2115 ex
2132 2065 2328 2138 supra
2358 2043 2663 2136 probatis,

401 2156 586 2226 nulla
611 2159 696 2226 sit
712 2157 914 2226 solida
939 2161 1104 2229 ratio
1127 2161 1559 2248 existimandi,
1602 2167 1747 2232 vota
1770 2164 2069 2256 ipsorum
2100 2183 2221 2254 pro
2262 2161 2667 2232 solemnibus

395 2289 436 2338 s
463 2267 612 2337 sede
661 2269 1026 2360 Apostolica
1053 2295 1186 2342 non
1221 2277 1561 2367 acceptari,
1614 2278 1779 2348 bene
1809 2277 2037 2368 poterit
2062 2279 2481 2369 conjugatus,
2532 2281 2673 2347 ante

403 2395 933 2456 consummatum
975 2390 1497 2478 matrimonium,
1528 2395 1705 2484 apud
1758 2395 1930 2486 ipsos
1970 2393 2440 2486 professionem
2478 2397 2665 2466 emit-

405 2505 571 2583 tere3
602 2505 665 2569 et
687 2502 750 2567 vi
773 2501 972 2592 hujus
993 2503 1404 2594 professionis
1428 2529 1467 2576 a
1484 2510 1747 2580 vinculo
1783 2509 2255 2580 matrimoniali
2280 2511 2497 2582 soluta
2524 2533 2669 2584 uxor

402 2613 720 2682 censenda
745 2615 888 2694 erit,
921 2623 1116 2710 atque
1141 2621 1315 2692 aliud
1331 2626 1561 2716 poterit
1580 2625 1989 2695 connubium
2014 2627 2209 2697 inire.

486 2725 718 2798 111.οι
771 2753 1074 2806 enum
1145 2759 1284 2808 m
1327 2761 1569 2810 ulmo.
1621 2779 1716 2796 -
1756 2741 1843 2812 Ut
1869 2749 2039 2812 recte
2073 2741 2488 2834 intelligatur
2516 2749 2669 2814 anet

395 2849 712 2934 quatenus
741 2847 812 2916 bi
855 2848 940 2917 ab
969 2850 1266 2942 ingressu
1315 2855 1388 2923 in
1414 2856 1799 2946 religionem
1827 2855 2322 2949 prohibeantur,
2352 2859 2667 2950 expende-

397 2981 549 3031 mus
587 2964 802 3052 quoad
827 2964 1125 3057 ipsosjus
1149 2989 1502 3041 commune
1530 2979 1679 3042 ante
1700 2971 1959 3046 Sixtum
1976 2973 2061 3057 V,
2094 2981 2157 3043 et
2175 2976 2291 3065 jus
2322 2996 2669 3046 commune

393 3073 611 3145 sSixti
637 3077 698 3146 V
727 3086 1041 3172 tempore.

489 3189 550 3259 1⁰
571 3195 694 3262 Ius
711 3215 1060 3266 commune
1086 3197 1311 3291 quoad
1329 3223 1461 3270 oere
1492 3201 1707 3278 aluno
1728 3215 2066 3298 qravatos,
2100 3215 2261 3275 ante
2304 3207 2578 3276 Stis-tum
2630 3207 2679 3276 V

316 3333 327 3344 ·
394 3303 640 3395 viqens.
678 3309 1234 3403 -Distinguendi
1271 3322 1427 3386 sunt
1452 3317 1675 3410 plures
1696 3341 1904 3409 casus,
1931 3343 2048 3413 pro
2077 3323 2255 3392 varia
2276 3320 2587 3392 debitoris
2608 3328 2671 3390 et

351 3513 356 3518 θ
397 3415 597 3488 debiti
617 3421 1004 3497 conditione.

479 3533 748 3607 Primus
777 3562 1005 3610 casus:
1031 3541 1104 3613 Si
1127 3544 1341 3618 debita
1366 3549 1500 3618 sint
1520 3549 1792 3637 ineerta,
1810 3553 1903 3622 ita
1935 3557 2009 3622 ut
2032 3551 2199 3622 nulli
2234 3559 2435 3624 certae
2464 3573 2671 3645 perso·

395 3679 500 3730 noe
527 3660 816 3732 facienda
843 3665 923 3734 sit
940 3666 1201 3754 solutio,
1243 3691 1375 3741 non
1407 3674 1761 3767 impeditur
1784 3677 2117 3768 ingressus
2146 3676 2216 3746 in
2244 3675 2656 3768 religionem.

391 3771 562 3844 Nam
585 3782 744 3848 tunc
767 3777 1038 3872 debitor,
1071 3784 1128 3853 si
1171 3784 1401 3859 habeat
1430 3791 1601 3861 unde
1634 3791 1863 3880 solvat,
1914 3791 2224 3864 satisfacit
2284 3793 2665 3885 religionem

385 3891 810 3983 ingrediendo
836 3919 857 3980 ;
884 3897 1040 3987 quia
1057 3896 1226 3972 bona
1257 3904 1461 3997 ipsius
1481 3929 1595 3999 per
1616 3909 2079 4002 professionem
2108 3907 2423 3992 religioni
2452 3906 2666 3998 acqui-

385 4011 648 4092 runtur,
667 4013 846 4082 etsie
870 4013 945 4082 in
969 4035 1232 4087 eausam
1255 4019 1433 4111 piam
1458 4025 1938 4115 expenduntur.
1978 4021 2207 4096 Sinon
2233 4025 2467 4094 habeat
2488 4021 2663 4090 unde

379 4121 602 4211 solvet,
637 4127 894 4217 ingredi
919 4130 1157 4221 pariter
1213 4137 1466 4226 poterit,
1512 4139 1669 4230 quia
1711 4140 1881 4210 nulli
1938 4141 2254 4231 injuriam
2310 4139 2456 4210 facit
2490 4135 2665 4229 (vide

379 4235 778 4328 Suaresium,
809 4241 892 4314 de
917 4247 1286 4340 Reliqione,
1317 4257 1341 4321 t
1405 4253 1475 4338 3,
1507 4253 1554 4323 l.
1584 4255 1655 4340 5,
1684 4277 1743 4324 c.
1780 4253 1849 4342 7,
1880 4279 1952 4325 n.
1990 4257 2077 4348 1).

467 4355 810 4428 Secwzdus
844 4383 1032 4433 casus
1059 4386 1085 4435 .·
1133 4363 1203 4437 Si
1221 4367 1441 4440 debita
1470 4371 1601 4445 sint
1625 4377 1820 4462 ceris,
1852 4379 1918 4442 et
1940 4371 2190 4442 debitor
2216 4371 2456 4442 habeat
2482 4368 2653 4440 unde
