2834 4959
376 404 503 467 4Ἱο
948 412 1287 462 rucums
1328 412 1407 461 m:
1443 412 1593 459 suas
1639 410 2060 460 mumma.

380 562 413 603 α
444 558 483 607 a
506 535 578 606 S.
612 533 1122 627 Congregatione
1151 534 1426 625 negotiis
1459 539 1524 604 et
1557 531 2144 603 consultationibus
2177 531 2638 623 Episcoporum

378 676 414 719 α
440 656 506 723 et
550 652 955 743 regularium
1008 650 1371 743 praeposita,
1421 672 1459 721 e
1513 648 1729 720 medio
1783 647 2151 730 tolleretur:
2211 649 2435 739 dubia,
2495 674 2638 745 quae

378 794 413 835 ιι
438 774 827 859 sequuntur,
858 764 1072 835 eidem
1100 762 1167 834 S.
1202 764 1698 856 congregationi
1725 762 2097 835 resolvenda
2123 766 2458 857 proposuit
2487 791 2506 836 z

462 906 501 949 ι(
536 882 598 949 1⁰
646 880 815 951 Cum
870 881 942 950 in
995 879 1272 950 articulo
1316 878 1379 949 X
1438 880 1846 968 decernatur,
1907 878 2206 970 quamvis
2263 884 2640 952 monasteria

378 1024 411 1063 α
438 994 917 1090 Trappensium
952 1018 991 1067 a
1027 994 1480 1088 jurisdictione
1524 992 1991 1087 Episcoporum
2039 1000 2336 1087 exempta
2379 998 2536 1084 sint,
2581 1020 2644 1067 ea

374 1140 410 1181 α
437 1121 656 1184 tamen
708 1113 795 1182 ob
848 1111 1210 1205 peculiares
1268 1110 1576 1195 rationes,
1643 1115 1707 1179 et
1771 1110 1980 1180 donec
2051 1110 2241 1180 aliter
2311 1116 2640 1195 statuatur,

375 1227 868 1321 «jurisdictioni
930 1226 1311 1296 eorumdem
1386 1224 1858 1318 Episcoporum
1921 1226 2202 1313 subesse,
2253 1228 2369 1317 qui
2429 1250 2643 1319 proce-

376 1366 413 1411 «
438 1342 595 1414 dant
636 1349 947 1434 tanquam
990 1342 1156 1411 sedis
1208 1339 1596 1432 Apostolicae
1645 1340 1950 1433 delegati,
1998 1342 2340 1433 quaeritur,
2397 1344 2472 1413 in
2523 1366 2643 1435 quo

372 1482 409 1523 ι
436 1476 510 1527 ea
534 1456 901 1548 jurisdictio
932 1456 1257 1541 consistat,
1294 1460 1357 1525 et
1400 1476 1708 1547 quaenam
1747 1458 1890 1548 jam
1941 1456 2244 1551 Episcopi
2294 1460 2465 1529 circa
2513 1482 2645 1531 mo-

370 1598 407 1639 «
434 1573 707 1642 nasteria
752 1593 1045 1643 exercere
1106 1574 1353 1642 valeant
1374 1576 1407 1641 ῗ
1461 1573 1529 1641 2⁶
1583 1572 1902 1655 Quaenam
1949 1574 2034 1642 sit
2079 1573 2382 1645 abbatum
2422 1578 2638 1666 juris-

376 1712 411 1752 «
436 1685 633 1757 dictio
654 1686 689 1756 ‘P
748 1684 819 1757 3·
888 1684 1123 1757 Utrum
1188 1686 1451 1757 abbates
1512 1692 1883 1779 potestatem
1937 1688 2216 1759 habeant
2283 1688 2638 1781 excipiendi

386 1829 421 1869 α
444 1823 713 1873 suorum
760 1802 1237 1873 monachorum
1308 1803 1806 1874 sacramentales
1857 1804 2311 1888 confessiones,
2369 1826 2640 1897 eamque
2683 1880 2688 1884 ,

374 1942 411 1986 α
432 1918 577 1989 aliis
606 1918 1047 1991 sacerdotibus
1084 1918 1426 1989 monachis
1461 1938 1734 1990 suorum
1772 1922 2326 1991 monasteriorum
2355 1920 2644 2015 delegare

390 2060 425 2102 α
446 2036 987 2128 valeant,absque
1014 2036 1478 2127 approbatione
1505 2034 1978 2128 Episcoporum
1993 2034 2030 2103 ¹?

460 2176 497 2217 ι
522 2150 587 2221 S.
642 2152 1094 2240 congregatio,
1166 2150 1385 2219 audito
1465 2156 1610 2221 voto
1685 2149 1757 2218 P.
1827 2150 2260 2243 procuratoris
2331 2150 2644 2241 generalis

374 2290 410 2331 α
436 2264 683 2334 ordinis
728 2264 1277 2353 cisterciensium,
1335 2264 1864 2357 respondendum
1923 2264 2200 2351 censuit,
2269 2286 2508 2357 nempe
2568 2264 2651 2335 ad

374 2404 409 2447 α
430 2378 737 2472 primum
765 2404 791 2446 .·
822 2377 1028 2447 donec
1076 2378 1263 2447 aliter
1302 2396 1339 2447 a
1382 2387 1604 2449 sancta
1645 2380 1794 2451 sede
1831 2379 2202 2473 Apostolica
2237 2380 2644 2466 decernatur,

374 2522 411 2563 «ι
436 2494 826 2565 monasteria
868 2497 931 2559 et
979 2492 1333 2563 monachos
1376 2494 1698 2587 subjectos
1739 2516 1876 2567 esse
1925 2496 2282 2567 visitationi
2329 2503 2393 2565 et
2447 2517 2648 2567 corre·

373 2634 409 2675 (ι
438 2610 637 2679 ctioni
670 2608 1166 2704 Episcoporum,
1216 2610 1411 2683 salvis
1459 2612 2026 2683 constitutionibus
2084 2611 2357 2683 ordinis.
2409 2610 2524 2681 Ad
2558 2633 2650 2680 se-

377 2748 413 2791 «
440 2722 731 2795 cundum
764 2746 789 2795 .·
829 2725 901 2797 in
937 2727 1494 2799 administratione
1525 2733 1590 2797 et
1623 2729 1944 2819 regimine
1987 2728 2282 2798 interiori
2328 2735 2648 2798 monaste-

378 2864 412 2909 α
438 2840 523 2910 rii
560 2840 822 2913 abbates
872 2865 1021 2915 eam
1074 2851 1450 2937 potestatem
1509 2845 1776 2934 habere,
1835 2866 2036 2937 quam
2095 2845 2342 2915 habent
2399 2845 2649 2915 abbates

380 2980 415 3020 α
440 2952 891 3026 Cistercienses
914 3011 935 3046 ,
992 2959 1168 3029 salva
1244 2959 1646 3050 subjectione
1717 2960 2050 3054 Episcopis
2072 3013 2093 3046 ‚
2159 2968 2234 3031 ut
2297 2962 2369 3030 in
2447 2961 2650 3054 primo

378 3094 412 3136 α
438 3068 665 3155 dubio,
720 3072 1109 3163 servatisque
1172 3072 1314 3141 aliis
1380 3094 1526 3165 quae
1579 3072 1650 3143 in
1707 3074 1967 3146 decreto
2013 3074 2228 3147 Sacrae
2275 3074 2652 3167 Congrega-

378 3208 414 3250 α
441 3184 633 3255 tionis
666 3186 1199 3277 praescribuntur.
1247 3186 1363 3257 Ad
1404 3190 1680 3259 tertium
1720 3210 1744 3259 .·
1794 3190 2176 3262 affirmative
2223 3192 2296 3261 in
2349 3189 2650 3260 omnibus

381 3324 417 3364 ι
442 3300 655 3389 quoad
696 3304 1090 3393 monachos;
1136 3303 1432 3393 negative
1463 3305 1679 3396 quoad
1713 3306 2049 3391 moniales,
2083 3328 2204 3400 pro
2241 3306 2480 3399 quibus
2517 3327 2650 3377 ser-

385 3436 421 3477 «
450 3417 634 3481 vetur
662 3414 973 3487 articulus
1008 3414 1101 3487 Xl
1136 3416 1316 3487 citati
1354 3418 1598 3489 decreti
1635 3420 1932 3511 ejusdem
1977 3420 2046 3492 S.
2089 3420 2644 3513 congregationis.

470 3550 507 3593 α
532 3524 614 3595 Et
644 3525 803 3599 tacta
846 3528 925 3599 de
984 3531 1335 3622 praemissis
1387 3532 1696 3605 relatione
1747 3532 1831 3605 ad
1881 3537 2366 3607 sanctissimum
2415 3537 2500 3608 D.
2571 3533 2645 3604 N.

381 3668 417 3709 α
442 3641 833 3735 Gregorium
891 3643 1133 3736 Papam
1182 3644 1365 3731 XVI,
1424 3647 1495 3717 in
1539 3648 1870 3719 audientia
1920 3650 2142 3721 habita
2191 3652 2295 3723 die
2347 3650 2390 3722 3
2445 3648 2648 3721 martii

382 3756 646 3845 «1839,
680 3758 992 3829 Sanctitas
1044 3758 1176 3831 Sua
1226 3761 1436 3833 Sacrae
1485 3763 2014 3858 Congregationis
2075 3767 2539 3836 resolutionem
2587 3764 2648 3831 in

384 3896 417 3939 ι(
442 3873 753 3943 omnibus
802 3872 1183 3965 approbavit
1238 3898 1315 3947 ac
1369 3879 1799 3953 confirmavit.
1849 3918 1938 3937 -—
1982 3884 2060 3955 A.
2125 3880 2375 3977 Riparii
2423 3880 2640 3951 subse-

386 4012 421 4054 «
444 3990 755 4059 cretarius
785 3988 897 4081 (1).
930 4014 967 4055 >³

461 4100 580 4173 lv.
606 4106 951 4173 Decretum
970 4107 1193 4175 Saerae
1219 4108 1768 4201 Conqreqationis
1791 4110 2366 4204 Episcoporum-et
2389 4104 2647 4203 requla·

434 4318 503 4380 (¹)
530 4314 755 4366 nabetur
788 4314 913 4367 illud
942 4316 1204 4372 decretum
1236 4320 1291 4371 ln
1330 4320 1486 4385 edita,
1519 4323 1721 4377 Paruu-
1751 4334 1784 4377 ι
1817 4323 1985 4390 Hisne
2009 4326 2148 4389 1852,
2175 4323 2476 4377 Biblabtheca
2507 4332 2652 4373 cano-

370 4402 473 4449 cieo
494 4398 629 4449 Lucia·
652 4398 909 4463 Fer-raris,
936 4405 1071 4456 tomo
1106 4410 1149 4467 1,
1180 4406 1273 4459 col.
1294 4410 1438 4462 1450.
