2834 4959
1104 348 1256 395 raas
1293 349 1549 407 omnm.
2328 348 2451 403 657

149 488 470 578 gationes
498 484 744 569 ineant,
797 490 990 575 atque
1031 486 1360 555 resciverit
1407 484 1786 577 Episcopus,
1828 487 2151 557 tenebitur
2180 490 2446 579 quidem

151 602 236 670 id
297 622 686 693 praecavere,
732 600 796 667 vi
847 600 1166 689 generalis
1217 622 1415 683 curse,
1471 601 1549 669 ad
1590 624 1789 693 quam
1838 624 1988 693 erga
2034 626 2259 673 omnes
2309 628 2457 675 suos

151 716 478 785 subditos
502 714 826 805 obligatur
847 737 869 797 ;
899 721 962 782 at
989 736 1120 785 non
1149 716 1229 785 ad
1267 714 1336 783 id
1363 716 1683 785 tenebitur
1710 718 1773 783 vi
1804 720 2091 809 positivae
2126 721 2283 809 legis
2306 720 2457 789 Tri-

158 830 472 901 dentinae
505 830 756 919 synodi.
813 828 1094 898 Proinde
1147 833 1406 920 quaudo
1456 833 1583 924 ipsi
1634 833 1785 901 satis
1842 836 2154 910 constabit,
2184 836 2461 905 minime

159 946 558 1015 timendum
610 946 858 1015 dictum
913 946 1403 1033 inconvenienS,
1457 946 1623 1017 bene
1672 951 1903 1038 poterit
1959 950 2459 1042 explorationem

164 1062 504 1131 omittere.
531 1062 588 1130 E
615 1068 862 1145 contra,
889 1061 946 1128 si
988 1066 1216 1151 agatur
1247 1061 1326 1130 de
1357 1063 1749 1132 monialibus
1776 1067 1991 1133 stricte
2017 1065 2229 1152 dictis,
2256 1087 2462 1157 quan-

167 1176 434 1246 tumvis
473 1179 632 1245 sciat
669 1176 1014 1266 perfectam
1066 1175 1346 1265 relinqui
1399 1179 1862 1249 monachandis
1909 1181 2296 1267 libertatem,
2330 1202 2463 1250 non

170 1292 312 1382 ipsi
350 1292 633 1361 liberum
663 1298 759 1361 cst
795 1312 1062 1359 examen
1103 1296 1614 1381 praetermittere,
1642 1295 1726 1362 ob
1756 1296 2101 1385 positivum
2134 1296 2255 1363 hac
2290 1295 2369 1363 de
2394 1316 2465 1365 re

173 1413 611 1499 praeceptum.

275 1522 370 1590 ΙΙ.
406 1520 707 1590 Relative
743 1518 840 1587 ad
871 1517 1084 1587 dictas
1129 1520 1689 1611 conqreqationes,
1712 1534 1931 1613 potest
1972 1525 2365 1615 Episcopus,
2404 1524 2469 1592 si
2570 1522 2579 1533 “

167 1636 380 1724 velit,
417 1636 700 1727 exiqerffl
727 1658 812 1703 ne
840 1634 1094 1725 puellae
1118 1632 1212 1702 ad
1243 1634 1553 1702 habitum
1583 1649 1646 1703 et
1672 1650 1828 1706 vota
1854 1639 2185 1729 simplicia
2220 1638 2467 1707 admit·

169 1766 456 1839 tantur,
492 1765 647 1819 ante
667 1753 928 1843 sactum
956 1775 1001 1820 a
1024 1774 1092 1819 se
1118 1773 1414 1819 examen.
1454 1786 1539 1807 ——
1566 1752 1733 1821 Cum
1762 1756 1966 1835 enim,
1998 1778 2072 1821 ex
2100 1756 2462 1845 hypothesi,

169 1867 518 1960 ejusmodi
551 1868 1078 1956 congregationes
1105 1867 1308 1958 ipsius
1345 1867 1778 1957 Jurisdictioni
1808 1868 2193 1951 subdantur,
2228 1878 2291 1937 et
2313 1894 2467 1941 exa-

179 2004 354 2053 men
385 1982 548 2050 illud
575 1981 654 2049 de
680 2002 746 2049 se
773 1980 956 2049 valde
983 1982 1138 2049 utile
1161 1982 1268 2067 sit,
1297 2002 1429 2049 non
1459 1988 1553 2049 est
1578 1984 1741 2051 ratio
1765 2003 1883 2049 cur
1912 1984 1977 2050 id
2009 1984 2375 2067 decernere,
2406 1988 2467 2053 vi

181 2097 548 2167 ordinariae
569 2117 700 2164 suae
717 2094 1209 2184 jurisdictioniS,
1251 2104 1527 2187 nequeat
1554 2096 1933 2187 Episcopus.

287 2211 402 2281 lll.
423 2213 509 2279 In
531 2209 708 2279 dicto
727 2210 1028 2281 examine
1047 2212 1449 2304 peraqenda,
1478 2236 1616 2281 non
1636 2212 2081 2304 adstrinqitur
2097 2212 2470 2307 Episcopus

187 2324 296 2395 ad
325 2328 628 2415 formam
663 2348 706 2391 a
751 2322 1132 2393 Tridentino
1169 2339 1233 2396 ec
1279 2328 1400 2395 Pio
1458 2328 1513 2393 V
1550 2324 2085 2411 determinatam,
2138 2327 2253 2394 sed
2301 2326 2472 2395 dun·

185 2452 398 2509 taxat
415 2438 508 2507 ad
515 2439 952 2531 madentium
966 2453 1034 2507 et
1051 2443 1441 2531 oequitatmn
1462 2465 1505 2509 a
1506 2442 1666 2533 jure
1676 2444 1978 2511 naturali
1977 2440 2468 2535 praescriptam.

185 2594 284 2608 —
319 2558 384 2624 1⁰
421 2556 604 2635 Quod
631 2578 763 2625 non
808 2562 1100 2624 teneatur
1149 2558 1226 2623 ad
1274 2558 1549 2625 formam
1589 2560 2079 2628 determinatam
2119 2558 2190 2625 in
2218 2555 2473 2625 decreto

191 2668 270 2739 S.
307 2666 408 2738 Pii
429 2669 515 2753 V,
551 2676 720 2760 patet
746 2692 819 2737 ex
844 2689 919 2737 eo
953 2667 1125 2757 quod
1153 2668 1250 2737 lex
1283 2669 1402 2737 ista
1427 2672 1697 2760 positiva
1733 2670 2125 2759 Episcopum
2164 2672 2473 2761 nonliget

196 2806 356 2875 erga
381 2786 665 2875 praei'atas
693 2783 1240 2873 congregationes,
1275 2790 1569 2873 utsupra
1595 2783 1899 2850 diximus
1934 2782 2116 2863 Quod
2146 2790 2358 2850 tamen
2385 2792 2475 2853 te-

199 2907 431 2968 neatur
465 2900 534 2967 in
571 2902 692 2969 hoc
733 2900 1248 2969 convenientiam
1283 2909 1346 2967 et
1381 2899 1747 2988 aequitatem
1793 2899 2153 2967 naturalem
2193 2920 2469 2983 servare,

205 3014 577 3105 probatione
604 3036 739 3083 non
771 3015 1042 3103 indiget.
1077 3014 1246 3083 Hinc
1279 3014 1390 3082 ubi
1420 3014 1499 3083 de
1527 3014 1663 3083 istis
1699 3014 2305 3103 congregationibus
2334 3015 2473 3103 agi-

207 3133 675 3220 tur,‚conqueri
709 3151 840 3197 non
893 3137 1150 3220 possent
1194 3130 1533 3211 monialeS,
1575 3129 1630 3198 si
1661 3126 2015 3221 Episcopus
2058 3130 2212 3197 alias
2237 3129 2473 3199 faceret

210 3245 729 3335 interrogationes
761 3252 992 3335 praeter
1020 3245 1368 3336 assignatas
1394 3267 1431 3313 a
1460 3244 1525 3314 S.
1562 3243 1677 3314 Pio
1706 3244 1789 3315 V.

297 3363 736 3433 Nihilominus
769 3386 924 3433 cum
960 3366 1230 3454 ipsamet
1267 3366 1443 3433 sedes
1486 3364 1855 3457 Apostolica
1904 3365 2145 3433 dictam
2174 3384 2469 3437 normam

215 3488 512 3569 tanquam
560 3482 862 3547 omnium
904 3482 1216 3571 optimam
1267 3483 1750 3571 praescripserit,
1798 3481 1869 3549 in
1920 3474 2312 3571 exploranda
2361 3506 2476 3549 vo·-

218 3596 444 3665 luntate
489 3596 852 3689 puellarum
911 3618 1060 3686 quae
1112 3595 1497 3685 religionem
1539 3596 1753 3664 stricte
1784 3597 2023 3665 dictam
2066 3597 2321 3684 ingredi
2360 3618 2476 3665 vo-

217 3711 370 3791 lunt,
397 3713 628 3782 merito
661 3712 856 3781 etiam
885 3714 1133 3803 optima
1169 3711 1419 3781 censeri
1456 3711 1665 3794 debet,
1688 3710 1804 3779 ubi
1828 3710 2041 3801 agitur
2070 3710 2150 3779 de
2176 3713 2473 3800 ingressu

220 3826 284 3894 iu
329 3825 890 3915 congregationem
947 3825 1234 3915 aliquam
1295 3824 1457 3894 votis
1506 3824 1909 3894 solemnibus
1965 3830 2316 3910 carentem,
2347 3826 2477 3894 sal-

221 3947 334 4008 tem
361 3940 740 4028 regulariter
784 3940 1130 4031 loquendo.
1175 3938 1347 4009 Hinc
1374 3940 1623 4028 optimo
1648 3939 1917 4010 consilio
1948 3941 2016 4007 in
2060 3939 2283 4008 multis
2310 3939 2473 4009 dioe-

226 4054 456 4125 oesihus
513 4055 720 4145 praxis
767 4054 1083 4136 invaluit,
1124 4063 1196 4123 ut
1238 4055 1507 4147 puellae,
1558 4056 1755 4124 dictas
1815 4055 2343 4145 congregationes
2377 4056 2476 4123 in-

227 4191 544 4260 gressurae,
592 4170 818 4239 eodem
875 4170 1066 4238 modo
1112 4169 1567 4239 examinentur
1611 4192 1687 4238 ac
1740 4170 1799 4239 si
1858 4168 2214 4237 solemnem
2261 4176 2476 4259 postea

228 4285 664 4378 professionem
693 4285 898 4353 forent
945 4284 1300 4354 emissurae.
1355 4284 1460 4353 Fit
1506 4304 1741 4375 nempe
1776 4306 2045 4353 examen
2072 4283 2157 4352 ab
2191 4281 2477 4354 Ordina-

227 4397 332 4483 ri0,
358 4401 452 4468 vel
482 4402 720 4471 vicario
749 4402 952 4492 ipsius
980 4399 1291 4489 generali,
1325 4407 1463 4467 tum
1502 4405 1647 4468 ante
1672 4399 1933 4469 habitus
1968 4402 2472 4490 susceptionem,

479 4524 523 4570 ι.
2123 4524 2189 4570 ⁴2
