2834 4959
413 336 539 393 634
977 344 1316 393 moruus
1361 345 1443 391 DE
1488 344 1637 391 :muz
1684 343 2105 393 manummi-

419 464 1028 556 «impedimentum
1077 489 1094 533 :
1149 467 1314 548 imo,
1355 486 1425 532 n.
1484 463 1596 547 34,
1640 486 1765 535 nec
1798 464 2105 535 hahentes
2142 464 2675 555 impedimentum

427 608 460 647 α
491 580 868 671 temporale,
921 582 976 649 si
1047 582 1212 651 illud
1263 582 1588 651 duraverit
1645 586 1774 651 toto
1838 582 2353 670 quinquenni03
2396 585 2571 673 quod
2608 595 2679 655 est

426 725 462 763 ι(
491 708 710 767 contra
749 718 1110 789 expressam
1139 698 1639 770 declarationem
1670 696 1969 787 Gregorii
2008 696 2183 767 Xlll.
2216 699 2333 784 Et,
2370 723 2447 767 n.
2482 702 2549 785 9,
2588 726 2677 790 ge

429 842 464 881 «
497 814 790 883 neraliter
823 814 1107 883 affirmat
1139 814 1388 886 dictum
1428 820 1623 903 caput
1655 814 1737 881 19
1772 815 2075 883 sessionis
2104 814 2195 883 25
2224 813 2314 883 de
2350 816 2673 907 Requlmi-

431 956 465 995 α
493 929 635 1015 bus,
691 948 820 997 non
859 928 1150 1019 obligare
1193 929 1264 997 in
1307 929 1449 997 foro
1492 927 1947 1014 conscientiae3
1990 930 2171 1017 quis,
2218 930 2481 1018 inquit,
2531 933 2595 998 in
2630 955 2678 1001 eo

433 1070 468 1109 a
495 1046 748 1113 decreto
801 1044 1058 1113 nullum
1105 1042 1379 1114 verbum
1415 1044 1756 1133 reperitur,
1802 1044 1981 1133 quod
2024 1043 2245 1113 forum
2302 1047 2677 1117 conscientie

429 1186 466 1225 ι(
499 1160 796 1249 respiciat
849 1184 866 1227 :
919 1160 1105 1250 quasi
1153 1160 1324 1229 sacri
1367 1178 1648 1230 canones
1696 1165 1760 1225 et
1810 1158 2219 1247 generalium
2266 1160 2681 1230 conciliorum

435 1304 471 1343 α
499 1276 770 1361 decreta,
821 1276 903 1345 ad
961 1275 1388 1366 obligandum
1438 1274 1508 1343 in
1570 1274 1709 1343 foro
1764 1275 2201 1355 eonscientiae,
2258 1298 2523 1345 necesse
2580 1279 2681 1345 ha-

433 1420 470 1458 «
499 1392 690 1461 beant
731 1392 906 1459 illius
946 1392 1070 1461 fori
1111 1412 1477 1481 expressam
1528 1390 1927 1459 mentionem
1972 1392 2205 1461 facere.
2251 1391 2435 1473 Quid
2468 1394 2681 1484 plura?

431 1534 468 1572 <r
499 1506 678 1576 ldem
729 1505 1042 1590 Sanchez‚
1106 1507 1176 1575 in
1213 1508 1442 1581 eade-m
1492 1507 1925 1598 disputatione
1970 1508 2086 1593 37,
2142 1531 2221 1577 n.
2264 1508 2387 1596 38,
2426 1511 2673 1577 affirmat

433 1648 467 1687 α
498 1620 762 1689 nulliter
807 1622 1194 1711 professum,
1235 1624 1351 1711 qui
1381 1623 1601 1716 elapso
1626 1625 2084 1714 quinquennio
2110 1646 2249 1694 non
2284 1626 2491 1714 fug-ita
2524 1624 2662 1693 reli-

295 1768 302 1781 ·
431 1761 466 1801 <1
495 1736 712 1825 gisae,
753 1756 1016 1825 peccare
1047 1737 1431 1824 mortaliter,
1462 1738 1819 1827 ingerendo
1854 1762 1921 1811 se
1952 1739 2211 1811 actibus
2243 1741 2661 1833 proiessorum,

433 1876 470 1915 (ι.
495 1857 558 1921 et
583 1852 955 1942 recipiendo
981 1852 1288 1923 alimenta
1313 1874 1352 1925 a
1381 1855 1865 1925 monasterio.»

515 1964 596 2033 Π.
641 1968 1010 2037 Sententiae
1047 1970 1465 2061 affirmantis
1508 1968 1821 2039 rationes.
1855 2008 1947 2021 —
1997 1971 2058 2037 1·
2094 1934 2249 2040 Vita
2274 1971 2563 2061 religiosa
2596 1974 2671 2037 est

423 2100 587 2171 opus
643 2084 936 2173 consilii3
985 2106 1142 2174 ergo
1191 2106 1387 2155 nemo
1442 2091 1647 2173 potest
1690 2086 1772 2155 ad
1822 2106 1967 2153 eam
2022 2088 2173 2174 cogi
2220 2088 2499 2175 invitus3
2536 2106 2677 2173 ergo

307 2220 310 2225 ·
423 2197 718 2285 quandiu
775 2220 909 2269 non
963 2201 1198 2269 emissa
1251 2209 1346 2269 est
1375 2199 1685 2292 professio
1732 2202 1968 2287 valida,
2024 2209 2244 2271 manet
2302 2202 2545 2271 libertas
2598 2202 2674 2270 ad

423 2312 739 2381 saeculum
791 2314 1109 2383 redeundi
1157 2338 1174 2383 t
1225 2316 1336 2383 sed
1381 2316 1447 2383 in
1492 2317 1791 2407 praesenti
1822 2336 2005 2401 casu,
2034 2337 2179 2385 vere
2198 2322 2259 2383 et
2292 2338 2504 2385 coram
2538 2314 2669 2383 Deo

423 2449 554 2495 non
593 2428 768 2496 adest
815 2428 1123 2517 professio
1155 2428 1391 2513 valida,
1436 2432 1863 2518 quantumvis
1906 2430 1979 2501 in
2002 2431 2147 2501 -l'oro
2174 2436 2423 2499 externo
2464 2426 2665 2495 valida

423 2548 893 2633 praesumatur:
947 2564 1102 2633 ergo
1143 2544 1364 2619 sciens,
1397 2546 1863 2636 professionem
1902 2568 2095 2617 suam
2144 2570 2279 2617 esse
2314 2544 2667 2629 invalidam,

417 2659 536 2727 etsi
563 2665 839 2747 nequeat
861 2658 926 2726 id
949 2658 1247 2748 probare,
1260 2659 1435 2729 licite
1462 2668 1663 2751 potest
1676 2662 1756 2731 ad
1772 2664 2093 2731 saeculum
2104 2663 2323 2732 redire
2337 2670 2403 2731 et
2422 2661 2669 2731 nubere.

510 2775 576 2842 2⁰
617 2773 686 2845 Si
719 2775 876 2864 quid
919 2774 1200 2845 obstaret
1235 2798 1317 2845 ne
1342 2777 1487 2845 talis
1510 2777 1849 2865 religiosus
1885 2784 2092 2869 posset
2119 2779 2201 2847 ad
2238 2778 2547 2847 saeculnm
2586 2796 2669 2843 re-

421 2892 558 2959 dire
586 2897 650 2959 et
689 2890 962 2977 nubere,
1001 2898 1164 2961 esset
1195 2891 1531 2961 decretum
1561 2892 2021 2962 Tridentinum
2048 2894 2217 2985 (cap.
2250 2893 2361 2977 19,
2394 2914 2539 2961 sess.
2575 2888 2667 2969 25,

421 3004 501 3073 de
525 3005 1015 3095 &qumi-ibus),
1039 3007 1392 3097 prohibens
1420 3007 1543 3075 sub
1568 3009 1775 3098 poenis
1806 3010 1871 3075 in
1904 3014 2219 3099 apostatas
2240 3008 2417 3089 latis,
2446 3028 2523 3075 ne
2546 3004 2672 3093 quis

420 3122 501 3191 ad
551 3121 866 3189 saeculum
905 3121 1122 3191 redeat
1181 3123 1306 3191 sub
1363 3129 1668 3213 praetextu
1719 3124 2133 3214 professionis
2182 3124 2515 3203 invalidae‚
2566 3118 2671 3187 nisi

378 3283 387 3289 -
421 3260 640 3308 coram
681 3222 1028 3305 Ordinatio
1063 3242 1126 3307 et
1151 3238 1483 3327 superiore
1522 3239 1857 3329 religionis
1900 3239 2272 3329 probaverit
2316 3248 2673 3331 pretensam

422 3352 829 3434 nullitatem;
891 3358 953 3421 et
977 3360 1260 3425 statuens
1287 3357 1555 3445 insuper
1596 3378 1679 3423 ne
1708 3356 1855 3443 quis
1892 3355 2107 3446 elapso
2136 3354 2581 3445 quinquennio
2604 3348 2675 3419 ad

419 3468 602 3537 illam
651 3468 1016 3537 nullitatem
1059 3470 1461 3559 probandam
1517 3470 1916 3541 admittatur.
1976 3470 2175 3560 Atqui
2228 3468 2673 3541 Tridentinum

419 3584 584 3654 illud
631 3586 960 3653 decretum
1006 3605 1138 3654 non
1187 3585 1394 3654 obstat
1446 3610 1464 3657 ε
1516 3608 1669 3653 nam
1720 3583 2098 3654 Tridentina
2142 3586 2431 3673 synodus
2460 3584 2523 3652 id
2556 3600 2673 3648 non

423 3700 710 3768 decernit
753 3701 824 3769 in
872 3700 1214 3791 hypothesi
1257 3702 1433 3792 quod
1472 3700 1757 3770 invalida
1806 3701 1999 3770 fuerit
2044 3700 2401 3791 professi03
2438 3697 2585 3788 quia
2610 3697 2671 3763 in

423 3814 546 3883 hac
589 3815 932 3906 hypothesi
984 3838 1115 3885 non
1162 3824 1365 3906 potest
1402 3816 1687 3888 Ecclesia
1740 3836 2142 3907 quemquam
2184 3814 2267 3885 ad
2310 3816 2671 3902 religionem

421 3954 650 4022 cogere
705 3956 730 4039 ².
779 3931 892 4001 sed
927 3930 995 4001 id
1037 3930 1409 4003 decernitur
1456 3934 1789 4020 duntaxat,
1838 3931 1992 4021 quia
2034 3930 2341 4021 professio
2390 3952 2527 4020 quae
2564 3946 2667 3993 ne·

423 4048 568 4139 quit
613 4050 782 4117 intra
817 4048 1348 4139 quinquennium
1380 4048 1641 4139 probari
1666 4047 1977 4137 invalida,
2006 4049 2237 4118 merito
2248 4040 2659 4138 proeswnitur

420 4170 618 4239 fuisse
647 4169 897 4254 valida3
943 4178 1008 4237 et
1031 4170 1244 4260 elapso
1279 4170 1733 4259 quinquennio
1764 4170 1993 4253 merito
2008 4168 2440 4260 praesumitur·
2474 4159 2657 4231 ratifi-

420 4294 579 4373 cata,
637 4285 894 4354 etiamsi
945 4284 1162 4355 fuisset
1215 4284 1521 4353 invalida.
1592 4288 1675 4353 At
1744 4304 1894 4353 vero
1951 4284 2023 4351 in
2078 4281 2218 4351 foro
2274 4276 2651 4352 conscientia}

421 4402 954 4488 praesumptiones
1017 4400 1187 4490 juris
1247 4398 1487 4469 cedunt
1540 4400 1835 4490 veritati3
1901 4420 2057 4489 ergo
2116 4418 2341 4467 revera
2406 4396 2459 4465 si
2520 4390 2645 4481 quis
