2834 4959
428 314 461 369 3
474 313 549 369 78
952 320 1293 369 'suenrus
1338 320 1417 367 DE
1463 319 1612 367 mar.
1659 318 2079 367 uenmmu.

417 456 589 527 dicta
626 456 963 527 dubitatio.
1005 457 1219 547 Atque
1270 456 1602 549 imprimis
1637 455 1902 546 allegari
1953 454 2184 547 nequit
2227 460 2678 531 concordatum

560 574 573 588 .
750 574 810 642 ί.
1253 593 1260 598 ,

422 572 841 757 Βῃῖἱέἒὲιαν
863 689 925 756 1⁰
940 709 1023 756 esc
1044 698 1269 757 tenore
1286 686 1433 779 ipso
1449 684 1854 774 concordati,
1869 697 1936 755 et
1959 683 2174 755 bul-lte
2191 684 2489 758 Ecclesiae
2505 688 2679 759 Chri-

418 808 524 894 sti,
552 808 771 899 ipsum
782 806 1273 897 confirmantis.
1288 842 1381 859 -
1397 804 1660 874 Etenim
1685 810 1940 911 certum
1963 810 2084 890 est,
2099 812 2166 874 et
2191 806 2264 875 in
2289 807 2673 896 concordate,

420 932 483 995 et
506 924 575 992 in
602 924 771 993 dicta
790 923 1303 993 confirmationis
1328 921 1534 1008 bulla,
1559 921 1666 1010 agi
1691 920 1960 1012 quidem
1990 921 2072 990 de
2093 920 2478 991 alienatione
2495 922 2676 993 bono-
2792 926 2793 929 ’

420 1052 571 1101 rum
594 1031 775 1120 cleri,
806 1036 951 1101 tum
974 1031 1297 1101 saecularis
1329 1036 1480 1099 tum
1505 1028 1857 1119 regularis;
1879 1033 1944 1096 at
1969 1048 2386 1119 nequaquam
2413 1031 2492 1100 de
2506 1050 2678 1119 regu-

422 1147 665 1217 larium
690 1145 1166 1238 suppressione,
1196 1151 1309 1215 aut
1330 1144 1411 1213 de
1433 1142 1888 1233 extinguendis
1905 1144 2154 1212 caeteris
2191 1145 2570 1214 eorumdem
2580 1145 2678 1234 ju-

422 1261 606 1331 ribus
634 1266 749 1331 aut
792 1259 1169 1352 privilegiis.
1224 1259 1321 1355 Er
1362 1259 1556 1329 dictis
1601 1266 1822 1329 autem
1879 1278 2100 1349 supra,
2161 1258 2678 1328 monasteriorum

424 1378 723 1447 alienatio
786 1396 1015 1445 secum
1085 1396 1217 1445 non
1284 1374 1592 1465 importat
1659 1372 2074 1465 regularium
2155 1372 2676 1463 suppressionem,

428 1511 547 1559 nec
596 1491 793 1559 etiam
852 1494 1233 1559 caeterorum
1265 1488 1520 1577 jurium
1561 1488 1644 1557 ad
1693 1487 2030 1579 regulares
2081 1486 2547 1579 pertinentium
2589 1507 2681 1555 ex·

428 1602 822 1673 tinctionem.
872 1602 1045 1693 Ergo
1087 1602 1237 1695 jura
1289 1603 1434 1672 haec
1481 1603 1708 1673 omnia
1743 1609 1808 1673 et
1856 1602 2222 1694 privilegia,
2265 1604 2516 1690 excepto
2549 1600 2682 1668 solo

428 1716 497 1784 in
522 1715 691 1788 bona
714 1716 987 1788 alienata
1025 1717 1203 1807 jure,
1232 1716 1472 1787 intacta
1497 1716 1764 1809 reliquit
1797 1716 2266 1823 concordatum
2297 1715 2448 1785 anni
2475 1714 2631 1785 1801
2659 1737 2677 1797 3

426 1838 617 1923 atque
686 1833 753 1901 id
806 1832 1093 1923 rigorose
1152 1832 1681 1903 concludendum
1747 1832 1950 1917 venit,
2029 1852 2108 1901 ex
2164 1830 2290 1901 hoc
2337 1828 2478 1921 ipso
2529 1827 2686 1920 quod
2789 1876 2795 1889 .

422 1948 573 2037 jura
596 1948 737 2017 haec
799 1946 871 2015 in
928 1946 1085 2017 dicti
1132 1946 1503 2017 concordati
1555 1944 2005 2017 instrumentis
2075 1965 2369 2037 expresse
2417 1964 2554 2015 non
2593 1963 2684 2013 re-

428 2072 764 2133 vocentur.

516 2178 789 2266 Insuper
818 2176 1086 2266 positive
1112 2176 1335 2259 etiam,
1380 2175 1449 2243 id
1491 2181 1689 2245 estex
1713 2175 1929 2245 verbis
1977 2174 2138 2265 ipsis
2159 2172 2360 2245 bullae
2403 2170 2684 2242 Ecclesiae

438 2288 719 2375 Christi,
746 2294 991 2357 constat
1012 2289 1231 2359 relicta
1255 2289 1453 2358 fuisse
1483 2288 1738 2380 praefata
1777 2288 2188 2378 regularium
2229 2290 2410 2379 jura.
2453 2286 2684 2357 Etenim

432 2404 773 2495 postquam
828 2402 1119 2473 Pontifex
1162 2424 1485 2495 expressas
1547 2405 1620 2473 in
1667 2404 2058 2475 concordato
2139 2405 2594 2475 conventiones
2635 2408 2686 2470 et

374 2540 379 2548 ·
432 2518 895 2599 concessiones,
953 2539 1073 2609 pro
1122 2539 1190 2589 se
1238 2525 1302 2588 et
1365 2519 1842 2589 successoribus
1889 2519 2028 2601 suis,
2078 2518 2464 2611 approbavit
2489 2522 2548 2588 et
2593 2536 2684 2585 ac-

438 2632 729 2723 ceptavit,
776 2633 1119 2723 subjungit
1170 2634 1241 2703 in
1276 2634 1458 2703 bunc
1489 2632 1810 2705 modum:
1867 2661 1904 2703 α
1939 2634 2086 2705 Non
2111 2634 2516 2706 obstantibus
2553 2652 2686 2701 om-

446 2771 478 2811 «
506 2746 700 2817 nibus
770 2748 1185 2838 synodalibus
1240 2756 1303 2819 et
1374 2750 1886 2843 provincialibus
1949 2750 2492 2843 generalibusque
2549 2766 2686 2819 con-

448 2886 480 2927 «
503 2861 697 2950 ciliis,
783 2865 887 2932 vel
964 2864 1347 2956 specialibus
1405 2866 1981 2937 constitutionibus
2053 2874 2116 2937 et
2187 2864 2686 2937 ordinationibus

448 3002 483 3043 «
514 2978 921 3067 Apostolicis,
955 2984 1019 3047 et
1050 2978 1438 3071 Apostolicae
1483 2982 1884 3052 cancellariae
1923 2982 2189 3073 regulis,
2225 2982 2578 3072 praesertim
2621 2978 2688 3046 de

446 3117 482 3158 α
502 3094 649 3183 jure
677 3093 941 3183 quaesito
996 3114 1129 3163 non
1180 3094 1489 3184 tollendo,
1523 3117 1778 3167 necnon
1830 3118 2382 3190 quarumcunque
2415 3094 2690 3165 ecclesia-

449 3235 483 3274 «
510 3229 686 3294 rum,
720 3208 1177 3297 capitulorum,
1212 3211 1778 3297 monasteriorum,
1809 3212 2226 3305 aliorumque
2248 3214 2508 3303 piorum
2533 3206 2696 3277 loco-

448 3348 481 3387 ιι
509 3322 659 3389 'rum
683 3322 1197 3411 fundationibus,
1226 3324 1424 3393 etiam
1455 3325 1948 3398 confirmatione
1969 3327 2345 3419 Apostolica
2370 3324 2470 3395 vel
2485 3322 2690 3416 quavis

448 3462 479 3503 α
509 3434 806 3503 firmitate
852 3436 979 3508 alia
1028 3437 1343 3508 roboratis
1421 3445 1483 3508 et
1536 3441 1876 3528 innovatis,
1945 3442 2324 3533 caeterjsque
2373 3438 2688 3511 contrariis

448 3574 482 3617 κ
516 3550 1037 3643 quibuscunque,
1090 3552 1329 3642 quibus
1366 3554 1677 3625 omnibus
1710 3560 1774 3626 et
1821 3555 2150 3645 singulis,
2185 3554 2577 3645 illorumque
2613 3556 2688 3617 te·

450 3692 484 3732 α
510 3688 697 3736 nores
722 3689 838 3760 pro
884 3668 1195 3759 expressis
1222 3674 1285 3736 et
1310 3670 1393 3737 ad
1421 3669 1690 3741 verbum
1725 3669 1980 3741 insertis
2021 3670 2358 3757 habentes,
2387 3668 2518 3738 illis
2539 3664 2687 3736 alias

450 3809 485 3848 a
516 3784 589 3851 in
626 3807 746 3853 suo
773 3784 1004 3853 robore
1018 3788 1512 3876 permansuris,
1541 3787 1636 3857 ad
1661 3789 2167 3881 proemt'ssorum
2193 3788 2508 3879 effectum
2539 3782 2686 3853 dun-

454 3925 487 3963 «
512 3909 731 3988 taxat,
762 3898 1123 3991 specialiter
1168 3908 1233 3971 et
1274 3924 1566 3994 expresse
1589 3904 2000 3996 derogamus.
2035 3928 2072 3972 »
2131 3904 2302 3995 Ergo
2339 3904 2683 3993 derogatum

444 4004 709 4103 quidem
736 4020 830 4083 est
856 4016 1389 4103 monasteriorum
1410 4026 1472 4087 et
1501 4018 1905 4110 regularium
1930 4019 2195 4111 juribus
2217 4025 2282 4089 et
2311 4012 2686 4111 privilegiis}

444 4126 554 4197 sed
593 4126 927 4199 duntaxat
954 4138 1275 4223 quantum
1298 4154 1554 4203 necesse
1589 4134 1715 4204 fuit
1741 4133 1835 4206 ad
1859 4133 2684 4229 effecmmproemissormm-

348 4301 367 4314 .
449 4240 785 4335 Quidquid
832 4253 1051 4317 autem
1108 4248 1183 4317 in
1252 4250 1540 4321 articulis
1615 4250 1986 4323 concordati
2021 4250 2353 4333 stabaitur,
2413 4246 2688 4318 effectum

448 4356 723 4441 perfecte
767 4360 1003 4431 habere
1060 4365 1293 4454 potuit,
1358 4367 1750 4439 conservatis
1801 4367 2045 4439 caeteris
2097 4366 2505 4458 regularium
2545 4358 2692 4450 juri‘
