2834 4959
423 351 544 408 588
989 353 1332 400 ussurus
1375 355 1454 399 nr:
1498 353 1651 398 suns
1691 351 2105 400 nncummrm.

421 479 645 562 tionis,
674 497 920 545 necesse
941 495 1076 542 non
1102 483 1195 541 est
1215 485 1296 540 ut
1315 475 1447 564 fiat
1461 473 1669 563 juxta
1690 473 1985 563 formam
2017 471 2187 563 leqis
2206 473 2567 542 soecularis.
2600 513 2683 528 —

428 622 462 660 «
493 595 792 665 Formam
834 591 1146 660 laicorum
1195 595 1430 658 statuto
1476 590 1917 680 praescriptam
1974 609 2394 679 nequaquam
2438 597 2687 681 oportet

430 735 464 774 ι(
493 727 741 776 servare
779 704 850 772 in
897 703 1486 772 renuntiationibus
1536 725 1684 792 quae
1736 703 1901 771 fiunt
1940 725 1979 770 a
2020 702 2285 771 novitiis
2328 705 2495 772 intra
2532 727 2681 794 pro-

427 850 466 890 «
494 821 768 892 bationis
809 839 1092 902 annum3
1147 839 1266 886 nec
1309 817 1686 908 hujusmodi
1714 819 1935 886 statuti
1959 818 2225 886 omissio
2256 819 2419 888 tales
2448 841 2681 888 renun-

431 961 467 1000 α
491 933 784 1002 tiationes
823 929 1154 1010 invalidat,
1199 935 1419 1019 utpote
1466 929 1662 998 factas
1689 951 1727 997 a
1760 930 2077 1020 personis,
2124 951 2300 1020 qum,
2334 930 2683 1000 secundum

429 1075 465 1116 α
491 1053 872 1142 praesentem
907 1051 1146 1114 statum
1174 1045 1548 1126 novitiatuS‚
1594 1050 1942 1114 censentur
1982 1052 2299 1135 tanquam
2358 1047 2682 1116 ecclesias-

433 1191 469 1231 «
497 1168 680 1248 ticae3
731 1187 806 1232 ac
859 1160 1132 1252 proinde
1176 1160 1433 1250 legibus
1478 1159 1818 1229 laicalibus
1860 1160 2337 1230 solemnitatem
2380 1162 2685 1229 inducen-

434 1279 670 1347 «tibus
721 1277 1052 1365 subjacere
1106 1296 1238 1343 non
1291 1275 1551 1343 debent.
1612 1299 1646 1338 x>
1687 1273 2021 1365 (Ferraris‚
2078 1297 2233 1345 voce
2280 1277 2679 1360 Novitiatus,

431 1415 500 1462 n.
560 1393 695 1482 79).
747 1391 828 1460 Et
870 1391 959 1459 ita
997 1391 1283 1460 decisum
1333 1412 1369 1457 a
1420 1389 1487 1458 S.
1540 1387 2163 1481 Congregationibus
2220 1399 2283 1460 et
2337 1391 2500 1460 Rota
2550 1391 2681 1460 vide

425 1509 694 1577 ibidem.
1790 1583 1801 1596 ο

518 1620 588 1689 ln
618 1622 696 1689 iis
747 1625 962 1689 tamen
999 1619 1402 1709 regionibus,
1444 1620 1561 1688 ubi
1603 1620 1704 1689 lex
1734 1620 2057 1689 saecularis
2090 1623 2231 1712 jura
2275 1620 2581 1689 Ecclesiae
2614 1621 2685 1689 in
2802 1651 2804 1654 ⁴

431 1735 752 1827 ejusmodi
797 1734 1080 1803 materiis
1108 1755 1246 1803 non
1284 1737 1597 1825 agnoscit,
1633 1735 1992 1827 prudentiae
2026 1737 2141 1805 erit
2178 1737 2533 1804 donationes
2564 1757 2685 1803 seu

435 1853 939 1920 renuntiationes
985 1851 1129 1918 illas
1169 1871 1244 1919 eo
1277 1853 1469 1920 modo
1511 1873 1841 1943 peragere,
1888 1853 2005 1942 qui
2044 1852 2239 1920 etiam
2280 1872 2495 1920 coram
2520 1850 2684 1918 dicta

435 1967 575 2056 lege
605 1965 893 2036 saeculari
917 1963 1222 2034 effectum
1247 1966 1464 2033 sortiri
1494 1965 1718 2032 valeat.

525 2079 899 2148 Pnorosmo
927 2077 1129 2148 XIV⁸.
1165 2115 1254 2132 --
1295 2080 1558 2151 Novitii
1600 2079 1928 2148 societatis
1968 2082 2127 2149 lesu
2168 2090 2452 2171 possunt
2488 2077 2685 2145 valide

435 2197 825 2264 donationes
871 2206 938 2262 et
974 2195 1496 2264 renuntiationes
1538 2198 1783 2285 facere,
1828 2197 1993 2287 quin
2038 2209 2305 2265 servent
2332 2199 2615 2286 sormam
2647 2217 2683 2260 a

446 2305 836 2374 Tridentino
875 2303 1125 2395 synodo
1163 2308 1657 2396 praescriptam.
1701 2347 1792 2358 —
1834 2307 1999 2376 Nam
2038 2308 2109 2376 in
2147 2307 2427 2398 ipsomet
2454 2307 2685 2374 decreto

439 2421 821 2489 Tridentino
866 2420 1178 2508 excipitur
1227 2420 1334 2486 ille
1377 2419 1535 2487 ordo
1583 2422 1921 2512 religiosus
1966 2421 2137 2514 (vide
2182 2423 2363 2515 apud
2402 2421 2683 2507 Penatis,

451 2557 604 2604 voce
634 2533 1051 2614 Novitiatus,
1073 2556 1141 2601 n.
1169 2534 1252 2604 43
1283 2542 1348 2602 et
1371 2536 1561 2625 seq.).

530 2711 896 2781 Psorosirio
915 2711 1086 2782 ΧΨ.
1113 2749 1199 2766 —
1229 2715 1462 2783 Valent
1482 2714 1675 2784 dictoe
1698 2714 2083 2784 donationes
2102 2727 2165 2784 et
2184 2715 2683 2784 renuntiationes

439 2831 510 2898 in
558 2829 868 2898 societate
919 2833 1098 2916 Iesu,
1149 2830 1349 2898 etiam
1397 2853 1533 2898 non
1579 2845 1801 2900 secuta
1845 2832 2262 2923 professione
2274 2855 2302 2914 ;
2360 2827 2681 2900 dummodo

435 2947 644 3035 factoe
670 2947 802 3012 sint
821 2957 978 3035 post
999 2946 1302 3036 primum
1327 2946 1693 3015 novitiatus
1722 2970 1981 3016 annum
2010 2959 2071 3014 et
2086 2949 2301 3038 juxta
2320 2948 2685 3015 institutum

440 3062 639 3153 hujus
666 3062 1012 3130 societatis.
1059 3101 1145 3113 —-
1186 3061 1350 3132 Vide
1380 3061 1446 3128 id
1492 3061 1630 3130 fuse
1677 3065 2019 3154 probatum
2064 3086 2101 3132 a
2134 3061 2689 3154 Scbmalzgrueber

445 3176 540 3267 (in
571 3177 830 3245 titulum
876 3175 954 3244 de
998 3177 1461 3268 Reqularibus,
1495 3201 1561 3246 n.
1600 3178 1814 3280 1355st
1846 3180 2007 3270 seq.)
2052 3187 2278 3248 contra
2302 3175 2689 3247 Cardinalem

444 3289 653 3370 Petra,
679 3294 794 3379 qui
819 3293 1214 3360 contrarium
1245 3296 1654 3365 sustinuerat.
1684 3285 1895 3383 Unde,
1923 3295 2099 3363 verbi
2126 3297 2351 3384 gratia,
2373 3297 2429 3364 si
2454 3291 2692 3380 religio·

446 3426 554 3473 sus
597 3409 914 3475 societatis
945 3407 1094 3496 Jesu
1137 3416 1280 3499 post
1305 3411 1538 3477 emissa
1566 3417 1709 3478 vota
1732 3411 2053 3501 simplicia
2076 3416 2139 3480 et
2181 3419 2333 3479 ante
2378 3409 2692 3503 professio-
2798 3447 2800 3484 ι

443 3542 596 3590 nem
637 3521 1023 3606 dimittatur,
1059 3523 1437 3592 donationes
1484 3525 1565 3593 ab
1594 3526 1733 3615 ipso
1779 3526 1983 3612 factae,
2015 3525 2145 3595 sive
2192 3535 2337 3618 post
2364 3529 2535 3597 dicta
2572 3527 2692 3590 vota

443 3638 790 3729 simplicia,
847 3637 978 3706 sive
1020 3640 1211 3707 etiam
1263 3647 1410 3708 ante
1458 3648 1600 3711 vota
1649 3643 1813 3726 haec,
1854 3645 1963 3712 sed
2002 3651 2141 3736 post
2190 3645 2483 3735 primum
2522 3641 2688 3709 novi·
2798 3619 2800 3642 ²

443 3759 634 3823 tiatus
682 3774 957 3838 annum,
1011 3777 1421 3846 nequaquam
1465 3765 1801 3844 corruunt,
1848 3759 1961 3828 sed
2007 3759 2235 3829 validae
2282 3761 2685 3852 permanent:

443 3871 596 3962 quia
621 3875 854 3962 nempe
889 3869 1151 3941 fuerunt
1177 3867 1487 3942 absolutae
1528 3881 1590 3943 et
1630 3876 2136 3968 inde-pendentes
2163 3898 2202 3945 a
2240 3873 2689 3968 perseverantia

445 3989 513 4055 in
548 3989 864 4074 societate,
906 4007 1158 4058 necnon
1189 4011 1226 4056 a
1256 3991 1667 4079 professionis
1694 3991 2061 4062 emissione.

533 4152 908 4224 Pnoposmo
934 4153 1132 4225 XVP.
1169 4195 1256 4210 --
1288 4159 1618 4248 Reliqioso
1646 4160 1979 4230 societatis
2004 4163 2161 4229 Iesu
2184 4172 2345 4250 post
2366 4165 2505 4226 vota
2534 4153 2687 4222 sim-
2796 4221 2798 4250 ÷

439 4268 652 4359 plicia
672 4268 942 4338 dimisso
965 4293 999 4338 e
1033 4273 1371 4359 societate,
1403 4297 1539 4342 non
1566 4274 1890 4346 debentur
1918 4277 2246 4346 alimenta
2271 4299 2383 4346 nec
2410 4288 2683 4362 conqrua
2796 4273 2798 4300 ⁷

445 4384 836 4452 sustentatio
859 4407 941 4452 ea·
961 4389 1523 4478 parteosocietatiS,
1542 4391 1809 4460 etiamsi
1827 4392 2175 4463 ordinatus
2194 4393 2408 4484 fuerit
2418 4401 2683 4480 pauper-
