2834 4959
409 317 529 374 178
975 323 1312 372 TRACTATUS
1355 325 1436 371 DE
1474 325 1625 372 JURE
1668 266 2083 374 REGULARIUM.

401 449 684 543 publica,
728 437 1138 538 potissimum
1181 445 1410 514 emicet
1452 443 1752 514 Ecclesiae
1804 447 2126 534 sanctitas,
2180 448 2236 515 si
2285 453 2539 538 quando
2592 455 2655 522 id

397 567 642 636 decoris
713 562 1000 632 Ecclesia
1059 561 1453 651 deperderet,
1531 559 2029 632 imminueretur
2100 564 2453 632 sanctitatis
2522 568 2577 656 ej
2588 591 2657 636 us

393 681 714 775 splendor.

485 797 551 866 3⁰
621 794 888 863 Publica
941 799 1156 862 autem
1213 793 1599 882 evangelicae
1660 793 2066 886 perfectionis
2114 793 2446 884 professio,
2517 819 2655 886 pro·
2749 813 2750 886 l

393 914 534 1006 prie
592 919 655 981 et
717 909 1030 1002 complete
1085 916 1252 978 stare
1317 909 1547 998 nequit
1598 910 1727 977 nisi
1789 931 1905 1000 per
1961 914 2199 978 statum
2252 909 2644 999 religiosum.
2749 887 2750 902 ἵ

396 1027 652 1098 Etenim
704 1030 870 1094 stare
911 1025 1139 1114 nequit
1173 1023 1414 1113 absque
1452 1024 1781 1111 castitatiS,
1834 1023 2219 1115 paupertatis
2260 1031 2323 1090 et
2362 1023 2651 1095 obedien·
2749 1011 2750 1028 ¹

389 1146 498 1214 tiae
537 1141 958 1220 observantia,
1010 1143 1154 1207 voto
1203 1137 1481 1206 firmata.
1534 1136 1659 1208 Sed
1706 1137 1994 1226 religiosi
2040 1144 2236 1206 status
2280 1140 2549 1208 essentia
2590 1143 2647 1210 in
2748 1075 2750 1196 i

391 1261 516 1328 hoc
572 1255 815 1348 triplici
865 1260 1010 1323 voto
1065 1252 1370 1322 consistit.
1430 1253 1602 1343 Ergo
1657 1275 1877 1322 revera
1927 1254 2186 1345 publica
2236 1257 2647 1326 consiliorum

387 1371 907 1462 evangelicorum
955 1367 1284 1460 professiO,
1331 1367 1595 1435 nonnisi
1636 1367 1705 1435 in
1746 1375 1913 1436 statu
1948 1369 2249 1458 religioso
2290 1376 2354 1437 et
2391 1393 2503 1461 per
2536 1381 2648 1440 sta·
2749 1417 2750 1424 κ

389 1493 529 1556 tum
576 1485 954 1574 religiosum
997 1489 1163 1552 stare
1190 1488 1413 1573 potest.
1466 1481 1637 1550 Hinc
1674 1489 1837 1573 patet
1872 1504 2070 1573 quam
2108 1485 2345 1554 absone
2378 1487 2644 1574 dicatur,
2749 1499 2750 1556 ἐ

395 1603 782 1671 necessarios
821 1621 956 1670 esse
991 1600 1060 1669 in
1103 1598 1388 1668 Ecclesia
1431 1599 1772 1668 saeculares
1812 1601 2098 1685 clericoS,
2154 1608 2387 1670 statum
2432 1610 2644 1671 autem
2749 1651 2750 1654 ,

393 1717 771 1806 religiosum
815 1715 1112 1783 minime.
1159 1713 1342 1782 Falsa
1383 1708 1659 1805 ‘utraque
1708 1737 1853 1806 pars
1902 1715 2367 1784 affirmationis.
2412 1715 2643 1785 Dicen-

387 1833 548 1902 dum
590 1851 847 1921 nempe,
887 1829 1063 1898 haud
1103 1831 1537 1898 necessarium
1574 1851 1707 1898 esse
1742 1837 1816 1898 ut
1854 1830 2073 1899 clerici
2114 1832 2244 1899 sint
2287 1830 2644 1918 saeculares,

383 1950 536 2038 quia
564 1949 618 2015 si
667 1946 992 2035 regulares
1034 1945 1241 2012 forent
1285 1945 1505 2014 clerici
1546 1967 1799 2032 omneS,
1826 1945 1971 2014 'non
2012 1947 2221 2035 pejuS‚
2264 1945 2378 2014 sed
2428 1947 2645 2014 melius

385 2064 528 2157 (per
573 2087 638 2132 se
693 2059 1036 2152 loquendo)
1081 2082 1215 2129 sese
1269 2059 1534 2128 haberet
1554 2051 1881 2130 Ecclesia.
1942 2058 2163 2150 Neque
2216 2061 2495 2129 instituit
2536 2084 2641 2130 un·
2749 2131 2750 2154 ζ

394 2200 592 2270 quam
631 2175 947 2257 Christus,
987 2183 1095 2242 aut
1123 2175 1451 2266 praecepit,
1482 2182 1594 2244 aut
1619 2175 1905 2245 hortatus
1930 2184 2046 2263 est,
2084 2183 2157 2244 ut
2196 2175 2419 2244 clerici
2452 2176 2643 2244 forent
2749 2185 2750 2220 ³

395 2293 758 2362 soeculares.
791 2291 846 2359 E
873 2297 1092 2360 contra
1128 2295 1365 2358 statum
1402 2289 1781 2378 religiosum
1822 2291 2136 2375 instituit3
2175 2291 2293 2380 qui
2320 2292 2483 2358 adeo
2513 2312 2641 2359 cen·
2749 2331 2750 2344 ι

389 2409 625 2479 sendus
686 2414 782 2475 est
841 2407 910 2473 in
976 2403 1260 2474 Ecclesia
1319 2407 1687 2496 perenniter
1750 2427 2232 2498 permansurus.
2308 2405 2637 2488 Permissa,
2749 2399 2750 2486 ξ

391 2547 526 2594 non
550 2523 902 2592 necessaria
940 2523 1012 2589 in
1040 2521 1289 2590 clericis
1331 2522 1795 2608 saeculariter&
1816 2531 1893 2608 ⁴et
1932 2523 2073 2591 ideo
2116 2522 2455 2614 permissa,
2511 2522 2639 2612 quia
2749 2553 2750 2596 ς

387 2640 680 2710 Christus
727 2644 964 2707 statum
1017 2638 1426 2727 religiosum,
1476 2658 1607 2706 non
1652 2637 2109 2729 praecipiendo,
2143 2637 2279 2724 [sed
2324 2636 2637 2706 suadendo

379 2757 674 2824 instituit.

473 2875 676 2943 Nota.
715 2907 806 2920 —
835 2869 1006 2938 Cum
1047 2868 1328 2938 dicimus
1361 2867 1863 2938 indefectibilem
1906 2871 1975 2936 in
2016 2868 2299 2939 Ecclesia
2338 2891 2485 2939 esse
2526 2879 2637 2938 sta-

395 2997 536 3058 tum
564 2988 971 3078 religiosum,
1007 2987 1072 3056 id
1108 2985 1603 3077 intelligendum
1650 3008 1783 3055 non
1818 2994 1913 3056 est
1954 2988 2034 3056 de
2074 2987 2209 3056 ulla
2244 2989 2314 3056 in
2358 2992 2637 3078 particu-
2749 3059 2750 3066 χ

390 3105 511 3175 lari
550 3105 862 3193 religiosae
898 3104 1044 3171 vitae
1084 3103 1327 3183 forma3
1371 3104 1482 3171 sed
1516 3125 1590 3172 eo
1632 3125 1821 3173 sensu
1864 3103 2037 3194 quod
2082 3127 2423 3194 nunquam
2470 3125 2638 3174 even·

395 3229 618 3289 turum
654 3223 758 3303 sit,
791 3225 864 3288 ut
889 3239 1116 3288 omnes
1143 3219 1342 3288 simul
1369 3219 1652 3309 religiosi
1678 3225 1877 3288 status
1905 3221 2130 3289 sormae
2162 3223 2637 3312 supprimantur

389 3343 499 3402 aut
526 3334 844 3404 deficiant.
887 3335 1064 3404 Hinc
1099 3334 1178 3403 de
1215 3356 1611 3425 unoquoque
1652 3335 1951 3425 religioso
1987 3336 2305 3420 institute,
2352 3337 2636 3427 singula·-

383 3451 540 3519 riter
573 3457 852 3536 sumpto,
892 3449 1506 3519 indefectibilitatem
1550 3471 1963 3540 nequaquam
2007 3452 2373 3536 asserimus,
2414 3453 2527 3521 sed
2570 3449 2635 3516 de

384 3570 658 3659 ipsomet
683 3565 980 3653 religioso
1007 3571 1197 3634 statu.
1233 3565 1443 3635 Potest
1473 3565 1786 3634 nimirum
1812 3566 2117 3655 quaelibet
2141 3567 2425 3658 religiosi
2456 3574 2635 3637 status
2749 3625 2750 3632 ,

385 3687 786 3781 particularis
835 3675 1041 3754 forma
1082 3686 1379 3769 deficere,
1427 3709 1501 3756 ac
1545 3710 1581 3756 a
1610 3687 1897 3757 Romano
1928 3687 2239 3758 Pontifice
2269 3687 2627 3782 supprimi:
2749 3689 2750 3776 ᾗ

379 3827 510 3873 non
537 3812 754 3872 tamen
794 3801 879 3868 ita
903 3809 975 3869 ut
1007 3804 1312 3872 omnibus
1347 3803 1544 3872 simul
1578 3803 1829 3890 sormiS‚
1878 3827 1991 3875 seu
2028 3805 2304 3896 ipsomet
2350 3805 2629 3896 religioso
2749 3847 2750 3856 κ

375 3925 540 3988 statu
559 3919 841 3987 Ecclesia
861 3924 1086 3986 careat.

469 4033 783 4104 Senonum
813 4033 860 4101 1.
907 4071 998 4084 —
1025 4035 1120 4102 De
1147 4035 1628 4103 nonnullorum
1665 4037 2004 4128 opinione,
2050 4035 2165 4127 qui
2201 4047 2425 4105 tenent
2464 4033 2631 4104 anti·
2749 4103 2750 4114 ἢ

386 4174 515 4242 qua
539 4151 953 4240 reqularium
979 4151 1298 4219 instituta
1331 4152 1575 4219 nostris
1590 4153 1745 4242 jam
1771 4151 2173 4246 temporibus
2204 4175 2343 4222 non
2374 4174 2502 4222 esse
2526 4171 2629 4217 ac·
2749 4171 2750 4222 ὲ

387 4264 826 4350 commodata,
852 4289 969 4335 nec
991 4267 1300 4336 Ecclesioe
1321 4265 1549 4334 utilia.
1575 4305 1667 4319 -—
1690 4267 2042 4338 Erroneam
2068 4269 2250 4338 illam
2268 4270 2629 4361 opinionem

383 4377 654 4448 breviter
685 4380 794 4448 hic
827 4383 1387 4472 perstringendam
1414 4383 1753 4474 duximus3
1794 4406 1869 4453 eo
1902 4385 2005 4455 vel
2036 4385 2244 4476 magis
2273 4383 2441 4476 quod
2484 4399 2627 4450 cum
