2834 4959
329 300 456 360 504
901 305 1243 355 munros
1293 305 1374 354 BR
1413 305 1567 354 man
1608 305 2042 361 mummoli,

337 453 376 497 εκ
411 427 644 516 stione,
673 427 756 498 ad
801 427 1100 498 eamdem
1151 425 1497 518 respondet
1538 451 1557 495 z
1608 440 1807 498 novas
1854 425 2219 498 Galliarum
2272 433 2625 516 moniales,

344 567 382 612 α
411 565 558 636 quae
585 543 956 614 institutum
985 541 1250 634 aliquod
1287 543 1664 634 religiosum
1722 547 2077 634 sectantur,
2104 545 2177 614 in
2206 567 2337 636 quo
2374 570 2623 620 secun-.-

344 683 382 730 α
409 657 570 728 dum
588 660 736 748 ejus
761 657 1256 750 acceptationem
1281 662 1347 727 et
1369 657 1905 748 approbationem
1930 659 2017 730 ab
2061 660 2431 752 Apostoliea
2462 665 2623 734 sede

343 799 380 842 s
414 773 672 861 saetam,
693 773 1154 864 professionem
1175 773 1537 844 solemnem
1558 793 1634 844 ac
1660 773 1975 844 solemnia
2006 783 2155 846 vota
2182 780 2469 848 emittere
2498 781 2615 848 de—

343 915 382 960 a
415 891 666 978 herent,
697 898 759 960 et
779 889 1215 961 nihilominus
1241 911 1356 982 per
1381 895 1755 980 temporum
1774 891 2301 962 circumstantias
2328 899 2623 984 atqueex

343 1027 381 1076 α
409 1004 719 1097 proefatis
753 1004 1128 1076 rationibus
1164 1016 1322 1074 vota
1371 1003 1713 1072 duntaxat
1760 1003 2107 1097 simplicia
2134 1005 2329 1075 modo
2352 1031 2622 1078 nuncu-

339 1143 377 1188 «
405 1130 610 1211 pam,
643 1119 958 1190 moniales
1018 1119 1304 1210 profecto
1353 1119 1527 1206 istas,
1568 1118 1723 1188 licet
1762 1141 2007 1210 magna
2056 1123 2623 1193 commendatione

343 1260 382 1303 α
410 1235 624 1325 dignoe
649 1235 802 1323 sint,
835 1235 996 1304 dum
1024 1234 1150 1304 hac
1197 1234 1427 1304 saltem
1458 1235 1704 1302 ratione
1734 1232 1871 1304 Deo
1896 1234 2169 1304 interim
2218 1235 2461 1305 servire
2482 1244 2621 1306 stn-

343 1375 382 1418 α
413 1350 590 1434 dent,
615 1355 784 1441 ipsas
809 1350 1124 1420 tamenin
1145 1349 1374 1420 ordine
1398 1369 1475 1418 ae
1500 1349 1815 1438 religione
1840 1369 1961 1419 sua
1990 1369 2141 1420 vere
2160 1351 2473 1441 professas
2490 1350 2623 1420 diei

255 1444 276 1462 ⁶
345 1489 380 1533 α
421 1487 498 1536 ae
535 1467 787 1534 censeri
827 1485 964 1533 non
1009 1485 1215 1556 posse.
1251 1462 1449 1532 Porro
1478 1461 1884 1533 Bonifaeium
1920 1462 2163 1554 Papam
2196 1463 2366 1550 vul,
2404 1465 2469 1532 in
2505 1485 2623 1534 ee-

341 1603 378 1646 «
417 1579 582 1647 lebri
617 1597 734 1646 sua
771 1577 1250 1663 constitutione,
1297 1598 1445 1666 quoe
1488 1577 1718 1668 incipit
1756 1576 2131 1646 Periculoso
2174 1577 2276 1667 (de
2304 1585 2467 1648 statu
2498 1599 2615 1646 re-

346 1716 384 1760 «
417 1689 778 1782 gularium,
807 1692 878 1760 in
901 1691 1000 1782 6),
1019 1699 1084 1762 et
1103 1691 1173 1764 S.
1199 1692 1655 1762 Tridentinam
1684 1692 2007 1783 synodum
2036 1714 2175 1784 quae
2198 1693 2365 1762 hanc
2388 1694 2607 1783 ipsam

348 1830 385 1875 α
425 1806 742 1878 Bonifacii
767 1808 1290 1880 constitutionem
1317 1815 1585 1880 renovat
1612 1808 1789 1900 (seo.
1823 1808 1937 1895 25,
1963 1829 2025 1904 o.
2056 1808 2129 1895 5,
2164 1805 2243 1876 de
2264 1809 2613 1899 Remum·-

344 1949 384 1992 «
427 1923 601 2016 bus),
637 1926 1066 1996 monasticam
1095 1925 1276 1996 illam
1311 1926 1683 2011 clausuram
1720 1944 1849 1992 non
1896 1924 2269 2014 injungere,
2308 1923 2433 1992 nisi
2474 1944 2623 1994 mo-

346 2063 384 2106 «
421 2040 720 2109 nialibus
763 2041 1154 2141 [eliqionem
1207 2062 1404 2109 suam
1427 2037 1751 2132 professis
1771 2059 1804 2122 ;
1830 2038 2005 2129 quod
2032 2043 2211 2108 certe
2254 2038 2621 2129 intelligen-

344 2176 384 2219 ι
417 2155 580 2221 dum
629 2161 726 2220 est
763 2155 844 2234 de
894 2177 1046 2222 vera
1091 2157 1479 2248 propriaque
1509 2152 1923 2245 professione,
1980 2153 2337 2222 secundm
2364 2152 2619 2225 ordinis

349 2289 387 2334 α
419 2266 792 2336 institutum
819 2267 902 2335 ab
927 2268 1288 2359 Apostolioe
1315 2269 1463 2338 sede
1490 2268 1917 2359 approbatum
1956 2290 1974 2336 τ
2004 2289 2203 2338 novas
2238 2269 2431 2359 igitur
2468 2271 2623 2340 istas

343 2403 380 2448 α
419 2379 781 2452 Galliarum
827 2383 1162 2467 moniales,
1209 2382 1290 2452 de
1337 2383 1580 2473 quibus
1638 2403 1851 2454 sermo
1890 2387 2007 2473 est,
2040 2384 2348 2454 canoniea
2388 2387 2517 2456 ista
2564 2392 2625 2455 et

357 2515 395 2560 α
419 2477 752 2562 pontificia
779 2494 1093 2564 clausuras
1113 2495 1254 2586 lege
1273 2496 1555 2565 minime
1583 2497 1919 2590 adstringi.
1942 2521 2049 2589 ,μ
2074 2497 2428 2587 Gauii-elei,
2456 2485 2627 2568 Etat

349 2604 708 2696 reliqieux,
740 2615 896 2678 tom.
930 2608 1000 2691 2,
1029 2629 1176 2700 pag.
1205 2610 1364 2696 280,
1399 2613 1559 2682 edit.
1594 2611 1823 2704 1853.)

429 2721 530 2790 Ibi
595 2724 788 2793 etiam
839 2745 1166 2816 exponens
1217 2731 1530 2818 tanquam
1596 2738 1853 2796 certum
1906 2728 1987 2797 de
2044 2727 2349 2799 omnibus
2392 2729 2627 2800 Gallim

342 2841 732 2912 monialibus
775 2844 1116 2930 asserebat,
1165 2865 1270 2912 eas
1315 2845 1403 2914 ita
1452 2865 1681 2913 vovere
1728 2849 2199 2936 paupertatem,
2232 2849 2307 2912 ut
2358 2843 2495 2912 sibi
2510 2845 2627 2935 jus

344 2955 705 3028 retinerent
749 2958 1028 3029 habendi
1056 2959 1372 3046 dominii3
1415 2959 1591 3049 quod
1638 2958 1812 3027 idem
1854 2963 1991 3028 erat
2021 2981 2098 3028 ac
2134 2965 2447 3049 tanquam
2490 2979 2627 3029 oer-

349 3079 493 3142 tum
539 3093 842 3158 asserere,
869 3074 1196 3166 simplicia
1237 3073 1551 3142 duntaxat
1590 3079 1735 3144 vota
1783 3074 1867 3146 ab
1906 3076 2065 3166 ipsis
2096 3077 2329 3164 emitti,
2358 3076 2445 3144 ob
2478 3097 2625 3146 eam

351 3186 640 3279 ipsarum
665 3189 1129 3276 intentionem,
1157 3191 1559 3262 habilitatem
1596 3189 2019 3260 conservandi
2044 3191 2124 3260 ad
2146 3190 2621 3282 acquirendum

349 3307 413 3370 et
437 3307 900 3392 possidendum
951 3307 1347 3376 dominium.
1403 3305 1617 3377 Sacrae
1664 3313 1883 3376 autem
1933 3304 2415 3376 Poenitentiariae
2476 3327 2623 3376 res-

353 3421 604 3510 ponsio,
629 3427 756 3491 tota
793 3424 1059 3494 relativa
1089 3431 1184 3492 est
1215 3425 1295 3494 ad
1331 3424 1502 3493 hano
1530 3424 1963 3514 hypothesim.
1998 3422 2357 3514 Respondet
2380 3441 2627 3514 nempe

349 3533 665 3606 moniales
695 3537 864 3625 illas,
893 3559 1042 3627 quae
1065 3541 1160 3608 sic
1201 3561 1286 3608 ex
1302 3541 1619 3630 praefatis
1662 3537 2059 3625 rationibus,
2092 3550 2251 3608 vota
2274 3536 2623 3611 deamat

349 3649 684 3742 simplicia
711 3651 910 3721 modo
931 3665 1355 3746 nuncupant,
1385 3656 1469 3722 ad
1498 3654 1867 3724 clausuram
1894 3675 2031 3724 non
2055 3655 2283 3724 teneri.

438 3765 508 3834 3⁰
567 3765 742 3836 ldem
805 3767 1330 3839 concludendum
1400 3772 1581 3839 venit
1645 3791 1721 3840 ex
1790 3769 2083 3861 sequenti
2142 3785 2489 3859 responso,
2546 3765 2622 3836 ad

351 3885 752 3976 superiorem
775 3884 1112 3954 seminarii
1137 3883 1564 3955 Nannetensis
1592 3886 1860 3970 directo,
1888 3885 1978 3954 28
2014 3884 2385 3955 novembris
2408 3879 2615 3952 1818:

355 4021 396 4065 α
422 3995 664 4068 Votum
685 3999 1098 4092 paupertatis,
1114 4001 1288 4091 quod
1307 4023 1493 4072 novoe
1518 4001 1876 4072 Galliarum
1904 4001 2245 4092 religiosas,
2260 3997 2613 4069 secuudum

357 4139 394 4198 ς
421 4114 792 4186 articulum
815 4113 908 4208 (1)
935 4137 974 4186 a
1001 4115 1322 4206 gubernio
1349 4117 1673 4208 adjectum
1702 4119 2032 4204 emittunt,
2062 4137 2199 4186 nou
2218 4136 2357 4186 esse
2388 4111 2621 4182 solem-

408 4365 478 4428 (1)
507 4368 556 4422 ¹³
587 4373 850 4440 articulus,
887 4375 1118 4439 guberna
1148 4379 1296 4440 lassu
1333 4375 1635 4432 monialium
1668 4377 1875 4431 statutis
1892 4373 2230 4441 adnotandus,
2258 4377 2333 4430 ste
2352 4371 2571 4428 habebnt
2594 4389 2610 4421 ι
