2834 4959
1024 364 1031 369 ’
1128 372 1281 423 rans
1328 376 1571 425 Tun-rm.
2361 368 2490 426 455

200 492 541 566 munitatis
594 510 1015 561 <economum
1074 512 1187 559 seu
1242 490 1852 563 administratorem.
1912 490 2110 565 Porro
2159 493 2490 565 bonorum

198 607 667 702 temporalium
747 605 1227 677 administratio
1290 611 1474 677 stare
1542 612 1769 699 potest·
1813 625 1965 677 cum
2035 608 2310 700 perfecta
2361 610 2494 679 voti

198 723 598 817 paupertatis
653 720 1057 791 solemnitate
1113 728 1177 791 et
1252 720 1534 791 dominii
1581 724 2047 813 incapacitate.
2101 724 2266 792 Item
2317 722 2496 815 quod

194 860 277 910 ex
342 836 604 909 collecta
654 836 1027 905 hoereditate
1102 834 1430 905 redactam
1485 837 1832 927 pecuniam
1885 839 2207 929 superiori
2255 840 2490 926 tradat,

197 952 289 1023 ad
343 966 725 1022 communes
766 950 1144 1021 monasterii
1202 970 1362 1020 usus
1414 952 1928 1043 expendendam,
1981 951 2356 1023 nullatenus
2381 974 2494 1023 so·

196 1066 528 1139 lemnitati
551 1073 855 1135 votorum
900 1070 1249 1155 repugnat,
1278 1048 1400 1135 nec
1433 1086 1590 1133 cum
1645 1065 2070 1157 incapacitate
2093 1068 2375 1138 domini-i
2395 1076 2496 1138 est

198 1180 721 1273 incompatihile.
747 1176 821 1247 ld
872 1179 1051 1249 enim
1093 1199 1227 1247 non
1264 1186 1361 1248 est
1388 1187 1568 1275 actus
1615 1180 2002 1272 donationis,
2031 1201 2184 1251 cum
2211 1182 2490 1275 pecunitt

198 1299 349 1368 haec
396 1296 477 1367 ad
514 1296 1051 1365 communitatem
1121 1296 1260 1385 jam
1306 1297 1663 1386 pertineat3
1729 1290 1838 1367 sed
1891 1304 1990 1368 est
2030 1320 2257 1369 merus
2310 1306 2492 1371 actus

199 1413 536 1483 deferendi
562 1412 645 1481 ad
661 1432 895 1513 verum
921 1408 1269 1481 dominum
1296 1432 1450 1481 rem·
1465 1412 1544 1480 ad
1575 1413 1792 1503 ipsum
1817 1414 2267 1505 pertinentem:
2302 1415 2490 1485 Unde

200 1529 471 1621 praefata
517 1520 751 1619 agendi
798 1528 963 1597 ratio
996 1531 1075 1597 ‘et
1120 1526 1299 1597 licita
1366 1528 1640 1599 omnino
1693 1534 1816 1612 est,
1863 1534 1929 1599 et
1999 1550 2154 1599 cum
2215 1532 2492 1621 perfecta

200 1634 488 1706 dominii
520 1634 941 1726 incapacitate
978 1633 1438 1725 competibilis.
1470 1634 1758 1705 Aliunde
1783 1636 1884 1705 lex
1929 1636 2138 1706 civilis
2155 1638 2493 1729 einequa-

201 1772 409 1843 quam
452 1748 682 1819 obstat.
725 1744 985 1817 Etenim
1031 1747 1369 1839 imprimis
1425 1767 1560 1817 non
1613 1749 1820 1818 obstat
1851 1749 2158 1839 religioso
2211 1752 2492 1842 professo

200 1865 651 1937 haereditatem
723 1862 1027 1955 colligere
1087 1862 1333 1933 volenti
1384 1862 1571 1954 juxta
1621 1864 1974 1954 ·requisitas
2039 1864 2490 1946 formalitates3

202 1979 541 2071 siquidem
571 2000 609 2048 e
666 1983 882 2049 contra
909 1979 1039 2049 boc
1078 1981 1191 2072 Jus
1244 1979 1308 2049 ei
1328 1978 1669 2049 ³attribuit.
1711 1978 1998 2047 Aliunde
2046 2000 2167 2047 nec
2217 1978 2494 2068 impedit

200 2094 381 2187 quin
410 2093 747 2183 relig-iosus
786 2092 895 2163 ille
938 2092 1383 2163 redactamex.
1400 2094 1780 2164 haereditate
1800 2091 2142 2184 pecuniam
2193 2112 2496 2161 commu-¹·

202 2210 401 2279 nitati
470 2226 603 2279 suae
660 2209 889 2277 tradat.
942 2206 1111 2277 Nam
1188 2209 1524 2302 dispositio
1564 2208 1758 2300 tagis,
1813 2228 2010 2301 supra
2069 2208 2490 2298 hanaen-iptio,

206 2344 345 2415 qua
400 2322 779 2415 prohibetur
847 2321 1193 2413 religiosus
1246 2323 1417 2393 ultra
1499 2331 1774 2396 certam·
1823 2322 2164 2393 bonorum.
2200 2342 2494 2391 :suonam

204 2446 461 2533 partem
516 2439 971 2509 communitati
1016 2444 1131 2509 aut
1174 2438 1374 2512 alicui
1410 2440 1554 2533 ejus
1595 2438 1894 2514 membro
1911 2438 2187 2522 donate,
2237 2438 2500 2529 respicit

206 2558 519 2627 duntaxat
562 2554 1056 2628 communitates
1102 2576 1140 2625 a
1169 2556 1488 2646 gubernio
1516 2558 1764 2647 agnitas
1807 2556 1928 2647 (les
1969 2554 2494 2625 &tablissements

208 2671 586 2765 autorisds).
620 2670 823 2743 Porro
886 2674 955 2741 in
982 2672 1478 2765 proesentiarum
1515 2673 1774 2762 agimus
1805 2670 1889 2739 de
1925 2692 2078 2741 casu
2123 2671 2499 2741 communi-

210 2794 433 2857 tatum
474 2810 511 2857 a
541 2788 865 2881 gubernio
915 2808 1067 2858 non·
1094 2788 1470 2879 agnitarum
1547 2784 1700 2877 (non
1763 2784 2184 2873 autorisees);·
2205 2800 2494 2874 quarum

208 2902 525 2973 membra·
540 2911 851 2995 tanquam
880 2906 1051 2973 meri
1076 2902 1249 2975 cives
1290 2924 1329 2973 a
1354 2901 1496 2991 lege
1547 2900 1892 2969 habentur.
1925 2898 2496 2980 Quemadmodum

206 3036 373 3109 orgo
402 3019 503 3090 lex
556 3040 691 3089 non
735 3020 944 3090 obstat
998 3021 1185 3111 quin.
1214 3018 1558 3109 religiosus
1607 3015 1720 3085 ille
1749 3019 1958 3084 totum
2003 3013 2180 3103 quod
2224 3012 2502 3083 civiliter

207 3134 518 3226 possidet,
578 3134 687 3203 cui
736 3134 1015 3204 voluerit
1042 3140 1427 3203 caeterorum
1475 3131 1717 3201 civium
1771 3130 1988 3214 donet,
2022 3128 2110 3197 ita
2145 3128 2502 3197 nee-obstat

206 3248 381 3341 quin
418 3248 486 3317 id
526 3248 721 3318 donet
758 3250 961 3319 alicui
992 3248 1480 3319 communitatis
1515 3267 1650 3315 suae
1699 3240 2238 3313 membro.-Unde
2261 3243 2502 3311 timen-

208 3364 381 3432 dum
424 3384 559 3431 non
610 3370 727 3452 est,
762 3386 847 3433 ne
887 3364 1283 3434 interveniat
1326 3363 1738 3451 magistratus
1781 3357 2106 3427 saecularts
2139 3360 2220 3428 ad
2271 3360 2500 3449 exqui-

206 3477 525 3565 rendum,
558 3479 671 3549 cui
734 3478 1079 3570 religiosus
1126 3479 1237 3547 ille
1264 3476 1590 3547 redactam
1643 3496 1718 3543 ex
1761 3470 2126 3543 haereditate
2153 3475 2500 3565 pecuniam

206 3591 487 3663 dederit.
534 3592 711 3683 Ergo
772 3616 1001 3667 revera
1056 3596 1128 3665 in
1196 3614 1349 3664 casu
1394 3612 1590 3682 quem
1651 3588 2074 3683 expendimus
2135 3607 2266 3655 non
2331 3585 2506 3657 adest

210 3708 437 3799 gravis
470 3709 608 3779 ulla
635 3710 1005 3781 difficultas.

244 3854 251 3859 ·
314 3822 625 3915 usurpari
652 3828 847 3895 etiam
904 3830 1113 3918 potest
1162 3825 1231 3893 in
1270 3823 1496 3895 eodem
1525 3842 1676 3891 casu
1731 3819 1898 3890 alius
1946 3817 2178 3909 agendi
2217 3814 2502 3887 modus:

216 3938 546 4009 nimirum
576 3939 633 4011 si
680 3941 1021 4013 haereditas
1050 3942 1121 4010 in
1175 3940 1367 4009 bonis
1408 3936 1860 4009 immobilibus
1900 3934 2224 4017 consistat,
2256 3950 2512 3999 necessu

214 4074 355 4125 non
381 4062 479 4125 est
502 4078 577 4126 ea
606 4056 779 4128 bona
809 4059 881 4127 in
908 4058 1261 4151 pecuniam
1294 4060 1700 4125 commutare
1725 4076 1744 4137 3
1795 4050 1901 4120 sed
1948 4054 2151 4141 potest
2175 4045 2512 4136 religiosus

214 4170 595 4263 legatarius,
668 4174 789 4266 pei
854 4181 1071 4245 actum
1136 4174 1397 4243 civilem
1469 4166 1860 4252 donationis,
1917 4166 2282 4236 dominium
2343 4160 2510 4231 illud

218 4284 535 4376 leqalitev·⁸
555 4288 903 4359 transterre
932 4290 1012 4359 ad
1046 4288 1165 4359 illa
1192 4286 1678 4359 communitatis
1719 4280 2039 4365 membra,
2071 4281 2196 4349 sub
2223 4294 2510 4369 quorum

218 4402 493 4473 nomine
548 4404 1009 4477 inscribuntur
1066 4412 1290 4476 caetera
1350 4406 1520 4475 bona
1583 4397 1950 4471 immobilia
1997 4392 2510 4466 communitatis.
