2834 4959
1113 354 1288 411 ,Pus
1334 355 1553 409 enum.
2400 354 2483 411 43
2509 380 2519 391 ·

230 480 366 549 citur
412 498 490 547 ex
544 498 622 545 eo
673 477 942 567 praecise
983 476 1537 570 quodpraeoepm
1590 500 1723 547 non
1772 480 2347 571 praetergrediatur.
2406 482 2485 551 Et

221 613 390 684 supra
427 591 849 667 ostendimus
893 592 1234 683 adaequate
1311 592 1519 663 dividi
1573 598 1815 663 statum
1866 594 2009 665 vitae
2062 594 2427 669 christianae
2458 650 2477 683 ,

216 709 275 775 in
290 713 518 783 statum
556 708 712 776 vitae
741 707 1116 803 eommunis
1157 714 1220 777 et
1264 714 1505 779 statum
1535 709 1963 799 perfectionis.
1994 708 2165 781 Hine
2188 718 2260 781 ut
2284 720 2479 783 status

213 816 424 908 aliquis
471 840 620 894 vere
687 817 771 891 sit
821 826 886 887 et
923 818 1056 890 dici
1101 824 1299 910 queat
1343 824 1545 889 status
1591 818 1999 909 perfectionis
2044 824 2471 911 acquirendae,

215 942 354 1015 satis
403 948 506 1013 eet,
538 947 612 1011 nt
661 940 1194 1031 consilio.alique
1221 946 1439 1011 utatur
1480 942 1567 1011 ad
1610 943 2069 1033 perfectionem
2124 946 2476 1035 acquiren-

217 1052 386 1133 dam.
413 1052 557 1123 Non.
601 1060 820 1126 tamen
859 1054 992 1131 erit
1014 1039 1429 1146 completas,
1456 1055 1581 1125 nisi
1610 1056 1733 1125 tria
1768 1054 2037 1127 consilia
2060 1059 2473 1149 paupertatis,

223 1170 496 1239 castitatis
535 1176 602 1239 et
645 1169 1028 1242 obedientiae
1065 1170 1559 1263 complectatur,
1608 1177 1681 1239 ut
1734 1170 2167 1263 propositione
2218 1170 2287 1240 3·
2322 1194 2476 1264 pro-

223 1283 536 1373 luvium&
585 1306 738 1373 ergo
788 1284 1226 1375 incompletue
1267 1303 1384 1353 seu
1433 1285 1777 1356 inchoatus
1827 1285 2137 1357 duntaxat
2178 1288 2325 1357 erit.
2380 1284 2475 1355 Ex

219 1419 332 1488 que
351 1400 608 1472 notione
632 1401 928 1491 sequitur
953 1400 1024 1469 in
1053 1404 1220 1469 statu
1251 1400 1659 1491 incompleto
1690 1400 2100 1492 perfectionis
2128 1402 2475 1492 acquiren-

210 1512 298 1587 dae
319 1536 422 1587 eos
447 1538 586 1585 esse
637 1518 782 1607 qui,
809 1532 946 1585 nou
989 1518 1111 1587 tria
1149 1516 1349 1585 simul
1378 1514 1550 1611 dicta
1577 1516 1873 1604 consilia,
1912 1518 2023 1585 sed
2048 1538 2261 1588 unum
2299 1519 2475 1587 dun·-

208 1636 363 1701 taxat
411 1638 526 1701 aut
582 1631 714 1701 duo
769 1630 1145 1715 absai-vanu
1208 1632 1385 1699 verbi
1433 1632 1662 1721 gratia,
1704 1631 1823 1721 qui
1872 1632 2075 1701 solam
2126 1634 2475 1704 castitatem

209 1753 528 1830 voverunt,
587 1746 694 1815 vel
740 1747 1090 1815 castitatem
1143 1752 1205 1814 et
1245 1752 1717 1837 paupertatem,
1750 1766 1885 1815 non
1923 1754 2139 1815 autem
2166 1748 2473 1817 obedien-

212 1858 380 1930 tiam.
427 1862 586 1931 ltem
639 1862 757 1953 qui
806 1861 1068 1930 nullum
1121 1882 1196 1928 ex
1237 1860 1447 1928 tribus
1500 1860 1631 1929 illis
1671 1860 1955 1929 consiliis
2009 1870 2310 1946 servaret,
2362 1862 2473 1929 sed

220 1974 422 2065 aliqua
454 1978 575 2046 alia
626 1976 900 2063 diversa,
948 1978 1018 2045 in
1066 1980 1233 2045 statu
1270 1975 1537 2065 quidem
1583 1974 1993 2067 perfectionis
2018 1980 2206 2061 esset,
2258 1986 2323 2041 at
2368 1977 2475 2043 in-

215 2092 510 2182 completo
539 2114 658 2161 seu
689 2092 1033 2161 inchoato:
1067 2101 1258 2182 prout
1284 2091 1339 2159 si
1369 2091 1545 2181 quis,
1594 2088 1777 2159 verbi
1805 2090 2033 2179 gratia,
2057 2090 2129 2157 in
2166 2091 2473 2181 conjugio

209 2204 437 2287 vivom,
488 2214 690 2276 certas
757 2207 1045 2299 eorporis
1113 2206 1581 2294 afflictationeS,
1634 2229 1713 2277 ex
1770 2211 1919 2275 voto
1975 2214 2321 2295 exerceret,
2372 2208 2471 2275 vel

209 2318 389 2390 horas
412 2324 774 2409 canonicas,
805 2329 916 2393 aut
942 2322 1388 2415 quotidianam
1444 2323 1613 2393 sacri
1646 2322 2065 2409 auditionem,
2096 2322 2200 2391 vel
2234 2321 2473 2394 similia

209 2439 770 2529 supererogationis
816 2458 1010 2527 opera
1035 2459 1111 2506 ex
1145 2436 1537 2528 obligatione
1562 2437 1981 2531 persolvenda
2008 2437 2131 2507 sibi
2160 2443 2471 2530 perpetuo

217 2550 573 2641 imponeret.

907 2904 914 2911 ’
1115 2908 1394 2981 CAPUT
1438 2910 1554 2981 lx.

304 3155 518 3207 surus
555 3158 993 3207 rnnrncnoms·
1017 3153 1438 3214 :morimeam
1479 3156 1606 3203 non
1642 3154 1955 3205 nxcmm’r
1994 3156 2361 3207 emamus

837 3250 844 3257 ’
929 3258 1088 3324 noea
1131 3256 1463 3308 Pnoxmuu·
1490 3254 1737 3304 opaea·

289 3482 446 3555 Nam
469 3480 676 3562 status
695 3487 1112 3578 perfectionis
1141 3486 1578 3575 acquirendis,
1624 3485 1749 3553 hoe
1804 3484 1945 3575 ipso
1988 3486 2161 3575 quod
2190 3505 2309 3576 pro
2338 3482 2469 3553 fine

207 3603 451 3691 proprio
504 3604 738 3671 habeat
786 3602 1195 3693 per-iectionis
1235 3600 1729 3686 assecutionem,
1752 3594 1971 3667 'tendit
2006 3600 2087 3668 ad
2120 3599 2467 3691 perfectam

206 3709 313 3783 Dei
370 3718 800 3801 charitatem,
885 3716 1211 3806 siquidem
1291 3715 1702 3807 perfeetionis
1764 3718 2079 3803 essentia,
2124 3723 2204 3781 ut
2272 3732 2469 3802 supra
2600 3810 2605 3815 Β

203 3832 611 3918 ostendimus,
647 3838 766 3901 ost
814 3831 1086 3923 ipsamet
1133 3821 1260 3899 Dei'
1302 3830 1612 3899 charitas,
1666 3834 1812 3901 Jam
1853 3848 2003 3898 vero
2044 3826 2319 3917 perfecta
2348 3822 2467 3892 Dei

199 3943 489 4039 charitas,
547 3948 795 4023 nedum
847 3941 1142 4017 excindat
1189 3940 1573 4016 charitatem
1616 3966 1771 4035 erga
1798 3946 2195 4037 proximum,
2242 3962 2385 4010 eam
2428 3962 2467 4009 e

196 4070 410 4134 contra
451 4065 696 4155 exigit;
751 4084 874 4133 nee
905 4052 1116 4155 potest
1171 4068 1334 4130 stare
1391 4063 1673 4153 perfecta
1722 4060 1843 4129 Dei
1894 4056 2167 4127 charitas
2222 4060 2465 4148 absque

193 4202 406 4251 amore
447 4180 757 4273 proximi.
793 4180 889 4249 -Et
933 4180 1082 4251 licet
1115 4179 1499 4272 possit-quis
1542 4178 1779 4247 habere
1820 4174 2196 4243 charitatem
2240 4172 2359 4242 Dei
2404 4180 2467 4243 et
2608 4224 2621 4239 .

190 4298 465 4388 proximi
526 4298 689 4388 quin
741 4296 1032 4368 exerceat
1077 4285 1229 4387 erga
1280 4288 1655 4389 proximum
1716 4292 2173 4360 misericordiae
2224 4311 2417 4379 opera
2441 4342 2460 4371 ,

187 4432 326 4503 quae
363 4432 501 4481 non
555 4418 710 4481 sunt
765 4412 844 4482 de
891 4416 1236 4503 praecepto,
1295 4408 1409 4478 illa
1464 4415 1683 4476 tamen
1738 4426 1932 4499 opera
1973 4412 2124 4476 sunt
2170 4403 2463 4473 medium
