<?xml version="1.0" encoding="UTF-8"?>
<!DOCTYPE html PUBLIC "-//W3C//DTD XHTML 1.0 Transitional//EN"
    "http://www.w3.org/TR/xhtml1/DTD/xhtml1-transitional.dtd">
<html xmlns="http://www.w3.org/1999/xhtml" xml:lang="en" lang="en">
 <head>
  <title>
</title>
<meta http-equiv="Content-Type" content="text/html;charset=utf-8" />
  <meta name='ocr-system' content='tesseract 3.04.00' />
  <meta name='ocr-capabilities' content='ocr_page ocr_carea ocr_par ocr_line ocrx_word'/>
</head>
<body>
  <div class='ocr_page' id='page_1' title='image "./tractatusdejure01unkngoog_0375.png"; bbox 0 0 2834 4959; ppageno 0'>
   <div class='ocr_carea' id='block_1_1' title="bbox 1064 313 2427 378">
    <p class='ocr_par' dir='ltr' id='par_1_1' title="bbox 1064 313 2427 378">
     <span class='ocr_line' id='line_1_1' title="bbox 1064 313 2427 378; baseline 0.014 -19"><span class='ocrx_word' id='word_1_1' title='bbox 1064 313 1216 360; x_wconf 75' lang='lat' dir='ltr'>PARS</span> <span class='ocrx_word' id='word_1_2' title='bbox 1261 313 1502 362; x_wconf 72' lang='lat' dir='ltr'><strong>TERTIA.</strong></span> <span class='ocrx_word' id='word_1_3' title='bbox 2298 319 2333 376; x_wconf 85' lang='grc'>3</span> <span class='ocrx_word' id='word_1_4' title='bbox 2345 321 2379 376; x_wconf 80' lang='grc'><strong>5</strong></span> <span class='ocrx_word' id='word_1_5' title='bbox 2390 323 2427 378; x_wconf 83' lang='grc'><strong>7</strong></span> 
     </span>
    </p>
   </div>
   <div class='ocr_carea' id='block_1_2' title="bbox 103 428 2437 982">
    <p class='ocr_par' dir='ltr' id='par_1_2' title="bbox 103 428 2437 982">
     <span class='ocr_line' id='line_1_2' title="bbox 103 428 2428 530; baseline 0.006 -28"><span class='ocrx_word' id='word_1_6' title='bbox 103 436 372 504; x_wconf 76' lang='lat' dir='ltr'><strong>vinciae</strong></span> <span class='ocrx_word' id='word_1_7' title='bbox 418 431 780 510; x_wconf 72' lang='lat' dir='ltr'><strong>Hiberniae,</strong></span> <span class='ocrx_word' id='word_1_8' title='bbox 812 428 953 520; x_wconf 88' lang='lat' dir='ltr'><strong>qui,</strong></span> <span class='ocrx_word' id='word_1_9' title='bbox 1003 429 1088 500; x_wconf 90' lang='lat' dir='ltr'><strong>ob</strong></span> <span class='ocrx_word' id='word_1_10' title='bbox 1133 429 1401 502; x_wconf 80' lang='lat' dir='ltr'><strong>Henrici</strong></span> <span class='ocrx_word' id='word_1_11' title='bbox 1473 432 1650 516; x_wconf 85' lang='lat' dir='ltr'><strong>Vln,</strong></span> <span class='ocrx_word' id='word_1_12' title='bbox 1704 433 1987 505; x_wconf 83' lang='lat' dir='ltr'><strong>Eduardi</strong></span> <span class='ocrx_word' id='word_1_13' title='bbox 2055 437 2170 530; x_wconf 87' lang='lat' dir='ltr'><strong>Vl,</strong></span> <span class='ocrx_word' id='word_1_14' title='bbox 2224 443 2428 518; x_wconf 78' lang='lat' dir='ltr'><strong>Elisa-</strong></span> 
     </span>
     <span class='ocr_line' id='line_1_3' title="bbox 103 545 2437 639; baseline 0.003 -17"><span class='ocrx_word' id='word_1_15' title='bbox 103 549 350 622; x_wconf 82' lang='lat' dir='ltr'><strong>bethae</strong></span> <span class='ocrx_word' id='word_1_16' title='bbox 369 556 437 620; x_wconf 83' lang='lat' dir='ltr'><strong>et</strong></span> <span class='ocrx_word' id='word_1_17' title='bbox 463 545 862 617; x_wconf 82' lang='lat' dir='ltr'><strong>Cromwellii</strong></span> <span class='ocrx_word' id='word_1_18' title='bbox 914 549 1409 639; x_wconf 78' lang='lat' dir='ltr'><strong>persecutiones,</strong></span> <span class='ocrx_word' id='word_1_19' title='bbox 1462 554 1899 620; x_wconf 75' lang='lat' dir='ltr'><strong>conventuum</strong></span> <span class='ocrx_word' id='word_1_20' title='bbox 1928 574 2193 627; x_wconf 89' lang='lat' dir='ltr'><strong>suorum</strong></span> <span class='ocrx_word' id='word_1_21' title='bbox 2222 567 2285 630; x_wconf 83' lang='lat' dir='ltr'><strong>et</strong></span> <span class='ocrx_word' id='word_1_22' title='bbox 2320 563 2437 635; x_wconf 82' lang='lat' dir='ltr'><strong>bo·-</strong></span> 
     </span>
     <span class='ocr_line' id='line_1_4' title="bbox 109 661 2429 766; baseline 0.005 -30"><span class='ocrx_word' id='word_1_23' title='bbox 109 686 384 736; x_wconf 84' lang='lat' dir='ltr'><strong>norum</strong></span> <span class='ocrx_word' id='word_1_24' title='bbox 445 661 920 754; x_wconf 82' lang='lat' dir='ltr'><strong>temporalium.</strong></span> <span class='ocrx_word' id='word_1_25' title='bbox 967 661 1423 752; x_wconf 75' lang='lat' dir='ltr'><strong>spoliationem</strong></span> <span class='ocrx_word' id='word_1_26' title='bbox 1474 671 1667 757; x_wconf 87' lang='lat' dir='ltr'><strong>atque</strong></span> <span class='ocrx_word' id='word_1_27' title='bbox 1716 665 2169 742; x_wconf 75' lang='lat' dir='ltr'><strong>alienationem</strong></span> <span class='ocrx_word' id='word_1_28' title='bbox 2234 679 2429 766; x_wconf 87' lang='lat' dir='ltr'><strong>passi,</strong></span> 
     </span>
     <span class='ocr_line' id='line_1_5' title="bbox 107 776 2429 871; baseline 0.007 -25"><span class='ocrx_word' id='word_1_29' title='bbox 107 777 408 871; x_wconf 86' lang='lat' dir='ltr'><strong>dispersi</strong></span> <span class='ocrx_word' id='word_1_30' title='bbox 481 777 748 848; x_wconf 87' lang='lat' dir='ltr'><strong>tandem</strong></span> <span class='ocrx_word' id='word_1_31' title='bbox 826 776 1088 846; x_wconf 80' lang='lat' dir='ltr'><strong>exulare</strong></span> <span class='ocrx_word' id='word_1_32' title='bbox 1143 779 1565 867; x_wconf 78' lang='lat' dir='ltr'><strong>cogebantur,</strong></span> <span class='ocrx_word' id='word_1_33' title='bbox 1644 779 2067 852; x_wconf 81' lang='lat' dir='ltr'><strong>decreverunt</strong></span> <span class='ocrx_word' id='word_1_34' title='bbox 2120 786 2191 856; x_wconf 90' lang='lat' dir='ltr'><strong>in</strong></span> <span class='ocrx_word' id='word_1_35' title='bbox 2246 789 2429 862; x_wconf 87' lang='lat' dir='ltr'><strong>hunc</strong></span> 
     </span>
     <span class='ocr_line' id='line_1_6' title="bbox 109 889 2433 982; baseline 0.005 -20"><span class='ocrx_word' id='word_1_36' title='bbox 109 895 416 962; x_wconf 84' lang='lat' dir='ltr'><strong>modum</strong></span> <span class='ocrx_word' id='word_1_37' title='bbox 449 915 472 961; x_wconf 69' lang='grc' dir='ltr'><strong><em>ι</em></strong></span> <span class='ocrx_word' id='word_1_38' title='bbox 503 895 638 962; x_wconf 83' lang='lat' dir='ltr'><strong>Pro</strong></span> <span class='ocrx_word' id='word_1_39' title='bbox 661 889 1012 982; x_wconf 79' lang='lat' dir='ltr'><strong>provincia</strong></span> <span class='ocrx_word' id='word_1_40' title='bbox 1033 891 1390 963; x_wconf 61' lang='lat' dir='ltr'><strong>Hiberniae.</strong></span> <span class='ocrx_word' id='word_1_41' title='bbox 1407 946 1454 963; x_wconf 91' lang='lat'><strong>..</strong></span> <span class='ocrx_word' id='word_1_42' title='bbox 1480 895 1549 962; x_wconf 77' lang='lat'><strong>2⁰</strong></span> <span class='ocrx_word' id='word_1_43' title='bbox 1576 897 2003 966; x_wconf 73' lang='lat' dir='ltr'><strong>Dec-emimus</strong></span> <span class='ocrx_word' id='word_1_44' title='bbox 2036 913 2103 968; x_wconf 89' lang='lat' dir='ltr'><strong>et</strong></span> <span class='ocrx_word' id='word_1_45' title='bbox 2126 900 2433 975; x_wconf 83' lang='lat' dir='ltr'><strong>declara-</strong></span> 
     </span>
    </p>
   </div>
   <div class='ocr_carea' id='block_1_3' title="bbox 13 993 2435 1222">
    <p class='ocr_par' dir='ltr' id='par_1_3' title="bbox 13 993 2435 1222">
     <span class='ocr_line' id='line_1_7' title="bbox 111 993 2435 1103; baseline 0.006 -27"><span class='ocrx_word' id='word_1_46' title='bbox 111 1031 320 1092; x_wconf 75' lang='lat' dir='ltr'><strong>mus,</strong></span> <span class='ocrx_word' id='word_1_47' title='bbox 351 1006 529 1098; x_wconf 76' lang='lat' dir='ltr'><strong>quod</strong></span> <span class='ocrx_word' id='word_1_48' title='bbox 543 1005 684 1075; x_wconf 76' lang='lat' dir='ltr'><strong>baec</strong></span> <span class='ocrx_word' id='word_1_49' title='bbox 701 1005 1080 1097; x_wconf 77' lang='lat' dir='ltr'><strong>provincia,</strong></span> <span class='ocrx_word' id='word_1_50' title='bbox 1117 1010 1386 1078; x_wconf 84' lang='lat' dir='ltr'><strong>tametsi</strong></span> <span class='ocrx_word' id='word_1_51' title='bbox 1409 993 1755 1080; x_wconf 50' lang='lat' dir='ltr'><strong>nunc&#39;tota</strong></span> <span class='ocrx_word' id='word_1_52' title='bbox 1776 1013 2018 1103; x_wconf 74' lang='lat' dir='ltr'><strong>exalet,</strong></span> <span class='ocrx_word' id='word_1_53' title='bbox 2042 1016 2127 1085; x_wconf 90' lang='lat' dir='ltr'><strong>ob</strong></span> <span class='ocrx_word' id='word_1_54' title='bbox 2154 1021 2435 1090; x_wconf 73' lang='lat' dir='ltr'><strong>acatho-</strong></span> 
     </span>
     <span class='ocr_line' id='line_1_8' title="bbox 13 1123 2428 1222; baseline 0.005 -30"><span class='ocrx_word' id='word_1_55' title='bbox 13 1210 28 1220; x_wconf 43' lang='grc'>-</span> <span class='ocrx_word' id='word_1_56' title='bbox 113 1124 428 1193; x_wconf 77' lang='lat' dir='ltr'><strong>lic-orum</strong></span> <span class='ocrx_word' id='word_1_57' title='bbox 449 1123 798 1210; x_wconf 63' lang='lat' dir='ltr'><strong>saevitiam,</strong></span> <span class='ocrx_word' id='word_1_58' title='bbox 821 1123 1106 1204; x_wconf 71' lang='lat' dir='ltr'><strong>extorris</strong></span> <span class='ocrx_word' id='word_1_59' title='bbox 1129 1125 1368 1194; x_wconf 83' lang='lat' dir='ltr'><strong>nativo</strong></span> <span class='ocrx_word' id='word_1_60' title='bbox 1385 1127 1556 1213; x_wconf 82' lang='lat' dir='ltr'><strong>solo,</strong></span> <span class='ocrx_word' id='word_1_61' title='bbox 1590 1127 1877 1197; x_wconf 80' lang='lat' dir='ltr'><strong>retineat</strong></span> <span class='ocrx_word' id='word_1_62' title='bbox 1906 1141 2131 1201; x_wconf 78' lang='lat' dir='ltr'><strong>tamen</strong></span> <span class='ocrx_word' id='word_1_63' title='bbox 2162 1156 2428 1222; x_wconf 84' lang='lat' dir='ltr'><strong>nomen,</strong></span> 
     </span>
    </p>
   </div>
   <div class='ocr_carea' id='block_1_4' title="bbox 116 1241 2538 4122">
    <p class='ocr_par' dir='ltr' id='par_1_4' title="bbox 116 1241 2538 2032">
     <span class='ocr_line' id='line_1_9' title="bbox 119 1241 2439 1332; baseline 0.007 -23"><span class='ocrx_word' id='word_1_64' title='bbox 119 1241 402 1325; x_wconf 84' lang='lat' dir='ltr'><strong>locum,</strong></span> <span class='ocrx_word' id='word_1_65' title='bbox 413 1241 554 1332; x_wconf 79' lang='lat' dir='ltr'><strong>jus,</strong></span> <span class='ocrx_word' id='word_1_66' title='bbox 570 1242 987 1331; x_wconf 81' lang='lat' dir='ltr'><strong>formamque</strong></span> <span class='ocrx_word' id='word_1_67' title='bbox 1001 1241 1372 1332; x_wconf 76' lang='lat' dir='ltr'><strong>provincia·</strong></span> <span class='ocrx_word' id='word_1_68' title='bbox 1381 1263 1412 1328; x_wconf 91' lang='lat'><em>;</em></span> <span class='ocrx_word' id='word_1_69' title='bbox 1441 1244 1543 1312; x_wconf 85' lang='lat' dir='ltr'><strong>ita</strong></span> <span class='ocrx_word' id='word_1_70' title='bbox 1566 1256 1644 1312; x_wconf 82' lang='lat' dir='ltr'><strong>ut</strong></span> <span class='ocrx_word' id='word_1_71' title='bbox 1668 1243 1867 1315; x_wconf 81' lang='lat' dir='ltr'><strong>nulla</strong></span> <span class='ocrx_word' id='word_1_72' title='bbox 1894 1248 2158 1319; x_wconf 80' lang='lat' dir='ltr'><strong>ratione</strong></span> <span class='ocrx_word' id='word_1_73' title='bbox 2176 1253 2439 1324; x_wconf 59' lang='lat' dir='ltr'><strong>etz-tin&amp;</strong></span> 
     </span>
     <span class='ocr_line' id='line_1_10' title="bbox 121 1353 2432 1455; baseline 0.006 -31"><span class='ocrx_word' id='word_1_74' title='bbox 121 1355 230 1424; x_wconf 66' lang='lat' dir='ltr'><strong>tis</strong></span> <span class='ocrx_word' id='word_1_75' title='bbox 247 1355 624 1448; x_wconf 82' lang='lat' dir='ltr'><strong>provinciis</strong></span> <span class='ocrx_word' id='word_1_76' title='bbox 641 1353 736 1422; x_wconf 81' lang='lat' dir='ltr'><strong>sit</strong></span> <span class='ocrx_word' id='word_1_77' title='bbox 762 1355 1326 1425; x_wconf 74' lang='lat' dir='ltr'><strong>connumeranda.</strong></span> <span class='ocrx_word' id='word_1_78' title='bbox 1353 1359 1645 1428; x_wconf 78' lang='lat' dir='ltr'><strong>Proinde</strong></span> <span class='ocrx_word' id='word_1_79' title='bbox 1664 1383 1817 1430; x_wconf 83' lang='lat' dir='ltr'><strong>cum</strong></span> <span class='ocrx_word' id='word_1_80' title='bbox 1841 1363 2021 1455; x_wconf 82' lang='lat' dir='ltr'><strong>ipsa,</strong></span> <span class='ocrx_word' id='word_1_81' title='bbox 2050 1365 2139 1434; x_wconf 87' lang='lat' dir='ltr'><strong>ob</strong></span> <span class='ocrx_word' id='word_1_82' title='bbox 2170 1367 2432 1440; x_wconf 78' lang='lat' dir='ltr'><strong>luctuo-</strong></span> 
     </span>
     <span class='ocr_line' id='line_1_11' title="bbox 117 1469 2431 1578; baseline 0.007 -41"><span class='ocrx_word' id='word_1_83' title='bbox 117 1491 291 1539; x_wconf 82' lang='lat' dir='ltr'><strong>sam</strong></span> <span class='ocrx_word' id='word_1_84' title='bbox 315 1471 614 1560; x_wconf 76' lang='lat' dir='ltr'><strong>filiorum</strong></span> <span class='ocrx_word' id='word_1_85' title='bbox 629 1491 906 1539; x_wconf 79' lang='lat' dir='ltr'><strong>suorum</strong></span> <span class='ocrx_word' id='word_1_86' title='bbox 930 1469 1425 1563; x_wconf 74' lang='lat' dir='ltr'><strong>dispersionem,</strong></span> <span class='ocrx_word' id='word_1_87' title='bbox 1450 1476 1521 1543; x_wconf 86' lang='lat' dir='ltr'><strong>in</strong></span> <span class='ocrx_word' id='word_1_88' title='bbox 1544 1476 1923 1568; x_wconf 74' lang='lat' dir='ltr'><strong>leyitimum</strong></span> <span class='ocrx_word' id='word_1_89' title='bbox 1944 1481 2229 1572; x_wconf 73' lang='lat' dir='ltr'><strong>aliquod</strong></span> <span class='ocrx_word' id='word_1_90' title='bbox 2252 1488 2431 1578; x_wconf 81' lang='lat' dir='ltr'><strong>capi-</strong></span> 
     </span>
     <span class='ocr_line' id='line_1_12' title="bbox 123 1585 2424 1688; baseline 0.007 -36"><span class='ocrx_word' id='word_1_91' title='bbox 123 1585 366 1654; x_wconf 83' lang='lat' dir='ltr'><strong>tulum</strong></span> <span class='ocrx_word' id='word_1_92' title='bbox 404 1585 826 1676; x_wconf 80' lang='lat' dir='ltr'><strong>provinciale</strong></span> <span class='ocrx_word' id='word_1_93' title='bbox 871 1586 1128 1656; x_wconf 76' lang='lat' dir='ltr'><strong>nullibi</strong></span> <span class='ocrx_word' id='word_1_94' title='bbox 1165 1589 1324 1678; x_wconf 85' lang='lat' dir='ltr'><strong>jam</strong></span> <span class='ocrx_word' id='word_1_95' title='bbox 1379 1591 1549 1658; x_wconf 80' lang='lat' dir='ltr'><strong>coire</strong></span> <span class='ocrx_word' id='word_1_96' title='bbox 1586 1592 1830 1683; x_wconf 67' lang='lat' dir='ltr'><strong>possit,</strong></span> <span class='ocrx_word' id='word_1_97' title='bbox 1880 1593 1977 1663; x_wconf 85' lang='lat' dir='ltr'><strong>ad</strong></span> <span class='ocrx_word' id='word_1_98' title='bbox 2022 1599 2424 1688; x_wconf 75' lang='lat' dir='ltr'><strong>maqistrum</strong></span> 
     </span>
     <span class='ocr_line' id='line_1_13' title="bbox 131 1699 2538 1804; baseline 0.007 -36"><span class='ocrx_word' id='word_1_99' title='bbox 131 1699 420 1769; x_wconf 81' lang='lat' dir='ltr'><strong>Ordinis</strong></span> <span class='ocrx_word' id='word_1_100' title='bbox 439 1700 828 1792; x_wconf 82' lang='lat' dir='ltr'><strong>pertinebit,</strong></span> <span class='ocrx_word' id='word_1_101' title='bbox 855 1701 1146 1772; x_wconf 81' lang='lat' dir='ltr'><strong>durante</strong></span> <span class='ocrx_word' id='word_1_102' title='bbox 1183 1703 1326 1795; x_wconf 79' lang='lat' dir='ltr'><strong>ejus</strong></span> <span class='ocrx_word' id='word_1_103' title='bbox 1353 1707 1578 1792; x_wconf 70' lang='lat' dir='ltr'><strong>ecc-ilio,</strong></span> <span class='ocrx_word' id='word_1_104' title='bbox 1612 1708 1744 1797; x_wconf 83' lang='lat' dir='ltr'><strong>ipsi</strong></span> <span class='ocrx_word' id='word_1_105' title='bbox 1768 1707 1849 1778; x_wconf 85' lang='lat' dir='ltr'><strong>de</strong></span> <span class='ocrx_word' id='word_1_106' title='bbox 1874 1709 2107 1780; x_wconf 82' lang='lat' dir='ltr'><strong>idoneo</strong></span> <span class='ocrx_word' id='word_1_107' title='bbox 2137 1717 2425 1804; x_wconf 82' lang='lat' dir='ltr'><strong>provin·</strong></span> <span class='ocrx_word' id='word_1_108' title='bbox 2529 1777 2538 1785; x_wconf 90' lang='lat'>.</span> 
     </span>
     <span class='ocr_line' id='line_1_14' title="bbox 124 1815 2427 1918; baseline 0.006 -34"><span class='ocrx_word' id='word_1_109' title='bbox 124 1815 322 1901; x_wconf 84' lang='lat' dir='ltr'><strong>ciali,</strong></span> <span class='ocrx_word' id='word_1_110' title='bbox 343 1815 600 1906; x_wconf 80' lang='lat' dir='ltr'><strong>quoties</strong></span> <span class='ocrx_word' id='word_1_111' title='bbox 623 1837 790 1907; x_wconf 81' lang='lat' dir='ltr'><strong>opus</strong></span> <span class='ocrx_word' id='word_1_112' title='bbox 809 1816 1046 1906; x_wconf 78' lang='lat' dir='ltr'><strong>faerit,</strong></span> <span class='ocrx_word' id='word_1_113' title='bbox 1075 1819 1387 1888; x_wconf 84' lang='lat' dir='ltr'><strong>canonice</strong></span> <span class='ocrx_word' id='word_1_114' title='bbox 1398 1819 1801 1910; x_wconf 83' lang='lat' dir='ltr'><strong>providere;</strong></span> <span class='ocrx_word' id='word_1_115' title='bbox 1826 1821 2029 1892; x_wconf 83' lang='lat' dir='ltr'><strong>donec</strong></span> <span class='ocrx_word' id='word_1_116' title='bbox 2055 1825 2427 1918; x_wconf 82' lang='lat' dir='ltr'><strong>aliquando</strong></span> 
     </span>
     <span class='ocr_line' id='line_1_15' title="bbox 116 1929 2425 2032; baseline 0.004 -32"><span class='ocrx_word' id='word_1_117' title='bbox 116 1931 492 2024; x_wconf 80' lang='lat' dir='ltr'><strong>provincia</strong></span> <span class='ocrx_word' id='word_1_118' title='bbox 535 1929 761 2000; x_wconf 81' lang='lat' dir='ltr'><strong>redeat</strong></span> <span class='ocrx_word' id='word_1_119' title='bbox 794 1933 866 2000; x_wconf 82' lang='lat' dir='ltr'><strong>in</strong></span> <span class='ocrx_word' id='word_1_120' title='bbox 896 1955 1046 2002; x_wconf 80' lang='lat' dir='ltr'><strong>eum</strong></span> <span class='ocrx_word' id='word_1_121' title='bbox 1081 1945 1366 2023; x_wconf 82' lang='lat' dir='ltr'><strong>statum,</strong></span> <span class='ocrx_word' id='word_1_122' title='bbox 1402 1957 1533 2026; x_wconf 83' lang='lat' dir='ltr'><strong>quo</strong></span> <span class='ocrx_word' id='word_1_123' title='bbox 1562 1935 1806 2004; x_wconf 82' lang='lat' dir='ltr'><strong>iterum</strong></span> <span class='ocrx_word' id='word_1_124' title='bbox 1828 1938 2047 2028; x_wconf 82' lang='lat' dir='ltr'><strong>possit</strong></span> <span class='ocrx_word' id='word_1_125' title='bbox 2080 1939 2267 2008; x_wconf 80' lang='lat' dir='ltr'><strong>intra</strong></span> <span class='ocrx_word' id='word_1_126' title='bbox 2296 1964 2425 2032; x_wconf 86' lang='lat' dir='ltr'><strong>pa·</strong></span> 
     </span>
    </p>

    <p class='ocr_par' dir='ltr' id='par_1_5' title="bbox 126 2047 2450 2376">
     <span class='ocr_line' id='line_1_16' title="bbox 126 2047 2429 2140; baseline 0.004 -24"><span class='ocrx_word' id='word_1_127' title='bbox 126 2047 354 2116; x_wconf 85' lang='lat' dir='ltr'><strong>triam</strong></span> <span class='ocrx_word' id='word_1_128' title='bbox 397 2069 587 2115; x_wconf 82' lang='lat' dir='ltr'><strong>suam</strong></span> <span class='ocrx_word' id='word_1_129' title='bbox 630 2047 1013 2139; x_wconf 81' lang='lat' dir='ltr'><strong>capitulum</strong></span> <span class='ocrx_word' id='word_1_130' title='bbox 1058 2048 1485 2140; x_wconf 80' lang='lat' dir='ltr'><strong>provinciale</strong></span> <span class='ocrx_word' id='word_1_131' title='bbox 1524 2072 1607 2118; x_wconf 78' lang='lat' dir='ltr'><strong>eoe</strong></span> <span class='ocrx_word' id='word_1_132' title='bbox 1634 2073 1761 2122; x_wconf 79' lang='lat' dir='ltr'><strong>usu</strong></span> <span class='ocrx_word' id='word_1_133' title='bbox 1802 2052 2073 2124; x_wconf 75' lang='lat' dir='ltr'><strong>Ordinis</strong></span> <span class='ocrx_word' id='word_1_134' title='bbox 2101 2055 2429 2126; x_wconf 81' lang='lat' dir='ltr'><strong>celebrare</strong></span> 
     </span>
     <span class='ocr_line' id='line_1_17' title="bbox 129 2151 2450 2260; baseline 0.004 -30"><span class='ocrx_word' id='word_1_135' title='bbox 129 2151 498 2253; x_wconf 80' lang='lat' dir='ltr'><strong>(Hibernia</strong></span> <span class='ocrx_word' id='word_1_136' title='bbox 531 2161 958 2232; x_wconf 82' lang='lat' dir='ltr'><strong>dominicana</strong></span> <span class='ocrx_word' id='word_1_137' title='bbox 989 2163 1105 2256; x_wconf 88' lang='lat'><strong>(1),</strong></span> <span class='ocrx_word' id='word_1_138' title='bbox 1135 2170 1392 2232; x_wconf 85' lang='lat' dir='ltr'><strong>auctore</strong></span> <span class='ocrx_word' id='word_1_139' title='bbox 1416 2163 1669 2234; x_wconf 80' lang='lat' dir='ltr'><strong>Thoma</strong></span> <span class='ocrx_word' id='word_1_140' title='bbox 1696 2166 1777 2234; x_wconf 90' lang='lat' dir='ltr'><strong>de</strong></span> <span class='ocrx_word' id='word_1_141' title='bbox 1803 2165 2047 2256; x_wconf 89' lang='lat' dir='ltr'><strong>Burgo,</strong></span> <span class='ocrx_word' id='word_1_142' title='bbox 2076 2190 2226 2260; x_wconf 83' lang='lat' dir='ltr'><strong>pag.</strong></span> <span class='ocrx_word' id='word_1_143' title='bbox 2255 2170 2383 2239; x_wconf 71' lang='lat'><strong>119</strong></span> <span class='ocrx_word' id='word_1_144' title='bbox 2400 2195 2450 2256; x_wconf 77' lang='lat'><strong>3·</strong></span> 
     </span>
     <span class='ocr_line' id='line_1_18' title="bbox 129 2277 2423 2376; baseline 0.005 -30"><span class='ocrx_word' id='word_1_145' title='bbox 129 2277 252 2347; x_wconf 88' lang='lat' dir='ltr'><strong>ubi</strong></span> <span class='ocrx_word' id='word_1_146' title='bbox 281 2277 434 2347; x_wconf 81' lang='lat' dir='ltr'><strong>vide</strong></span> <span class='ocrx_word' id='word_1_147' title='bbox 465 2278 660 2346; x_wconf 81' lang='lat' dir='ltr'><strong>etiam</strong></span> <span class='ocrx_word' id='word_1_148' title='bbox 687 2278 994 2368; x_wconf 78' lang='lat' dir='ltr'><strong>paginam</strong></span> <span class='ocrx_word' id='word_1_149' title='bbox 1039 2279 1178 2368; x_wconf 82' lang='lat'>93).</span> <span class='ocrx_word' id='word_1_150' title='bbox 1213 2279 1350 2350; x_wconf 87' lang='lat' dir='ltr'><strong>Nisi</strong></span> <span class='ocrx_word' id='word_1_151' title='bbox 1383 2303 1539 2372; x_wconf 89' lang='lat' dir='ltr'><strong>ergo</strong></span> <span class='ocrx_word' id='word_1_152' title='bbox 1578 2283 1835 2352; x_wconf 87' lang='lat' dir='ltr'><strong>dicatur</strong></span> <span class='ocrx_word' id='word_1_153' title='bbox 1862 2285 2225 2376; x_wconf 86' lang='lat' dir='ltr'><strong>capitulum</strong></span> <span class='ocrx_word' id='word_1_154' title='bbox 2258 2287 2423 2358; x_wconf 88' lang='lat' dir='ltr'><strong>illud</strong></span> 
     </span>
    </p>

    <p class='ocr_par' dir='ltr' id='par_1_6' title="bbox 129 2392 2424 2486">
     <span class='ocr_line' id='line_1_19' title="bbox 129 2392 2424 2486; baseline 0.006 -26"><span class='ocrx_word' id='word_1_155' title='bbox 129 2392 434 2482; x_wconf 84' lang='lat' dir='ltr'><strong>generale</strong></span> <span class='ocrx_word' id='word_1_156' title='bbox 452 2413 718 2484; x_wconf 86' lang='lat' dir='ltr'><strong>prorsus</strong></span> <span class='ocrx_word' id='word_1_157' title='bbox 739 2393 1215 2463; x_wconf 75' lang='lat' dir='ltr'><strong>hallucinatum</strong></span> <span class='ocrx_word' id='word_1_158' title='bbox 1236 2395 1457 2476; x_wconf 78' lang='lat' dir='ltr'><strong>fuisse,</strong></span> <span class='ocrx_word' id='word_1_159' title='bbox 1474 2396 1807 2466; x_wconf 79' lang='lat' dir='ltr'><strong>fatendum</strong></span> <span class='ocrx_word' id='word_1_160' title='bbox 1828 2403 1949 2486; x_wconf 82' lang='lat' dir='ltr'><strong>est,</strong></span> <span class='ocrx_word' id='word_1_161' title='bbox 1968 2398 2424 2473; x_wconf 88' lang='lat' dir='ltr'><strong>Dominicanis</strong></span> 
     </span>
    </p>

    <p class='ocr_par' dir='ltr' id='par_1_7' title="bbox 129 2505 2421 2608">
     <span class='ocr_line' id='line_1_20' title="bbox 129 2505 2421 2608; baseline 0.005 -33"><span class='ocrx_word' id='word_1_162' title='bbox 129 2505 468 2576; x_wconf 65' lang='lat' dir='ltr'><strong>Hiberniae</strong></span> <span class='ocrx_word' id='word_1_163' title='bbox 495 2507 696 2576; x_wconf 79' lang='lat' dir='ltr'><strong>illaesa</strong></span> <span class='ocrx_word' id='word_1_164' title='bbox 721 2509 1146 2598; x_wconf 81' lang='lat' dir='ltr'><strong>permansisse</strong></span> <span class='ocrx_word' id='word_1_165' title='bbox 1168 2512 1321 2600; x_wconf 84' lang='lat' dir='ltr'><strong>jura</strong></span> <span class='ocrx_word' id='word_1_166' title='bbox 1344 2533 1485 2599; x_wconf 87' lang='lat' dir='ltr'><strong>sua,</strong></span> <span class='ocrx_word' id='word_1_167' title='bbox 1524 2533 1659 2581; x_wconf 89' lang='lat' dir='ltr'><strong>non</strong></span> <span class='ocrx_word' id='word_1_168' title='bbox 1682 2514 1973 2596; x_wconf 78' lang='lat' dir='ltr'><strong>obstante</strong></span> <span class='ocrx_word' id='word_1_169' title='bbox 1998 2515 2421 2608; x_wconf 83' lang='lat' dir='ltr'><strong>dispersione,</strong></span> 
     </span>
    </p>

    <p class='ocr_par' dir='ltr' id='par_1_8' title="bbox 127 2622 2425 2723">
     <span class='ocr_line' id='line_1_21' title="bbox 127 2622 2425 2723; baseline 0.004 -30"><span class='ocrx_word' id='word_1_170' title='bbox 127 2629 196 2693; x_wconf 86' lang='lat' dir='ltr'><strong>et</strong></span> <span class='ocrx_word' id='word_1_171' title='bbox 239 2625 318 2693; x_wconf 87' lang='lat' dir='ltr'><strong>in</strong></span> <span class='ocrx_word' id='word_1_172' title='bbox 345 2622 718 2714; x_wconf 68' lang='lat' dir='ltr'><strong>particulari</strong></span> <span class='ocrx_word' id='word_1_173' title='bbox 762 2625 1185 2713; x_wconf 85' lang='lat' dir='ltr'><strong>permansisse</strong></span> <span class='ocrx_word' id='word_1_174' title='bbox 1199 2625 1322 2714; x_wconf 82' lang='lat' dir='ltr'><strong>jus</strong></span> <span class='ocrx_word' id='word_1_175' title='bbox 1342 2627 1735 2716; x_wconf 65' lang='lat' dir='ltr'><strong>provinciae.</strong></span> <span class='ocrx_word' id='word_1_176' title='bbox 1773 2627 1809 2693; x_wconf 85' lang='lat' dir='ltr'>J</span> <span class='ocrx_word' id='word_1_177' title='bbox 1814 2649 1887 2697; x_wconf 84' lang='lat' dir='ltr'><strong>us</strong></span> <span class='ocrx_word' id='word_1_178' title='bbox 1910 2636 2129 2698; x_wconf 86' lang='lat' dir='ltr'><strong>autem</strong></span> <span class='ocrx_word' id='word_1_179' title='bbox 2156 2634 2425 2723; x_wconf 85' lang='lat' dir='ltr'><strong>provin-</strong></span> 
     </span>
    </p>

    <p class='ocr_par' dir='ltr' id='par_1_9' title="bbox 127 2739 2425 2833">
     <span class='ocr_line' id='line_1_22' title="bbox 127 2739 2425 2833; baseline 0.003 -27"><span class='ocrx_word' id='word_1_180' title='bbox 127 2739 282 2824; x_wconf 79' lang='lat' dir='ltr'><strong>ciae,</strong></span> <span class='ocrx_word' id='word_1_181' title='bbox 339 2739 617 2807; x_wconf 62' lang='lat' dir='ltr'><strong>continet</strong></span> <span class='ocrx_word' id='word_1_182' title='bbox 663 2743 1030 2829; x_wconf 83' lang='lat' dir='ltr'><strong>potestatem</strong></span> <span class='ocrx_word' id='word_1_183' title='bbox 1066 2740 1344 2808; x_wconf 71' lang='lat' dir='ltr'><strong>novitios</strong></span> <span class='ocrx_word' id='word_1_184' title='bbox 1373 2739 1501 2806; x_wconf 88' lang='lat' dir='ltr'><strong>reci</strong></span> <span class='ocrx_word' id='word_1_185' title='bbox 1511 2741 1755 2828; x_wconf 88' lang='lat' dir='ltr'><strong>piendi,</strong></span> <span class='ocrx_word' id='word_1_186' title='bbox 1786 2762 2023 2830; x_wconf 86' lang='lat' dir='ltr'><strong>eosque</strong></span> <span class='ocrx_word' id='word_1_187' title='bbox 2058 2745 2139 2811; x_wconf 83' lang='lat' dir='ltr'><strong>ad</strong></span> <span class='ocrx_word' id='word_1_188' title='bbox 2182 2748 2425 2833; x_wconf 76' lang='lat' dir='ltr'><strong>profes-</strong></span> 
     </span>
    </p>

    <p class='ocr_par' dir='ltr' id='par_1_10' title="bbox 130 2850 2056 2944">
     <span class='ocr_line' id='line_1_23' title="bbox 130 2850 2056 2944; baseline 0.001 -24"><span class='ocrx_word' id='word_1_189' title='bbox 130 2851 394 2921; x_wconf 89' lang='lat' dir='ltr'><strong>sionem</strong></span> <span class='ocrx_word' id='word_1_190' title='bbox 433 2850 834 2939; x_wconf 78' lang='lat' dir='ltr'><strong>admittendi,</strong></span> <span class='ocrx_word' id='word_1_191' title='bbox 867 2875 943 2922; x_wconf 88' lang='lat' dir='ltr'><strong>ac</strong></span> <span class='ocrx_word' id='word_1_192' title='bbox 969 2853 1240 2944; x_wconf 87' lang='lat' dir='ltr'><strong>proinde</strong></span> <span class='ocrx_word' id='word_1_193' title='bbox 1266 2853 1569 2922; x_wconf 88' lang='lat' dir='ltr'><strong>ordinem</strong></span> <span class='ocrx_word' id='word_1_194' title='bbox 1602 2854 2056 2943; x_wconf 85' lang='lat' dir='ltr'><strong>perpetuandi.</strong></span> 
     </span>
    </p>

    <p class='ocr_par' dir='ltr' id='par_1_11' title="bbox 125 2965 2531 4122">
     <span class='ocr_line' id='line_1_24' title="bbox 226 2965 2531 3060; baseline 0.002 -24"><span class='ocrx_word' id='word_1_195' title='bbox 226 2967 568 3038; x_wconf 69' lang='lat' dir='ltr'><strong>Paonarun</strong></span> <span class='ocrx_word' id='word_1_196' title='bbox 595 2966 663 3036; x_wconf 79' lang='lat'><strong>3⁰</strong></span> <span class='ocrx_word' id='word_1_197' title='bbox 684 2990 768 3036; x_wconf 74' lang='lat' dir='ltr'><strong>ea·</strong></span> <span class='ocrx_word' id='word_1_198' title='bbox 791 2967 1070 3038; x_wconf 84' lang='lat' dir='ltr'><strong>decretis</strong></span> <span class='ocrx_word' id='word_1_199' title='bbox 1105 2967 1276 3037; x_wconf 81' lang='lat' dir='ltr'><strong>sedis</strong></span> <span class='ocrx_word' id='word_1_200' title='bbox 1298 2971 1351 3037; x_wconf 88' lang='lat' dir='ltr'><strong><em>A</em></strong></span> <span class='ocrx_word' id='word_1_201' title='bbox 1350 2966 1703 3060; x_wconf 82' lang='lat' dir='ltr'><strong>postolicoe</strong></span> <span class='ocrx_word' id='word_1_202' title='bbox 1730 2965 1955 3058; x_wconf 86' lang='lat' dir='ltr'><strong>quoad</strong></span> <span class='ocrx_word' id='word_1_203' title='bbox 1970 2989 2295 3060; x_wconf 74' lang='lat' dir='ltr'><strong>conqreqa</strong></span> <span class='ocrx_word' id='word_1_204' title='bbox 2304 2972 2426 3040; x_wconf 84' lang='lat' dir='ltr'><strong>tio-</strong></span> <span class='ocrx_word' id='word_1_205' title='bbox 2522 3045 2531 3052; x_wconf 64' lang='grc'><strong><em>,</em></strong></span> 
     </span>
     <span class='ocr_line' id='line_1_25' title="bbox 133 3081 2426 3176; baseline -0.001 -22"><span class='ocrx_word' id='word_1_206' title='bbox 133 3106 291 3154; x_wconf 85' lang='lat' dir='ltr'><strong>nem</strong></span> <span class='ocrx_word' id='word_1_207' title='bbox 340 3083 1124 3176; x_wconf 77' lang='lat' dir='ltr'><strong>Anqlo-Benedictinam.</strong></span> <span class='ocrx_word' id='word_1_208' title='bbox 1179 3121 1265 3136; x_wconf 88' lang='lat'><em>-</em></span> <span class='ocrx_word' id='word_1_209' title='bbox 1308 3081 1977 3174; x_wconf 84' lang='lat' dir='ltr'><strong>Anglo·Benedictina</strong></span> <span class='ocrx_word' id='word_1_210' title='bbox 2024 3087 2238 3152; x_wconf 84' lang='lat' dir='ltr'><strong>vocari</strong></span> <span class='ocrx_word' id='word_1_211' title='bbox 2268 3085 2426 3154; x_wconf 85' lang='lat' dir='ltr'><strong>solet</strong></span> 
     </span>
     <span class='ocr_line' id='line_1_26' title="bbox 131 3198 2423 3291; baseline 0 -23"><span class='ocrx_word' id='word_1_212' title='bbox 131 3199 385 3268; x_wconf 86' lang='lat' dir='ltr'><strong>ordinis</strong></span> <span class='ocrx_word' id='word_1_213' title='bbox 453 3201 660 3271; x_wconf 86' lang='lat' dir='ltr'><strong>sancti</strong></span> <span class='ocrx_word' id='word_1_214' title='bbox 713 3199 1044 3273; x_wconf 84' lang='lat' dir='ltr'><strong>Benedicti</strong></span> <span class='ocrx_word' id='word_1_215' title='bbox 1098 3198 1536 3291; x_wconf 86' lang='lat' dir='ltr'><strong>congregatio,</strong></span> <span class='ocrx_word' id='word_1_216' title='bbox 1593 3201 1663 3268; x_wconf 90' lang='lat' dir='ltr'><strong>in</strong></span> <span class='ocrx_word' id='word_1_217' title='bbox 1713 3198 1955 3289; x_wconf 85' lang='lat' dir='ltr'><strong>Anglia</strong></span> <span class='ocrx_word' id='word_1_218' title='bbox 2010 3198 2093 3266; x_wconf 88' lang='lat' dir='ltr'><strong>ab</strong></span> <span class='ocrx_word' id='word_1_219' title='bbox 2158 3199 2423 3289; x_wconf 87' lang='lat' dir='ltr'><strong>antiquo</strong></span> 
     </span>
     <span class='ocr_line' id='line_1_27' title="bbox 125 3314 2423 3407; baseline -0 -22"><span class='ocrx_word' id='word_1_220' title='bbox 125 3317 442 3406; x_wconf 81' lang='lat' dir='ltr'><strong>existens,</strong></span> <span class='ocrx_word' id='word_1_221' title='bbox 489 3339 530 3384; x_wconf 87' lang='lat' dir='ltr'><strong>a</strong></span> <span class='ocrx_word' id='word_1_222' title='bbox 580 3317 824 3386; x_wconf 64' lang='lat' dir='ltr'><strong>caeteris</strong></span> <span class='ocrx_word' id='word_1_223' title='bbox 879 3316 1172 3407; x_wconf 86' lang='lat' dir='ltr'><strong>ejusdem</strong></span> <span class='ocrx_word' id='word_1_224' title='bbox 1235 3315 1503 3386; x_wconf 87' lang='lat' dir='ltr'><strong>Ordinis</strong></span> <span class='ocrx_word' id='word_1_225' title='bbox 1572 3314 2180 3406; x_wconf 79' lang='lat' dir='ltr'><strong>congregationibus</strong></span> <span class='ocrx_word' id='word_1_226' title='bbox 2244 3316 2423 3406; x_wconf 89' lang='lat' dir='ltr'><strong>regi-</strong></span> 
     </span>
     <span class='ocr_line' id='line_1_28' title="bbox 135 3431 2427 3522; baseline 0.001 -22"><span class='ocrx_word' id='word_1_227' title='bbox 135 3433 330 3501; x_wconf 88' lang='lat' dir='ltr'><strong>mine</strong></span> <span class='ocrx_word' id='word_1_228' title='bbox 355 3451 427 3501; x_wconf 82' lang='lat' dir='ltr'><strong>ac</strong></span> <span class='ocrx_word' id='word_1_229' title='bbox 459 3431 724 3521; x_wconf 87' lang='lat' dir='ltr'><strong>juribus</strong></span> <span class='ocrx_word' id='word_1_230' title='bbox 751 3431 1077 3518; x_wconf 81' lang='lat' dir='ltr'><strong>distincta,</strong></span> <span class='ocrx_word' id='word_1_231' title='bbox 1126 3432 1669 3502; x_wconf 85' lang='lat' dir='ltr'><strong>monasteriorum</strong></span> <span class='ocrx_word' id='word_1_232' title='bbox 1712 3451 1990 3501; x_wconf 86' lang='lat' dir='ltr'><strong>numero</strong></span> <span class='ocrx_word' id='word_1_233' title='bbox 2018 3432 2427 3522; x_wconf 85' lang='lat' dir='ltr'><strong>ingentibus·</strong></span> 
     </span>
     <span class='ocr_line' id='line_1_29' title="bbox 131 3533 2426 3640; baseline -0.002 -23"><span class='ocrx_word' id='word_1_234' title='bbox 131 3569 268 3638; x_wconf 87' lang='lat' dir='ltr'><strong>que</strong></span> <span class='ocrx_word' id='word_1_235' title='bbox 293 3547 654 3640; x_wconf 81' lang='lat' dir='ltr'><strong>privilegiis</strong></span> <span class='ocrx_word' id='word_1_236' title='bbox 681 3547 838 3618; x_wconf 86' lang='lat' dir='ltr'><strong>olim</strong></span> <span class='ocrx_word' id='word_1_237' title='bbox 870 3546 942 3617; x_wconf 90' lang='lat' dir='ltr'><strong>in</strong></span> <span class='ocrx_word' id='word_1_238' title='bbox 973 3549 1096 3618; x_wconf 89' lang='lat' dir='ltr'><strong>hac</strong></span> <span class='ocrx_word' id='word_1_239' title='bbox 1139 3549 1404 3639; x_wconf 81' lang='lat' dir='ltr'><strong>regione</strong></span> <span class='ocrx_word' id='word_1_240' title='bbox 1440 3547 1917 3617; x_wconf 81' lang='lat' dir='ltr'><strong>florentissima.</strong></span> <span class='ocrx_word' id='word_1_241' title='bbox 1964 3544 2115 3615; x_wconf 87' lang='lat' dir='ltr'><strong>Post</strong></span> <span class='ocrx_word' id='word_1_242' title='bbox 2153 3533 2426 3615; x_wconf 77' lang='lat' dir='ltr'><strong>Henrici</strong></span> 
     </span>
     <span class='ocr_line' id='line_1_30' title="bbox 134 3659 2429 3766; baseline -0.002 -36"><span class='ocrx_word' id='word_1_243' title='bbox 134 3660 292 3732; x_wconf 85' lang='lat' dir='ltr'><strong>VIII</strong></span> <span class='ocrx_word' id='word_1_244' title='bbox 363 3663 681 3748; x_wconf 80' lang='lat' dir='ltr'><strong>schisma,</strong></span> <span class='ocrx_word' id='word_1_245' title='bbox 755 3663 966 3733; x_wconf 77' lang='lat' dir='ltr'><strong>fuerat</strong></span> <span class='ocrx_word' id='word_1_246' title='bbox 1035 3664 1448 3754; x_wconf 85' lang='lat' dir='ltr'><strong>congregatio</strong></span> <span class='ocrx_word' id='word_1_247' title='bbox 1499 3663 1639 3732; x_wconf 77' lang='lat' dir='ltr'><strong>baec</strong></span> <span class='ocrx_word' id='word_1_248' title='bbox 1710 3667 1803 3732; x_wconf 86' lang='lat' dir='ltr'><strong>tot</strong></span> <span class='ocrx_word' id='word_1_249' title='bbox 1873 3659 2429 3766; x_wconf 81' lang='lat' dir='ltr'><strong>persecutionibus</strong></span> 
     </span>
     <span class='ocr_line' id='line_1_31' title="bbox 133 3778 2429 3870; baseline 0 -22"><span class='ocrx_word' id='word_1_250' title='bbox 133 3778 482 3868; x_wconf 82' lang='lat' dir='ltr'><strong>exagitata,</strong></span> <span class='ocrx_word' id='word_1_251' title='bbox 517 3785 591 3848; x_wconf 84' lang='lat' dir='ltr'><strong>ut</strong></span> <span class='ocrx_word' id='word_1_252' title='bbox 631 3779 802 3849; x_wconf 86' lang='lat' dir='ltr'><strong>circa</strong></span> <span class='ocrx_word' id='word_1_253' title='bbox 839 3801 1091 3849; x_wconf 87' lang='lat' dir='ltr'><strong>annum</strong></span> <span class='ocrx_word' id='word_1_254' title='bbox 1141 3779 1338 3863; x_wconf 81' lang='lat'><strong>1607,</strong></span> <span class='ocrx_word' id='word_1_255' title='bbox 1386 3780 1629 3850; x_wconf 88' lang='lat' dir='ltr'><strong>unicus</strong></span> <span class='ocrx_word' id='word_1_256' title='bbox 1674 3799 1753 3848; x_wconf 76' lang='lat' dir='ltr'><strong>ex</strong></span> <span class='ocrx_word' id='word_1_257' title='bbox 1794 3799 1871 3848; x_wconf 91' lang='lat' dir='ltr'><strong>ea</strong></span> <span class='ocrx_word' id='word_1_258' title='bbox 1925 3782 2245 3870; x_wconf 87' lang='lat' dir='ltr'><strong>superstes</strong></span> <span class='ocrx_word' id='word_1_259' title='bbox 2273 3797 2429 3868; x_wconf 88' lang='lat' dir='ltr'><strong>pro-</strong></span> 
     </span>
     <span class='ocr_line' id='line_1_32' title="bbox 135 3898 2427 3992; baseline 0.001 -26"><span class='ocrx_word' id='word_1_260' title='bbox 135 3898 355 3968; x_wconf 76' lang='lat' dir='ltr'><strong>fessus</strong></span> <span class='ocrx_word' id='word_1_261' title='bbox 401 3901 716 3988; x_wconf 82' lang='lat' dir='ltr'><strong>existeret,</strong></span> <span class='ocrx_word' id='word_1_262' title='bbox 769 3898 1144 3990; x_wconf 84' lang='lat' dir='ltr'><strong>Sigebertus</strong></span> <span class='ocrx_word' id='word_1_263' title='bbox 1186 3902 1484 3990; x_wconf 85' lang='lat' dir='ltr'><strong>nomine,</strong></span> <span class='ocrx_word' id='word_1_264' title='bbox 1528 3902 1647 3992; x_wconf 87' lang='lat' dir='ltr'><strong>qui</strong></span> <span class='ocrx_word' id='word_1_265' title='bbox 1684 3901 1757 3970; x_wconf 88' lang='lat' dir='ltr'><strong>in</strong></span> <span class='ocrx_word' id='word_1_266' title='bbox 1798 3900 2187 3972; x_wconf 82' lang='lat' dir='ltr'><strong>monasterio</strong></span> <span class='ocrx_word' id='word_1_267' title='bbox 2215 3898 2427 3972; x_wconf 82' lang='lat' dir='ltr'><strong>Sancti</strong></span> 
     </span>
     <span class='ocr_line' id='line_1_33' title="bbox 138 4013 2427 4122; baseline 0.003 -40"><span class='ocrx_word' id='word_1_268' title='bbox 138 4013 318 4122; x_wconf 77' lang='lat' dir='ltr'><strong>Petri</strong></span> <span class='ocrx_word' id='word_1_269' title='bbox 386 4013 1120 4108; x_wconf 81' lang='lat' dir='ltr'><strong>westmonasteriensis,</strong></span> <span class='ocrx_word' id='word_1_270' title='bbox 1208 4041 1408 4112; x_wconf 87' lang='lat' dir='ltr'><strong>prope</strong></span> <span class='ocrx_word' id='word_1_271' title='bbox 1470 4018 1878 4110; x_wconf 78' lang='lat' dir='ltr'><strong>Londinum,</strong></span> <span class='ocrx_word' id='word_1_272' title='bbox 1964 4019 2427 4110; x_wconf 78' lang='lat' dir='ltr'><strong>professionem</strong></span> 
     </span>
    </p>
   </div>
   <div class='ocr_carea' id='block_1_5' title="bbox 139 4291 2428 4476">
    <p class='ocr_par' dir='ltr' id='par_1_12' title="bbox 139 4291 2428 4476">
     <span class='ocr_line' id='line_1_34' title="bbox 199 4291 2428 4364; baseline 0.004 -22"><span class='ocrx_word' id='word_1_273' title='bbox 199 4292 270 4354; x_wconf 82' lang='grc'><strong>(1)</strong></span> <span class='ocrx_word' id='word_1_274' title='bbox 305 4291 474 4356; x_wconf 71' lang='lat' dir='ltr'><strong>nujus</strong></span> <span class='ocrx_word' id='word_1_275' title='bbox 509 4295 696 4360; x_wconf 74' lang='lat' dir='ltr'><strong>operis,</strong></span> <span class='ocrx_word' id='word_1_276' title='bbox 733 4295 856 4348; x_wconf 76' lang='lat' dir='ltr'><strong>editt</strong></span> <span class='ocrx_word' id='word_1_277' title='bbox 876 4297 1150 4350; x_wconf 79' lang='lat' dir='ltr'><strong>Kukenntoe</strong></span> <span class='ocrx_word' id='word_1_278' title='bbox 1185 4301 1324 4361; x_wconf 76' lang='lat'><strong>1762,</strong></span> <span class='ocrx_word' id='word_1_279' title='bbox 1347 4309 1601 4364; x_wconf 79' lang='lat' dir='ltr'><strong>perpauca</strong></span> <span class='ocrx_word' id='word_1_280' title='bbox 1626 4298 1831 4350; x_wconf 73' lang='lat' dir='ltr'><strong>exstant</strong></span> <span class='ocrx_word' id='word_1_281' title='bbox 1850 4297 2177 4363; x_wconf 81' lang='lat' dir='ltr'><strong>exemplaria.</strong></span> <span class='ocrx_word' id='word_1_282' title='bbox 2205 4299 2428 4352; x_wconf 70' lang='lat' dir='ltr'><strong>nabetur</strong></span> 
     </span>
     <span class='ocr_line' id='line_1_35' title="bbox 139 4380 2417 4476; baseline 0.004 -45"><span class='ocrx_word' id='word_1_283' title='bbox 139 4393 306 4432; x_wconf 81' lang='lat' dir='ltr'><strong>unum</strong></span> <span class='ocrx_word' id='word_1_284' title='bbox 339 4380 398 4434; x_wconf 80' lang='lat' dir='ltr'><strong>in</strong></span> <span class='ocrx_word' id='word_1_285' title='bbox 420 4381 725 4437; x_wconf 76' lang='lat' dir='ltr'><strong>bibliotheca</strong></span> <span class='ocrx_word' id='word_1_286' title='bbox 757 4389 1014 4440; x_wconf 78' lang='lat' dir='ltr'><strong>seminarit</strong></span> <span class='ocrx_word' id='word_1_287' title='bbox 1053 4387 1238 4441; x_wconf 78' lang='lat' dir='ltr'><strong>Sancti</strong></span> <span class='ocrx_word' id='word_1_288' title='bbox 1256 4389 1501 4454; x_wconf 73' lang='lat' dir='ltr'><strong>spiritus.</strong></span> <span class='ocrx_word' id='word_1_289' title='bbox 1538 4387 1758 4450; x_wconf 72' lang='lat' dir='ltr'><strong>pariatis,</strong></span> <span class='ocrx_word' id='word_1_290' title='bbox 1790 4397 1883 4439; x_wconf 80' lang='lat' dir='ltr'><strong>rue</strong></span> <span class='ocrx_word' id='word_1_291' title='bbox 1912 4385 2005 4440; x_wconf 73' lang='lat' dir='ltr'><strong>des</strong></span> <span class='ocrx_word' id='word_1_292' title='bbox 2024 4387 2217 4454; x_wconf 71' lang='lat' dir='ltr'><strong>Postea,</strong></span> <span class='ocrx_word' id='word_1_293' title='bbox 2244 4401 2297 4476; x_wconf 79' lang='lat' dir='ltr'><strong>n.</strong></span> <span class='ocrx_word' id='word_1_294' title='bbox 2333 4391 2417 4440; x_wconf 83' lang='lat'><strong>30.</strong></span> 
     </span>
    </p>
   </div>
  </div>
 </body>
</html>
