2834 4959
1064 335 1215 384 PARS
1258 335 1554 383 SECUNDA.
2321 331 2440 388 233

231 458 523 540 dirimens3
570 463 637 527 at
684 457 955 526 minime
990 455 1061 524 id
1106 457 1388 526 decrevit
1437 457 1652 547 quoad
1688 457 1810 526 alia
1863 463 2032 526 vota.
2081 455 2278 546 Ergo,
2319 461 2442 528 nisi

224 575 588 664 exprimatur,
646 579 795 642 vota
849 573 921 641 in
967 573 1187 664 aliquo
1236 573 1543 662 religioso
1597 574 1892 642 instituto
1943 573 2290 642 emittenda
2349 597 2444 643 so·

222 689 421 758 lemnia
456 689 611 776 sore,
672 707 807 756 non
850 691 1041 756 erunt
1094 709 1213 778 per
1254 688 1462 778 se‘(1)
1515 689 2058 778 impedimentum
2105 689 2440 771 dirimens,

222 820 321 870 nec
346 800 591 889 proinde
614 798 955 868 solemnia.

298 912 633 984 Pnorosmo
660 913 765 982 11².
788 951 877 966 --
922 913 1201 997 Quando
1236 916 1538 1005 formula
1571 916 1732 984 novi
1769 915 2092 1000 instituti,
2143 917 2214 984 in
2247 938 2448 1006 quam

232 1027 381 1096 cadit
421 1029 827 1122 approbatiO,
861 1029 1266 1120 sufficienter
1320 1031 1643 1122 exprimit
1697 1043 1856 1099 vota
1906 1033 2052 1120 sore
2099 1031 2444 1122 solemnia,

234 1143 435 1234 sufficit
457 1147 593 1215 sola
613 1167 749 1214 voa:
772 1165 1195 1229 arenosum,
1236 1157 1314 1212 ut
1340 1145 1734 1213 institutum
1761 1145 1940 1214 illud
1961 1147 2034 1213 in
2059 1145 2450 1237 reliqionem

237 1259 423 1327 stricte
438 1272 771 1352 sumptam
796 1261 1117 1352 eriqatur.
1140 1258 1540 1329 —Dicimus
1563 1262 1634 1328 in
1653 1261 1776 1329 hoc
1793 1281 1947 1330 casu
1971 1261 2266 1329 sufficere
2290 1261 2452 1328 sim·

234 1372 431 1462 plioem
457 1375 851 1468 approbandi
888 1381 1135 1460 actum,
1164 1377 1359 1447 etiam
1392 1399 1506 1466 per
1529 1375 1734 1447 solam
1757 1397 1980 1445 vocem
2005 1377 2452 1469 approbamus

231 1509 591 1579 expressum3
631 1513 707 1562 ac
758 1492 1031 1584 proinde
1084 1515 1246 1583 opus
1290 1513 1422 1560 non
1473 1513 1608 1562 esse
1643 1497 1830 1573 tunc,
1861 1497 1936 1561 ut
1975 1491 2454 1584 approbationis

224 1603 459 1678 formula
496 1609 821 1690 enuntiet,
852 1609 986 1676 sive
1010 1612 1311 1678 votorum
1354 1609 1852 1691 solemnitatem,
1903 1609 2036 1678 sive
2061 1611 2454 1680 erectionem

222 1721 279 1788 in
298 1721 667 1814 reliqicmem
693 1723 1051 1812 formalem
1076 1745 1187 1792 seu
1226 1721 1448 1791 stricte
1475 1729 1826 1814 sumptam.

299 1837 351 1903 1ο
376 1836 519 1908 Non
540 1861 701 1931 opus
749 1843 843 1907 est
882 1843 955 1905 ut
980 1819 1454 1928 approbationis
1483 1836 1764 1905 formula
1799 1842 2100 1905 votorum
2145 1839 2457 1906 solemni-

228 1957 397 2020 tatem
437 1956 764 2044 exprimat.
820 1951 1015 2036 Nam,
1076 1974 1154 2020 ex
1206 1951 1576 2041 hypothesi,
1625 1951 1995 2019 solemnitas
2049 1951 2189 2018 hoec
2245 1953 2458 2040 expri-

226 2070 405 2136 mitur
432 2069 509 2136 in
558 2068 841 2138 formula
899 2068 1177 2150 instituti
1234 2067 1640 2158 approbandi
1705 2091 1724 2136 ι
1789 2065 1911 2134 boo
1961 2071 2178 2134 autem
2230 2065 2458 2158 posito,

224 2183 589 2274 impossibiie
632 2191 727 2253 est
760 2183 1108 2275 approbari
1158 2203 1405 2253 novum
1449 2182 1843 2267 institutum,
1888 2182 2072 2272 juxta
2107 2179 2278 2250 hanc
2339 2180 2465 2248 for-

105 2314 115 2327 ·
226 2301 437 2370 mulam
495 2301 923 2384 intellectum,
986 2301 1151 2390 quin
1203 2299 1331 2368 hoc
1370 2299 1512 2391 ipso
1556 2298 1996 2390 approbentur
2043 2304 2188 2366 vota
2232 2303 2304 2364 ut
2369 2317 2466 2365 so-

224 2414 431 2487 lemnia
466 2441 483 2502 ;
546 2437 701 2506 ergo
746 2415 1061 2485 inutiliter
1120 2416 1192 2484 in
1231 2414 1511 2506 formula
1560 2413 2038 2505 approbationis
2094 2413 2460 2498 adderetur,

228 2534 534 2621 approbari
562 2533 934 2602 institutum
981 2553 1131 2600 cum
1156 2530 1329 2600 votis
1356 2531 1776 2600 solemnibus,
1810 2529 1983 2618 Ergo
2013 2527 2148 2598 sola
2185 2551 2304 2598 vox
2344 2550 2466 2619 ap·
2521 2519 2540 2544 '

228 2646 577 2736 probamuS,
606 2647 801 2716 modo
825 2647 1011 2716 cadat
1041 2649 1115 2714 in
1137 2646 1490 2716 formulam
1537 2644 1841 2724 instituti,
1884 2645 1958 2710 in
1986 2665 2117 2732 qua
2165 2643 2468 2732 exprimi-

232 2771 325 2830 tur
348 2773 473 2836 ποια
497 2769 637 2836 iore
664 2765 1001 2853 solemnia,
1032 2769 1331 2834 votorum
1374 2764 1446 2832 in
1495 2741 1696 2832 hocce
1749 2761 2040 2830 instituto
2082 2763 2470 2829 emissorum

233 2880 669 2953 solemnitatem
692 2886 865 2952 certo
892 2880 1167 2951 inducit.

308 2993 367 3061 2⁰
388 2995 515 3067 Nec
547 3017 713 3086 opus
738 3000 853 3079 est,
896 2995 966 3064 in
1015 2993 1187 3062 dieto
1214 3015 1395 3078 casu,
1427 2999 1500 3060 ut
1539 2991 1611 3059 in
1665 2986 2146 3081 approbationis
2192 2986 2474 3055 formula

230 3115 627 3202 exprimatur,
661 3133 907 3182 novum
950 3110 1323 3179 institutum
1366 3111 1440 3178 in
1469 3108 1856 3197 religionem
1897 3106 2108 3174 stricte
2145 3111 2476 3192 sumptam

230 3227 397 3315 erigi.
426 3229 623 3310 Nam,
654 3249 731 3295 ex
760 3225 1041 3318 probatis
1078 3225 1396 3316 superiori
1445 3221 1904 3314 propositione,
1964 3219 2034 3288 id
2072 3239 2201 3287 non
2257 3218 2476 3308 requi·

236 3339 411 3430 fitur,
436 3351 499 3412 nt
522 3363 773 3437 novum
824 3340 1195 3410 institutum
1243 3340 1586 3410 essentiam
1642 3343 1840 3406 status
1881 3335 2170 3426 religiosi
2217 3335 2476 3422 habeat,

228 3473 337 3522 seu
379 3462 443 3526 at
476 3477 727 3527 novum
764 3456 1141 3526 institutum
1184 3456 1269 3524 sit
1312 3476 1462 3524 vera
1511 3452 1762 3543 reli-gio.
1818 3451 2102 3521 Aliunde
2156 3473 2232 3520 ex
2289 3449 2480 3518 modo

226 3569 426 3658 dictis,
469 3576 541 3644 id
582 3595 717 3644 non
764 3573 1117 3663 requiritur
1162 3577 1236 3640 ut
1292 3577 1434 3640 vota
1477 3571 1607 3638 sint
1655 3567 1992 3638 solemnia.
2021 3567 2192 3654 Ergo
2231 3565 2298 3632 id
2349 3583 2480 3630 non

230 3692 599 3778 requiritur,
627 3697 705 3758 ut
728 3711 980 3758 novum
1016 3689 1385 3758 institutum
1423 3687 1510 3756 sit
1539 3707 1695 3756 vera
1725 3683 1962 3776 reliqio
1989 3701 2142 3751 cum
2167 3679 2336 3746 votis
2377 3699 2485 3746 so-

235 3800 569 3876 lemnibus.
611 3803 737 3874 Sed
763 3824 913 3874 vera
952 3804 1181 3895 religio
1220 3826 1374 3874 cum
1419 3803 1582 3872 votis
1627 3800 2052 3885 solemnibuS,
2089 3802 2183 3866 est
2228 3795 2488 3886 praecise

228 3913 301 3982 id
344 3920 505 4008 quod
548 3927 819 3992 vocatur
866 3919 1095 4011 religio
1144 3920 1433 3990 formalis
1483 3939 1600 3988 seu
1651 3918 1866 3986 stricte
1917 3917 2174 4002 sumpta
2226 3933 2243 3977 ε
2309 3927 2485 4000 erge,

288 4141 347 4206 (1)
366 4141 587 4198 Dicimus
610 4159 708 4210 per
728 4159 815 4210 se‚·
848 4148 966 4211 qnia
985 4145 1155 4210 potest
1190 4140 1335 4194 sedes
1358 4139 1642 4208 Apostoiiea
1669 4141 1847 4190 votum
1885 4138 2040 4187 etiam
2066 4131 2276 4198 simplex
2299 4134 2510 4191 erigere·

230 4227 285 4275 ln
303 4229 713 4296 impedimentum
744 4235 1010 4294 dirimens;
1035 4234 1179 4286 etita
1206 4243 1384 4296 reapse
1405 4230 1596 4280 factum
1624 4229 1702 4276 est
1727 4237 1756 4274 a
1777 4223 2014 4285 Gregorio
2041 4219 2159 4272 XIII
2191 4219 2356 4284 quaod
2375 4221 2492 4269 vota

236 4315 467 4384 simplius
498 4324 927 4376 scholasticorum
948 4325 1202 4377 societatis
1222 4321 1361 4373 lesu.
1384 4319 1483 4371 Sed
1501 4327 1703 4368 necesse
1721 4313 1816 4364 ruit
1837 4313 1934 4364 hoo
1953 4313 2199 4395 expressis
2225 4309 2390 4360 verbis
2415 4307 2494 4358 de-

236 4411 365 4462 oemt
370 4445 389 4474 ,
398 4413 623 4480 alloquin
634 4413 745 4468 iimo
758 4413 939 4468 eadem
950 4418 1069 4467 vota
1080 4411 1361 4466 dirimentis
1374 4405 1722 4472 impedimenti
1727 4405 1834 4457 vim
1845 4413 2168 4468 nequaquam
2179 4397 2489 4452 habuissent.
