2834 4959
346 311 467 367 454
915 316 1255 364 moruus
1298 316 1378 363 nt
1422 316 1574 374 June
1617 316 2034 365 Memmia.

343 438 625 509 habilem
656 438 1019 529 sustin-ere3
1068 438 1225 529 quia
1266 458 1542 515 erronea
1592 444 1688 507 est
1711 438 1936 530 opinio
1970 438 2140 527 haec,
2195 444 2260 507 et
2307 438 2638 533 religiosis

342 552 685 624 ordinibus
708 552 935 625 Galliae
957 552 1187 624 nociva
1210 574 1411 643 quam
1443 553 1745 623 maxime.

436 668 505 737 2⁰
527 670 733 739 Vitari
762 670 957 739 etiam
988 660 1258 759 possunt
1285 666 1726 754 difficultates,
1757 669 1924 759 quin
1961 672 2400 741 communitas
2417 671 2639 742 136666-

346 784 679 867 diuitibus,
726 780 1045 853 membris
1106 785 1241 853 suis
1291 776 1832 869 obvenientibus,5
1878 778 2315 856 defraudetur.
2373 785 2634 857 Etenim
2725 828 2732 831 -

344 900 639 991 duplicis]
667 898 1048 972 conditionis
1094 904 1345 969 exstant
1374 900 1450 968 in
1497 896 1730 978 Gallia,
1767 898 2031 968 relative
2073 900 2154 969 ad
2203 900 2630 991 guberninm,

346 1016 665 1105 religiosae
698 1017 1238 1087 communitates:
1272 1014 1413 1084 aliae
1459 1014 1700 1084 scilicet
1750 1003 1825 1082 u't
1862 1012 2019 1083 tales
2057 1014 2142 1082 ab
2178 1015 2320 1106 ipso
2367 1018 2630 1105 agnitae,

342 1138 408 1201 et
434 1128 633 1221 alege
659 1137 977 1201 vocantur
1000 1130 1525 1201 &tablissemems
1549 1129 1921 1214 autorise's';
1968 1128 2112 1198 aliae
2137 1129 2260 1199 hac
2324 1130 2638 1201 authori-

340 1255 601 1325 satione
624 1264 935 1343 carentes,
974 1275 1258 1347 quarum
1304 1254 1600 1323 membra
1627 1261 1936 1344 tanquam
1984 1253 2150 1323 meri
2195 1253 2370 1323 cives
2409 1274 2448 1322 a
2493 1255 2638 1345 lege

348 1371 522 1442 civili
541 1372 883 1441 habentur.
920 1370 1223 1462 Plerique
1263 1376 1484 1443 autem
1533 1369 1818 1459 religiosi
1848 1368 2137 1455 ordines,
2185 1368 2302 1460 qui
2329 1392 2406 1439 ex
2447 1370 2636 1440 insti·

348 1492 489 1559 tuto
518 1493 660 1555 vota
686 1486 999 1557 solemnia
1046 1485 1314 1567 habent,
1355 1485 1438 1555 ad
1487 1484 1659 1553 hanc
1687 1486 2104 1577 posteriorem
2127 1484 2398 1553 'classem
2431 1487 2646 1576 perti·

352 1608 531 1671 nent.
570 1600 840 1670 Praefata
877 1622 1113 1693 nempe
1137 1582 1446 1693 gubernii
1484 1599 2016 1671 authorisatione
2055 1604 2264 1671 carent
2303 1598 2374 1667 in
2413 1598 2644 1671 Gallia

348 1714 793 1801 Dominicani,
846 1714 1138 1807 Jesuitae,
1206 1714 1655 1805 Carmelitani‚
1710 1704 2141 1794 manniscam
2189 1712 2634 1798 Benedictini‚

346 1832 815 1904 Fratrcssancti
836 1832 1106 1905 «loannis
1132 1832 1382 1923 deDeo,
1404 1838 1530 1905 etc.
1561 1832 1644 1903 Et
1673 1832 1832 1903 solet
1851 1830 2072 1925 *potius
2100 1830 2330 1923 petiet
2349 1830 2641 1901 obtineri

348 1948 771 2021 authorisatio
796 1949 939 2021 haec
964 1972 1003 2019 a
1022 1948 1609 2021 communitatibus
1649 1966 1800 2039 quae
1831 1948 1934 2019 vel
1957 1930 2167 2029 nulla,
2195 1946 2300 2017 vel
2317 1960 2451 2015 non
2479 1966 2641 2037 per-

348 2070 567 2157 petua,
602 2064 704 2134 vel
735 2064 998 2136 nonnisi
1052 2064 1379 2156 simplicia
1431 2086 1508 2135 ex
1551 2064 1850 2135 instituto
1877 2082 1996 2134 suo
2037 2068 2190 2132 vota
2217 2065 2632 2152 nuncupant.

353 2180 581 2267 Porro,
1259 2192 1265 2199 ·
2391 2192 2396 2195 ·
2589 2192 2594 2197 ’

442 2292 699 2381 Prim0,
782 2293 993 2383 quoad
1071 2294 1468 2385 praecip‘uam
1564 2292 2110 2365 communitatum
2191 2290 2652 2381 religiosarum

362 2408 629 2479 classem
652 2461 671 2492 ,
726 2428 953 2477 earum
1008 2429 1243 2498 nempe
1286 2429 1436 2500 quae
1479 2430 1614 2478 non
1677 2414 1834 2479 sunt
1875 2430 1914 2478 a
1997 2400 2322 2499 gubernio
2373 2412 2446 2476 ut
2490 2406 2652 2477 talae

356 2525 749 2613 agnitae,seu
778 2522 1241 2611 authori-satae,
1270 2530 1345 2592 ut
1366 2525 1579 2610 aiunt,
1607 2522 1794 2595 facile
1836 2506 2158 2593 removeri
2209 2526 2478 2614 possunt
2505 2520 2652 2591 dir-

358 2636 675 2707 ficultates
724 2638 803 2707 de
865 2638 1107 2730 quibus
1153 2640 1436 2731 agimus,
1473 2639 1600 2710 hoc
1644 2638 1878 2709 modo:
1941 2646 2284 2731 postquam
2337 2632 2655 2725 religioso

362 2752 645 2843 professo
674 2752 907 2844 obtigit
944 2754 1161 2845 aliqua
1200 2753 1563 2839 haereditas,
1615 2755 1672 2823 is
1702 2753 2146 2825 haereditatem
2187 2753 2397 2835 illam,
2427 2752 2654 2821 nomi-

360 2890 445 2937 ne
470 2890 591 2939 suo
632 2870 916 2962 colligat,
962 2870 1033 2939 et‘
1052 2871 1377 2941 redactam
1430 2892 1504 2939 ex
1533 2890 1608 2941 ea
1643 2870 1994 2961 pecuniam
2041 2867 2364 2961 superiori
2411 2866 2648 2937 undat.

362 2980 516 3053 Haee
543 2985 781 3074 agendi
856 2987 1024 3055 ratio
1061 3002 1183 3055 nec
1212 2988 1511 3057 votorum
1559 2983 1950 3055 solemnitati
1997 2987 2060 3052 et
2089 2981 2504 3071 incapacitati
2533 2982 2659 3051 do-

366 3100 558 3169 minii
600 3106 944 3192 repugnat,
976 3121 1095 3170 nec
1126 3120 1163 3169 a
1198 3099 1341 3191 lege
1366 3100 1542 3169 civili
1593 3098 2007 3192 praepeditur.
2055 3096 2246 3177 Quod
2287 3097 2374 3165 ita
2417 3098 2657 3188 peragi

366 3214 588 3304 possit,
651 3216 903 3305 integra
972 3222 1349 3284 remanente
1406 3215 1538 3283 voti
1609 3214 2014 3285 solemnitate
2086 3218 2150 3281 et
2221 3210 2668 3300 incapacitate

368 3326 671 3411 dominii,
700 3329 889 3399 facile
916 3330 1175 3421 probari
1201 3334 1426 3421 potest.
1471 3328 1640 3398 Nam
1689 3320 2022 3399 haeredita's
2069 3308 2138 3395 in
2183 3325 2310 3394 hoc
2341 3339 2524 3407 casu,
2573 3326 2662 3393 ad

370 3444 905 3512 communitatem
943 3444 1245 3536 pertinet,
1286 3443 1710 3534 quantumvis
1755 3460 1900 3511 eam
1949 3441 2051 3509 lex
2077 3437 2292 3510 civilis
2337 3437 2660 3526 religioso

368 3557 632 3626 tribuat.
682 3556 855 3628 Hinc
906 3557 1247 3648 religiosus
1300 3556 1602 3649 ponendo
1645 3554 2035 3626 necessarios
2059 3553 2156 3623 'ad
2211 3552 2666 3641 colligendam

367 3672 807 3743 haereditatem
868 3679 1075 3755 actus,
1132 3694 1267 3741 non
1320 3674 1445 3742 alio
1499 3672 1704 3743 tendit
1775 3692 1975 3762 quam
2043 3676 2118 3737 ut
2177 3666 2528 3737 baereditas
2573 3664 2663 3735 ad

368 3806 594 3855 verum
628 3792 839 3855 suum
858 3786 1224 3875 dominum,
1258 3787 1339 3857 ad
1378 3787 1918 3857 communitatem
1961 3782 2227 3868 scilieet,
2289 3780 2659 3869 perveniat.

366 3902 501 3974 Nec
536 3908 797 3973 attentat
840 3923 1023 3973 veros
1062 3910 1241 3973 actus
1276 3902 1592 3985 dominii;
1629 3902 1738 3972 sed
1791 3899 2004 3991 explet
2061 3898 2371 3967 duntaxat
2413 3896 2665 3965 forma-

358 4018 569 4087 litates
620 4020 757 4088 sine
797 4016 1039 4107 quibus
1084 4021 1522 4088 communitas
1575 4017 1667 4104 id,
1721 4015 1894 4107 quod
1931 4014 2012 4083 ad
2067 4014 2280 4103 ipsam
2343 4008 2657 4101 pertinet,

366 4133 849 4226 apprehendere
893 4154 1025 4203 non
1058 4140 1287 4227 posset.
1348 4132 1535 4205 Unde
1573 4129 1991 4223 quantumvis
2050 4124 2367 4211 civiliter,
2409 4123 2478 4193 id
2499 4132 2656 4209 eet,

364 4248 447 4317 ad
503 4250 813 4319 terminos
857 4247 1018 4339 legis
1074 4248 1309 4339 civilis,
1346 4254 1685 4339 reputetur
1722 4244 2051 4328 dominae,
2117 4248 2183 4312 et
2229 4260 2417 4310 veros
2467 4243 2664 4307 actus

364 4361 641 4431 dominii
670 4365 959 4435 videatur
982 4366 1259 4457 explere,
1300 4367 1371 4436 iu
1417 4387 1490 4437 re
1535 4370 1752 4435 tamen
1787 4382 1922 4433 non
1959 4361 2094 4449 agit
2119 4364 2280 4429 tunc
2315 4353 2444 4426 nisi
2475 4376 2665 4423 eom-
