2834 4959
71 323 74 496 ἰ
994 346 1149 396 rans
1197 347 1489 396 saeuum.
2261 343 2385 401 239

188 469 563 560 approbandis
588 468 917 559 reliqiosz's
942 465 1309 557 ordinibm,
1346 467 1422 536 id
1440 479 1562 551 est,
1606 467 1682 536 in
1711 468 2218 558 pronuntiando
2261 471 2389 540 ali-

184 583 315 674 quod
344 561 711 676 relzyiosum
757 583 1147 652 institutum
1200 607 1331 652 esse
1384 585 1456 654 in
1511 606 1579 652 se
1631 581 2004 666 honestum,
2063 597 2126 652 et
2155 585 2388 656 habere

71 729 74 834 j
176 713 338 768 status
356 700 637 792 reliqioci
660 700 1033 788 essentiam,
1056 711 1123 767 et
1148 721 1277 768 esse
1296 696 1391 766 ad
1419 697 1892 790 acquirendam
1912 701 2388 790 perfectionem

177 816 321 884 utile.
366 855 441 869 —
498 843 537 883 ι(
591 817 880 886 Omnino
930 815 1339 884 sentiendum
1382 821 1448 884 et
1499 813 1854 884 dicendum
1891 822 2009 899 est,
2041 838 2172 885 non
2203 839 2388 908 posse

71 1009 74 1028 ἰ
178 957 205 997 α
228 953 405 1002 errare
424 931 793 1000 Pontificem
820 932 893 998 in
928 929 1387 1021 approbatione
1423 929 1779 1020 religionis,
1828 929 2036 1020 quoad
2060 933 2388 1021 judicium

71 1105 74 1140 ÷
179 1071 206 1111 κ
233 1045 301 1114 de
341 1045 669 1132 honestate,
728 1052 795 1114 et
836 1045 1222 1115 sufficientia
1268 1045 1413 1114 talis
1463 1043 1643 1114 modi
1685 1045 1942 1114 vivendi
1971 1053 2045 1114 ut
2071 1049 2154 1118 sit
2189 1053 2389 1118 status

174 1185 201 1222 α
224 1161 581 1252 perfeetionis
632 1160 1075 1251 acquirendae,
1110 1183 1223 1230 seu
1276 1161 1698 1250 religionis..
1737 1159 2078 1252 Potestque
2120 1171 2386 1250 genera-'-

71 1349 74 1356 .
172 1301 199 1338 ιε
225 1275 349 1344 liter
366 1278 623 1360 suaderi,
676 1278 831 1365 quia
870 1275 1161 1346 Pontifex
1206 1277 1618 1369 approbando
1649 1277 2038 1368 religionem
2067 1278 2384 1370 aliquam,

71 1357 80 1492 ΙῘ
171 1417 196 1452 κ
224 1395 373 1481 quasi
418 1392 749 1463 canonizat
795 1392 979 1460 illam
1030 1398 1103 1459 ut
1149 1399 1431 1462 sanctam
1483 1399 1547 1462 et
1595 1393 1962 1474 honestam,
2030 1400 2092 1462 et
2140 1395 2386 1486 obligat

166 1528 191 1565 α
220 1525 401 1576 omnes
422 1508 651 1577 fideles
678 1506 761 1576 ad
804 1507 870 1575 id
898 1506 1323 1576 credendum.
1369 1507 1544 1597 Ergo
1569 1509 1736 1578 sicut
1764 1530 1900 1578 non
1927 1517 2128 1600 potest
2165 1531 2378 1582 errare

164 1619 263 1688 «in
288 1624 751 1692 canonizatione
787 1621 1069 1710 alicujus
1116 1622 1347 1708 sancti,
1400 1629 1476 1691 ut
1522 1630 1618 1691 est
1643 1630 2019 1712 certum...,
2049 1625 2138 1694 ita
2173 1649 2382 1716 neque

71 1737 73 1762 '
167 1755 191 1796 α
212 1734 269 1802 in
305 1739 780 1808 confirmatione
818 1738 1157 1838 religionis
1202 1759 1420 1806 errare
1464 1744 1692 1830 potest.
1737 1737 1820 1806 Et
1858 1741 2001 1810 ideo
2037 1742 2384 1810 damnatur

159 1875 185 1913 α
221 1850 515 1924 Wicletus
562 1857 633 1924 in
683 1856 962 1924 concilio
1021 1853 1524 1940 Constantiensi,
1584 1857 1866 1925 sessione
1944 1859 2009 1938 8,
2083 1877 2158 1923 eo
2209 1858 2382 1946 quod

156 1989 187 2027 α
224 1965 537 2056 religiones
562 1969 935 2062 approbatas
968 1989 1163 2038 ausus
1192 1973 1289 2036 est
1319 1969 1632 2040 damnare
1681 1991 1700 2037 ε
1753 1970 1973 2038 eadem
2015 1970 2196 2036 enim
2221 1971 2384 2038 ratio

156 2103 185 2142 α
222 2079 283 2148 in
303 2082 558 2173 singulis
582 2109 729 2177 quae
758 2088 831 2154 in
856 2085 1173 2154 omnibus
1218 2083 1479 2153 militat.
1509 2083 1790 2176 Ideoque
1817 2084 2172 2155 concilium
2201 2085 2386 2154 Late-

152 2220 177 2258 «
210 2216 477 2282 ramese,
520 2202 645 2270 sub
678 2201 1056 2271 Innocentio
1102 2201 1219 2286 ΙΙΙ,
1270 2203 1480 2294 capite
1515 2201 1624 2287 13,
1657 2201 1820 2270 dixit
1866 2203 1934 2270 in
1967 2202 2378 2282 universum,

154 2335 179 2369 a
204 2310 413 2386 bonam
463 2325 523 2386 et
564 2319 744 2410 piam
790 2339 923 2388 esse
972 2317 1364 2408 religionem
1419 2321 1794 2390 auctoritate
1845 2317 2166 2388 pontificis
2223 2341 2382 2388 con·

152 2449 179 2487 α
212 2427 533 2503 firmatam.
568 2433 751 2503 Facit
776 2435 973 2502 etiam
1006 2433 1336 2504 decretum
1368 2433 1682 2504 Hilarii...
1715 2436 1979 2505 dicens:
2015 2433 2220 2507 Nulli
2268 2436 2384 2524 fas

155 2563 179 2600 a
207 2543 288 2610 sit
326 2548 705 2640 Apostolica
744 2547 1003 2618 decreta
1070 2561 1504 2618 contemnere.
1557 2549 1746 2628 Quod
1791 2553 2072 2620 referens
2121 2557 2382 2620 sanetus

151 2685 177 2724 t<
199 2659 453 2738 Thomas
472 2669 815 2762 (opusculo
845 2669 927 2737 19
952 2681 1184 2737 contra
1212 2669 1687 2758 impuqnantes
1719 2668 1948 2758 reliq„
1975 2691 2118 2759 cap.
2149 2671 2216 2760 4)
2247 2673 2376 2738 ait:

146 2798 174 2838 <x
204 2775 361 2847 Cum
398 2785 617 2876 aliqua
661 2784 895 2876 reliqio
934 2807 1065 2875 per
1105 2782 1321 2852 sedem
1372 2781 1834 2872 Apostolicam
1891 2783 2214 2851 instituta
2259 2795 2376 2866 est,

146 2913 175 2952 v<
200 2897 522 2988 manifeste
550 2921 687 2968 sese
708 2899 1163 2968 damnabilem
1198 2897 1510 2984 ostendit,
1568 2897 1686 2988 qui
1737 2899 1940 2966 talem
1991 2898 2378 2987 reliqionem

141 3031 169 3069 (⁴
194 3006 489 3086 danmare
514 3029 818 3086 conatur.
852 3015 1145 3106 Denique
1172 3015 1335 3084 ratio
1359 3021 1480 3097 est,
1515 3015 1667 3105 quia
1691 3013 1981 3084 Pontifex
2009 3035 2220 3082 errare
2248 3035 2378 3083 non

142 3145 169 3184 α
192 3131 381 3213 potest
402 3130 470 3198 in
516 3131 623 3200 his
660 3153 809 3222 quae
840 3129 921 3200 ad
958 3153 1171 3200 mores
1201 3133 1556 3222 pertinent,
1589 3151 1744 3204 cum
1786 3132 1970 3222 gravi
1997 3129 2380 3198 detrimento

135 3259 160 3293 τι
197 3238 559 3312 universalis
587 3243 891 3312 Ecclesiae
921 3267 941 3312 z
974 3244 1119 3312 talis
1146 3251 1365 3312 autem
1386 3250 1552 3313 esset
1567 3245 1916 3336 praedictus
1941 3265 2122 3312 error
2151 3269 2166 3312 :
2200 3243 2378 3334 quia,

130 3374 163 3412 α
190 3349 347 3421 lieet
381 3377 497 3428 non
544 3367 677 3428 tota
717 3359 1005 3428 Ecclesia
1048 3359 1341 3429 observet
1388 3359 1664 3430 modum
1711 3358 1970 3428 vivendi
2009 3361 2208 3430 unius
2235 3363 2382 3432 reli-

126 3491 159 3527 «
186 3471 389 3556 gionis
457 3475 851 3568 approbatae,
924 3475 1357 3545 nihilominus
1417 3476 1564 3544 talis
1612 3477 1844 3567 religio
1902 3499 2020 3566 pro
2081 3482 2383 3547 universa

124 3609 151 3644 ει
178 3581 453 3661 Ecclesia
478 3592 899 3684 approbatur,
950 3597 1015 3660 et
1055 3591 1363 3661 omnibus
1401 3590 1704 3662 fidelibus
1747 3593 2137 3686 proponitur
2178 3599 2254 3660 ut
2281 3591 2384 3658 via

124 3722 147 3758 a
182 3721 422 3790 secura,
472 3728 609 3775 non
648 3707 862 3776 solum
912 3707 995 3776 ad
1040 3707 1341 3792 salutem,
1393 3706 1505 3776 sed
1543 3707 1742 3777 etiam
1779 3708 1860 3778 ad
1893 3707 2376 3800 perfectionem.

122 3839 149 3875 a
172 3813 353 3904 Engo
390 3843 563 3892 error
605 3823 677 3892 in
724 3822 836 3890 tali
880 3823 1343 3914 approbatione
1388 3823 1458 3892 in
1503 3825 1890 3896 universalis
1915 3824 2218 3896 Ecclesiae
2241 3842 2384 3912 per-

118 3953 149 3990 ce
170 3931 443 4021 niciem,
468 3945 789 4028 quantum
816 3940 887 4008 in
910 3961 977 4006 se
1002 3945 1117 4024 aet,
1150 3939 1560 4010 redundaret.
1603 3964 1640 4006 1>
1673 3937 2063 4032 (SuaresiuS‚
2096 3937 2174 4006 de
2197 3937 2385 4008 Reli-

110 4044 319 4129 qione,
350 4051 465 4124 lib.
496 4056 656 4137 2,.c.
700 4055 809 4143 17,
840 4075 914 4125 n.
953 4054 1090 4146 18.)

186 4157 447 4240 Thesim
477 4171 711 4262 probat
743 4180 963 4263 postea
990 4171 1329 4241 Suaresius
1358 4171 1428 4240 in
1469 4171 1841 4263 particulari
1886 4171 2097 4259 quoad
2135 4193 2385 4240 unum-

100 4277 403 4369 quodque
422 4289 623 4357 trium
646 4288 1083 4378 judiciorum,
1132 4289 1203 4358 in
1253 4289 1718 4381 approbatione
1753 4285 2090 4358 Pontifieia
2118 4295 2383 4358 conten-

94 4393 323 4466 torum
348 4425 367 4468 z
