2834 4959
440 334 567 392 270
1014 339 1355 388 meuriss
1392 339 1474 388 ms:
1507 339 1660 386 sunl-2
1705 337 2123 385 assumtum.

449 499 481 538 α
514 491 669 541 cura
712 471 1111 553 animarum,
1190 469 1359 537 infra
1414 469 1606 557 cujus
1669 465 1988 558 parochiae
2045 465 2278 534 limites
2357 478 2702 538 conventus

446 614 479 654 α
509 586 921 656 aedificandus
970 591 1065 652 est
1076 607 1097 664 ;
1152 585 1292 652 sine
1333 605 1464 674 quo
1523 580 1834 650 aedificari
1889 603 2020 649 non
2069 587 2297 671 potest.
2355 579 2520 650 Nam
2560 605 2702 652 cum

448 733 485 774 α
516 706 587 776 in
640 725 807 776 nova
856 704 1125 773 ecclesia
1173 703 1436 794 sepeliri
1489 701 1764 772 debeant
1813 701 2110 770 fidelium
2157 721 2460 791 corpora,
2513 705 2699 771 mini-

444 847 481 890 «
508 823 695 891 strari
751 825 1175 904 sacramenta,
1212 817 1468 908 aliaque
1507 818 1698 910 plura
1735 815 1903 901 fieri,
1963 835 2040 886 ex
2083 815 2327 906 quibus
2374 823 2569 909 potest
2587 841 2698 907 ge—

442 962 479 1003 «
509 939 725 1005 nerari
764 935 1223 1026 praejudicium
1272 933 1584 1024 parocho,
1615 933 1791 1001 illius
1841 953 2190 1000 consensus
2235 931 2324 1000 ita
2367 941 2462 1000 est
2497 956 2699 1003 neees-

444 1079 479 1123 ι(
510 1053 742 1136 sarius,
770 1057 844 1120 ut
870 1052 1115 1140 absque
1138 1071 1213 1118 eo
1248 1048 1544 1117 fundatio
1596 1049 1746 1117 novi
1791 1048 2161 1116 monasterii
2211 1067 2348 1116 non
2393 1051 2699 1120 sustinea-

442 1195 479 1236 α
518 1175 649 1238 tur.
686 1191 721 1233 »
750 1165 978 1258 (Tomo
1010 1167 1073 1251 1,
1129 1165 1595 1234 consultatione
1639 1163 1789 1248 179,
1830 1185 1897 1231 n.
1947 1163 2085 1253 52.)
2153 1163 2400 1244 «Quod
2426 1171 2634 1234 autem
2665 1187 2697 1232 a

442 1311 481 1353 α
516 1282 1088 1354 constitutionibus
1132 1300 1265 1348 non
1314 1279 1608 1369 exigatur
1657 1299 2011 1348 consensus
2049 1277 2318 1370 parochi
2365 1281 2498 1348 sive
2546 1281 2694 1370 capi-

444 1425 481 1465 «
510 1399 656 1484 tuli,
707 1398 943 1466 falsum
992 1399 1108 1464 est.
1159 1393 1324 1464 Nam
1372 1394 1445 1462 iu
1481 1393 1936 1478 constitutione
1979 1391 2347 1474 Clementis,
2401 1415 2546 1483 quae
2591 1395 2698 1464 ruit

448 1543 480 1576 t(
514 1514 730 1604 prima
770 1512 850 1580 de
898 1510 1020 1579 hac
1072 1533 1166 1590 re,
1218 1513 1306 1577 ita
1356 1509 1688 1580 habetur:
1743 1513 1932 1580 Motu
1953 1508 2234 1602 proprio
2285 1521 2350 1578 et
2405 1531 2485 1577 ex
2525 1522 2696 1579 certa

442 1627 781 1695 «scientia
826 1625 1069 1694 lzarum
1112 1626 1281 1694 serie
1320 1624 1762 1716 declaramus,
1812 1625 2106 1694 locorum
2147 1623 2524 1694 ordinarios
2561 1647 2696 1692 non

442 1769 475 1810 «
508 1765 697 1834 posse
740 1742 1079 1810 licentiam
1102 1741 1197 1809 ad
1214 1763 1421 1812 novos
1464 1755 1818 1810 conventus
1839 1741 2178 1832 quibusvis
2207 1735 2404 1809 eliam
2441 1740 2692 1808 mendi-

438 1882 479 1924 σε
514 1857 819 1925 cantibus
854 1856 1233 1939 Ordinibus,
1274 1856 1348 1924 in
1370 1857 1641 1926 civitate
1665 1871 1730 1924 et
1775 1857 1930 1924 locis
1958 1877 2194 1925 eorum
2220 1853 2568 1925 ordinaria
2583 1857 2695 1945 ju-

438 1995 475 2036 «
513 1971 883 2040 ras-dictioni
920 1971 1229 2063 subjectis
1256 1971 1617 2062 criqendos‚
1655 1971 2018 2064 impertiri,
2046 1972 2183 2040 nisi
2203 1971 2466 2038 vocatis
2501 1985 2558 2039 et
2589 1993 2694 2036 azu-

438 2111 472 2152 «
510 2087 676 2156 ditis
698 2088 767 2154 in
786 2085 1024 2154 eisdem
1044 2086 1315 2154 civitate
1336 2098 1398 2153 et
1426 2084 1582 2153 locis
1604 2085 2036 2153 existentibus
2061 2097 2508 2154 conventuum
2525 2087 2692 2176 prio-

444 2225 475 2265 «
506 2200 714 2288 ribuS,
750 2221 865 2266 seu
890 2199 1445 2289 procuratoribus
1454 2219 1483 2282 ;
1511 2211 1576 2267 et
1617 2199 1775 2268 aliis
1827 2202 2134 2270 interesse
2193 2199 2608 2286 habentibus,
2637 2215 2689 2269 et

440 2337 474 2376 α
502 2333 705 2380 causa
722 2312 1035 2402 (servatis
1052 2309 1426 2399 servandis)
1451 2313 1720 2403 coqnita
1745 2313 2137 2399 constiterit,
2175 2315 2245 2384 in
2269 2315 2512 2384 eisdem
2549 2315 2687 2382 civi-
2785 2397 2787 2424 γ

440 2451 477 2492 «ι
502 2436 640 2493 tate
668 2437 731 2492 et
759 2425 919 2493 locis
939 2447 1142 2493 novos
1166 2425 1498 2514 ejusmodi
1513 2429 1851 2518 eriqendos
1877 2443 2237 2499 conventus
2259 2431 2400 2499 sine
2425 2431 2682 2500 aliorum
2786 2431 2787 2461 ἶ

440 2565 474 2604 α
502 2537 901 2606 detrimento
950 2538 1285 2608 commode
1332 2545 1696 2611 sustentari
1721 2567 1938 2636 posse.
1989 2543 2256 2614 Certum
2304 2547 2546 2636 quippe
2588 2551 2680 2621 est,

438 2653 712 2722 «verbis
764 2653 919 2738 iuis,
980 2667 1045 2722 ct
1084 2653 1245 2723 aliis
1306 2656 1618 2727 interesse
1663 2659 2083 2743 habentibus,
2133 2663 2520 2751 parochum,
2576 2663 2683 2729 sive
2784 2667 2785 2670 ’

439 2801 471 2842 α
498 2774 863 2867 capitulum
907 2771 1257 2862 collegiatae
1296 2775 1396 2844 vel
1462 2777 1849 2846 cathedralis
1913 2777 2408 2870 intelligendum
2463 2799 2615 2849 esse.
2653 2805 2677 2838 x»

430 2889 731 2979 (Ibidem,
761 2911 826 2957 n.
862 2887 1009 2979 68.)

514 3005 582 3071 2⁰
610 3005 929 3072 Doctrina
960 2999 1347 3072 Cardinalis
1376 3007 1608 3075 Petra.
1657 3043 1745 3059 —
1801 3005 2134 3076 Existimat
2177 3008 2532 3080 necessario
2577 3033 2682 3077 au-
2779 3075 2781 3092 ,

424 3117 737 3188 diendum
766 3139 899 3187 esse
925 3117 1313 3207 pai-ochum,
1350 3119 1436 3188 ob
1475 3121 1996 3192 constitutionem
2033 3119 2383 3194 Clementis
2423 3119 2599 3206 Vffl3
2627 3129 2684 3188 at
2751 3099 2760 3112 ⁰

426 3236 621 3303 simul
650 3238 924 3304 sustinet
980 3253 1116 3302 non
1162 3235 1413 3324 requiri
1455 3235 1659 3326 ipsius
1700 3259 2090 3308 consensum
2111 3261 2136 3308 .·
2197 3265 2234 3306 a
2269 3239 2480 3310 Stante
2522 3237 2680 3307 dicta

433 3349 755 3438 «speciali
802 3349 1191 3440 provisione,
1234 3355 1329 3417 est
1374 3371 1491 3440 pro
1549 3349 1758 3422 forma
1801 3361 1877 3423 nt
1922 3355 2242 3447 parochus
2276 3363 2433 3424 tunc
2471 3355 2678 3423 audia-

434 3487 467 3528 α
492 3469 622 3549 tur,
686 3469 874 3554 prout
931 3463 1045 3532 alii
1095 3467 1398 3533 interesse
1471 3465 1684 3534 forsan
1745 3468 2095 3558 habentes3
2171 3471 2328 3541 alias
2383 3479 2558 3541 actus
2597 3473 2676 3538 est
2775 3518 2777 3528 .

428 3605 465 3647 a
492 3579 748 3662 nulluS,
808 3599 960 3647 cum
1028 3577 1100 3645 in
1155 3577 1331 3648 dicta
1398 3582 1858 3651 constitutione
1907 3584 2073 3654 adsit
2141 3587 2473 3656 decretum
2537 3585 2672 3654 irri-

430 3717 463 3758 α
498 3701 668 3774 tane,
712 3699 902 3785 prout
946 3693 1290 3760 advertunt
1318 3691 1747 3767 Gratianus...
1781 3675 2257 3790 Pignatellus...
2287 3727 2322 3768 n
2363 3701 2582 3794 (Tomo
2615 3699 2668 3782 1,

419 3815 783 3886 constitutio
826 3812 899 3900 2,
952 3811 1273 3882 paschalis
1328 3811 1410 3900 11,
1449 3821 1606 3885 sect.
1671 3819 1732 3902 i,
1807 3839 1877 3888 n.
1933 3820 2076 3912 31.)
2139 3825 2512 3893 Ostenderat
2553 3821 2668 3912 jam

418 3931 649 4000 citatus
692 3935 939 4010 auctor,
987 3947 1121 3994 non
1169 3947 1305 3996 esse
1362 3932 1719 4000 necessario
1781 3936 2148 4006 vocandum
2195 3939 2578 4029 parochum,
2625 3931 2668 3998 si

417 4051 646 4133 agatur
696 4046 775 4114 do
802 4041 1109 4133 erigenda
1150 4043 1278 4112 alia
1313 4065 1514 4134 quam
1561 4048 1964 4137 regularium
2015 4051 2304 4122 ecclesia.
2337 4051 2428 4122 Ut
2479 4057 2668 4122 autem

418 4155 657 4226 clarius
700 4161 969 4247 exponat
1027 4155 1381 4226 discrimen
1429 4158 1604 4227 inter
1649 4166 2002 4254 utrumque
2043 4185 2298 4254 casum,
2355 4165 2516 4234 dicit
2564 4175 2668 4232 non

416 4271 773 4341 necessario
816 4273 1182 4342 vocandum
1248 4293 1383 4342 esse
1465 4277 1850 4368 parochum‚
1926 4279 2186 4370 quando
2241 4281 2544 4370 erigenda
2591 4277 2672 4344 est

416 4385 677 4456 ecclesia
728 4387 1086 4469 saecularim
1142 4389 1297 4479 quia
1346 4386 1413 4459 id
1463 4391 1796 4484 regulatur
1839 4393 1999 4488 jure
2049 4397 2412 4485 communi,
2477 4401 2536 4465 et
2573 4393 2666 4482 jus
