<?xml version="1.0" encoding="UTF-8"?>
<!DOCTYPE html PUBLIC "-//W3C//DTD XHTML 1.0 Transitional//EN"
    "http://www.w3.org/TR/xhtml1/DTD/xhtml1-transitional.dtd">
<html xmlns="http://www.w3.org/1999/xhtml" xml:lang="en" lang="en">
 <head>
  <title>
</title>
<meta http-equiv="Content-Type" content="text/html;charset=utf-8" />
  <meta name='ocr-system' content='tesseract 3.04.00' />
  <meta name='ocr-capabilities' content='ocr_page ocr_carea ocr_par ocr_line ocrx_word'/>
</head>
<body>
  <div class='ocr_page' id='page_1' title='image "./tractatusdejure01unkngoog_0386.png"; bbox 0 0 2834 4959; ppageno 0'>
   <div class='ocr_carea' id='block_1_1' title="bbox 388 345 2077 412">
    <p class='ocr_par' dir='ltr' id='par_1_1' title="bbox 388 345 2077 412">
     <span class='ocr_line' id='line_1_1' title="bbox 388 345 2077 412; baseline -0.012 0"><span class='ocrx_word' id='word_1_1' title='bbox 388 354 513 412; x_wconf 80' lang='grc'><strong>368</strong></span> <span class='ocrx_word' id='word_1_2' title='bbox 960 352 1301 403; x_wconf 69' lang='lat' dir='ltr'><strong>mensus</strong></span> <span class='ocrx_word' id='word_1_3' title='bbox 1339 351 1422 398; x_wconf 69' lang='lat' dir='ltr'><strong>DE</strong></span> <span class='ocrx_word' id='word_1_4' title='bbox 1459 348 1612 398; x_wconf 74' lang='lat' dir='ltr'><strong>JURE</strong></span> <span class='ocrx_word' id='word_1_5' title='bbox 1655 345 2077 411; x_wconf 45' lang='lat' dir='ltr'><strong>usnemun.</strong></span> 
     </span>
    </p>
   </div>
   <div class='ocr_carea' id='block_1_2' title="bbox 322 462 2668 2757">
    <p class='ocr_par' dir='ltr' id='par_1_2' title="bbox 386 462 2666 795">
     <span class='ocr_line' id='line_1_2' title="bbox 397 462 2666 568; baseline -0.008 -21"><span class='ocrx_word' id='word_1_6' title='bbox 397 480 677 550; x_wconf 73' lang='lat' dir='ltr'><strong>«doctor</strong></span> <span class='ocrx_word' id='word_1_7' title='bbox 715 483 779 547; x_wconf 90' lang='lat' dir='ltr'><strong>et</strong></span> <span class='ocrx_word' id='word_1_8' title='bbox 823 476 1138 568; x_wconf 79' lang='lat' dir='ltr'><strong>professor</strong></span> <span class='ocrx_word' id='word_1_9' title='bbox 1175 472 1571 555; x_wconf 87' lang='lat' dir='ltr'><strong>ordinarius,</strong></span> <span class='ocrx_word' id='word_1_10' title='bbox 1633 474 1756 539; x_wconf 90' lang='lat' dir='ltr'><strong>etc.</strong></span> <span class='ocrx_word' id='word_1_11' title='bbox 1811 493 1846 533; x_wconf 70' lang='grc' dir='ltr'>ι</span> <span class='ocrx_word' id='word_1_12' title='bbox 1899 464 2244 557; x_wconf 83' lang='lat' dir='ltr'><strong>Temporis</strong></span> <span class='ocrx_word' id='word_1_13' title='bbox 2285 462 2434 531; x_wconf 85' lang='lat' dir='ltr'><strong>data</strong></span> <span class='ocrx_word' id='word_1_14' title='bbox 2490 468 2666 533; x_wconf 84' lang='lat' dir='ltr'><strong>caret</strong></span> 
     </span>
     <span class='ocr_line' id='line_1_3' title="bbox 386 577 2664 680; baseline -0.008 -15"><span class='ocrx_word' id='word_1_15' title='bbox 386 596 553 667; x_wconf 84' lang='lat' dir='ltr'><strong>illud</strong></span> <span class='ocrx_word' id='word_1_16' title='bbox 582 594 1121 680; x_wconf 82' lang='lat' dir='ltr'><strong>instrumentum3</strong></span> <span class='ocrx_word' id='word_1_17' title='bbox 1162 590 1271 660; x_wconf 90' lang='lat' dir='ltr'><strong>sed</strong></span> <span class='ocrx_word' id='word_1_18' title='bbox 1298 610 1436 660; x_wconf 88' lang='lat' dir='ltr'><strong>esse</strong></span> <span class='ocrx_word' id='word_1_19' title='bbox 1467 588 1661 680; x_wconf 88' lang='lat' dir='ltr'><strong>paulo</strong></span> <span class='ocrx_word' id='word_1_20' title='bbox 1713 582 2002 657; x_wconf 87' lang='lat' dir='ltr'><strong>anterius</strong></span> <span class='ocrx_word' id='word_1_21' title='bbox 2053 602 2226 651; x_wconf 89' lang='lat' dir='ltr'><strong>anno</strong></span> <span class='ocrx_word' id='word_1_22' title='bbox 2277 578 2477 664; x_wconf 81' lang='lat'><strong>1630,</strong></span> <span class='ocrx_word' id='word_1_23' title='bbox 2509 577 2664 647; x_wconf 72' lang='lat' dir='ltr'><strong>vide</strong></span> 
     </span>
     <span class='ocr_line' id='line_1_4' title="bbox 391 676 2144 795; baseline -0.009 -14"><span class='ocrx_word' id='word_1_24' title='bbox 391 713 460 782; x_wconf 90' lang='lat' dir='ltr'><strong>in</strong></span> <span class='ocrx_word' id='word_1_25' title='bbox 488 710 812 780; x_wconf 79' lang='lat' dir='ltr'><strong><em>Hibernia</em></strong></span> <span class='ocrx_word' id='word_1_26' title='bbox 840 706 1297 787; x_wconf 81' lang='lat' dir='ltr'><strong>dominicana,</strong></span> <span class='ocrx_word' id='word_1_27' title='bbox 1321 703 1562 795; x_wconf 82' lang='lat' dir='ltr'><strong>pagina</strong></span> <span class='ocrx_word' id='word_1_28' title='bbox 1583 702 1702 771; x_wconf 89' lang='lat'><em>111.</em></span> <span class='ocrx_word' id='word_1_29' title='bbox 2131 676 2144 691; x_wconf 66' lang='lat'><em>⁰</em></span> 
     </span>
    </p>

    <p class='ocr_par' dir='ltr' id='par_1_3' title="bbox 322 810 2668 2757">
     <span class='ocr_line' id='line_1_5' title="bbox 480 810 2656 895; baseline -0.008 0"><span class='ocrx_word' id='word_1_30' title='bbox 480 824 820 895; x_wconf 76' lang='lat' dir='ltr'><strong>Probatur</strong></span> <span class='ocrx_word' id='word_1_31' title='bbox 848 824 912 895; x_wconf 71' lang='grc' dir='ltr'><strong>3ο</strong></span> <span class='ocrx_word' id='word_1_32' title='bbox 942 846 1025 893; x_wconf 76' lang='lat' dir='ltr'><strong>eae</strong></span> <span class='ocrx_word' id='word_1_33' title='bbox 1058 822 1237 891; x_wconf 82' lang='lat' dir='ltr'><strong>brevi</strong></span> <span class='ocrx_word' id='word_1_34' title='bbox 1273 818 1608 892; x_wconf 76' lang='lat' dir='ltr'><strong>Militantis</strong></span> <span class='ocrx_word' id='word_1_35' title='bbox 1645 814 1944 886; x_wconf 75' lang='lat' dir='ltr'><strong>Ecclesiae</strong></span> <span class='ocrx_word' id='word_1_36' title='bbox 1983 810 2324 882; x_wconf 69' lang='lat' dir='ltr'><strong>Benedicti</strong></span> <span class='ocrx_word' id='word_1_37' title='bbox 2351 812 2534 881; x_wconf 83' lang='lat' dir='ltr'><em>XIV.</em></span> <span class='ocrx_word' id='word_1_38' title='bbox 2565 844 2656 860; x_wconf 91' lang='lat'>—</span> 
     </span>
     <span class='ocr_line' id='line_1_6' title="bbox 390 926 2656 1035; baseline -0.007 -24"><span class='ocrx_word' id='word_1_39' title='bbox 390 941 873 1011; x_wconf 84' lang='lat' dir='ltr'><strong>Documentum</strong></span> <span class='ocrx_word' id='word_1_40' title='bbox 922 936 1087 1006; x_wconf 87' lang='lat' dir='ltr'><strong>illud</strong></span> <span class='ocrx_word' id='word_1_41' title='bbox 1123 936 1193 1005; x_wconf 89' lang='lat' dir='ltr'><strong>in</strong></span> <span class='ocrx_word' id='word_1_42' title='bbox 1238 933 1517 1035; x_wconf 71' lang='lat' dir='ltr'><strong>bullario</strong></span> <span class='ocrx_word' id='word_1_43' title='bbox 1566 928 1897 1000; x_wconf 76' lang='lat' dir='ltr'>Benedicti</span> <span class='ocrx_word' id='word_1_44' title='bbox 1947 926 2106 997; x_wconf 86' lang='lat' dir='ltr'><strong>XIV</strong></span> <span class='ocrx_word' id='word_1_45' title='bbox 2159 947 2292 995; x_wconf 89' lang='lat' dir='ltr'><strong>non</strong></span> <span class='ocrx_word' id='word_1_46' title='bbox 2341 926 2656 1016; x_wconf 52' lang='lat' dir='ltr'><strong>repet-iem</strong></span> 
     </span>
     <span class='ocr_line' id='line_1_7' title="bbox 390 1042 2654 1144; baseline -0.005 -19"><span class='ocrx_word' id='word_1_47' title='bbox 390 1056 501 1126; x_wconf 87' lang='lat' dir='ltr'><strong>sed</strong></span> <span class='ocrx_word' id='word_1_48' title='bbox 544 1076 659 1144; x_wconf 87' lang='lat' dir='ltr'><strong>per</strong></span> <span class='ocrx_word' id='word_1_49' title='bbox 698 1059 1030 1123; x_wconf 72' lang='lat' dir='ltr'><strong>extensum</strong></span> <span class='ocrx_word' id='word_1_50' title='bbox 1072 1050 1145 1120; x_wconf 88' lang='lat' dir='ltr'><strong>in</strong></span> <span class='ocrx_word' id='word_1_51' title='bbox 1188 1072 1307 1120; x_wconf 90' lang='lat' dir='ltr'><strong>sua</strong></span> <span class='ocrx_word' id='word_1_52' title='bbox 1344 1045 1675 1117; x_wconf 76' lang='lat' dir='ltr'><strong>Hibernia</strong></span> <span class='ocrx_word' id='word_1_53' title='bbox 1715 1042 2168 1128; x_wconf 72' lang='lat' dir='ltr'><strong>dominicam,</strong></span> <span class='ocrx_word' id='word_1_54' title='bbox 2219 1044 2460 1134; x_wconf 83' lang='lat' dir='ltr'><strong>pagina</strong></span> <span class='ocrx_word' id='word_1_55' title='bbox 2501 1042 2654 1131; x_wconf 84' lang='lat'><strong>363,</strong></span> 
     </span>
     <span class='ocr_line' id='line_1_8' title="bbox 322 1156 2668 1254; baseline -0.01 -7"><span class='ocrx_word' id='word_1_56' title='bbox 322 1241 328 1247; x_wconf 85' lang='lat'>.</span> <span class='ocrx_word' id='word_1_57' title='bbox 392 1170 557 1242; x_wconf 88' lang='lat' dir='ltr'><strong>illud</strong></span> <span class='ocrx_word' id='word_1_58' title='bbox 582 1170 801 1239; x_wconf 90' lang='lat' dir='ltr'><strong>retulit</strong></span> <span class='ocrx_word' id='word_1_59' title='bbox 823 1167 1107 1238; x_wconf 80' lang='lat' dir='ltr'><strong>Thomas</strong></span> <span class='ocrx_word' id='word_1_60' title='bbox 1133 1167 1212 1235; x_wconf 92' lang='lat' dir='ltr'><strong>de</strong></span> <span class='ocrx_word' id='word_1_61' title='bbox 1234 1164 1484 1254; x_wconf 82' lang='lat' dir='ltr'><strong>Burgo,</strong></span> <span class='ocrx_word' id='word_1_62' title='bbox 1507 1184 1584 1231; x_wconf 87' lang='lat' dir='ltr'><strong>ex</strong></span> <span class='ocrx_word' id='word_1_63' title='bbox 1611 1160 1990 1229; x_wconf 73' lang='lat' dir='ltr'><strong>authentico</strong></span> <span class='ocrx_word' id='word_1_64' title='bbox 2011 1156 2386 1248; x_wconf 58' lang='lat' dir='ltr'><strong>exemplari</strong></span> <span class='ocrx_word' id='word_1_65' title='bbox 2409 1156 2508 1249; x_wconf 86' lang='lat' dir='ltr'><strong>(ut</strong></span> <span class='ocrx_word' id='word_1_66' title='bbox 2534 1158 2668 1249; x_wconf 89' lang='lat' dir='ltr'><strong>ipse</strong></span> 
     </span>
     <span class='ocr_line' id='line_1_9' title="bbox 386 1270 2661 1378; baseline -0.007 -22"><span class='ocrx_word' id='word_1_67' title='bbox 386 1287 528 1378; x_wconf 88' lang='lat' dir='ltr'><strong>ait),</strong></span> <span class='ocrx_word' id='word_1_68' title='bbox 570 1286 743 1376; x_wconf 91' lang='lat' dir='ltr'><strong>quod</strong></span> <span class='ocrx_word' id='word_1_69' title='bbox 800 1282 1272 1368; x_wconf 78' lang='lat' dir='ltr'><strong>Waterfordiae,</strong></span> <span class='ocrx_word' id='word_1_70' title='bbox 1320 1282 1396 1365; x_wconf 75' lang='lat' dir='ltr'><strong>in</strong></span> <span class='ocrx_word' id='word_1_71' title='bbox 1447 1280 1768 1348; x_wconf 82' lang='lat' dir='ltr'><strong>conventu</strong></span> <span class='ocrx_word' id='word_1_72' title='bbox 1827 1273 2216 1345; x_wconf 88' lang='lat' dir='ltr'><strong>monialium</strong></span> <span class='ocrx_word' id='word_1_73' title='bbox 2261 1272 2482 1342; x_wconf 85' lang='lat' dir='ltr'><strong>Sancti</strong></span> <span class='ocrx_word' id='word_1_74' title='bbox 2535 1270 2661 1341; x_wconf 89' lang='lat' dir='ltr'><strong>Do-</strong></span> 
     </span>
     <span class='ocr_line' id='line_1_10' title="bbox 389 1386 2664 1488; baseline -0.006 -19"><span class='ocrx_word' id='word_1_75' title='bbox 389 1401 648 1488; x_wconf 86' lang='lat' dir='ltr'><strong>minici,</strong></span> <span class='ocrx_word' id='word_1_76' title='bbox 682 1407 838 1467; x_wconf 88' lang='lat' dir='ltr'><strong>tunc</strong></span> <span class='ocrx_word' id='word_1_77' title='bbox 865 1398 1172 1488; x_wconf 83' lang='lat' dir='ltr'><strong>temporis</strong></span> <span class='ocrx_word' id='word_1_78' title='bbox 1217 1394 1683 1465; x_wconf 80' lang='lat' dir='ltr'><strong>asservabatur.</strong></span> <span class='ocrx_word' id='word_1_79' title='bbox 1725 1390 1888 1471; x_wconf 84' lang='lat' dir='ltr'><strong>Quae</strong></span> <span class='ocrx_word' id='word_1_80' title='bbox 1934 1396 2153 1458; x_wconf 87' lang='lat' dir='ltr'><strong>autem</strong></span> <span class='ocrx_word' id='word_1_81' title='bbox 2197 1387 2390 1457; x_wconf 80' lang='lat' dir='ltr'><strong>fuerit</strong></span> <span class='ocrx_word' id='word_1_82' title='bbox 2431 1386 2664 1456; x_wconf 87' lang='lat' dir='ltr'><strong>edendi</strong></span> 
     </span>
     <span class='ocr_line' id='line_1_11' title="bbox 388 1500 2659 1610; baseline -0.008 -24"><span class='ocrx_word' id='word_1_83' title='bbox 388 1515 635 1609; x_wconf 79' lang='lat' dir='ltr'><strong>praet&#39;ati</strong></span> <span class='ocrx_word' id='word_1_84' title='bbox 685 1514 897 1610; x_wconf 78' lang='lat' dir='ltr'><strong>brevis</strong></span> <span class='ocrx_word' id='word_1_85' title='bbox 955 1534 1149 1582; x_wconf 88' lang='lat' dir='ltr'><strong>causa</strong></span> <span class='ocrx_word' id='word_1_86' title='bbox 1220 1511 1444 1602; x_wconf 82' lang='lat' dir='ltr'><strong>paucis</strong></span> <span class='ocrx_word' id='word_1_87' title='bbox 1506 1508 1752 1577; x_wconf 80' lang='lat' dir='ltr'><strong>ibidem</strong></span> <span class='ocrx_word' id='word_1_88' title='bbox 1808 1510 2148 1576; x_wconf 82' lang='lat' dir='ltr'><strong>enarratur</strong></span> <span class='ocrx_word' id='word_1_89' title='bbox 2197 1504 2428 1595; x_wconf 81' lang='lat' dir='ltr'><strong>pagina</strong></span> <span class='ocrx_word' id='word_1_90' title='bbox 2497 1500 2659 1571; x_wconf 83' lang='lat'><strong>362.</strong></span> 
     </span>
     <span class='ocr_line' id='line_1_12' title="bbox 390 1617 2664 1722; baseline -0.006 -23"><span class='ocrx_word' id='word_1_91' title='bbox 390 1628 625 1722; x_wconf 88' lang='lat' dir='ltr'><strong>Opinio</strong></span> <span class='ocrx_word' id='word_1_92' title='bbox 702 1628 1061 1699; x_wconf 83' lang='lat' dir='ltr'><strong>multorum</strong></span> <span class='ocrx_word' id='word_1_93' title='bbox 1132 1634 1267 1695; x_wconf 87' lang='lat' dir='ltr'><strong>erat</strong></span> <span class='ocrx_word' id='word_1_94' title='bbox 1318 1625 1628 1694; x_wconf 79' lang='lat' dir='ltr'><strong>exstitisse</strong></span> <span class='ocrx_word' id='word_1_95' title='bbox 1676 1622 1839 1692; x_wconf 89' lang='lat' dir='ltr'><strong>olim</strong></span> <span class='ocrx_word' id='word_1_96' title='bbox 1906 1618 2340 1691; x_wconf 77' lang='lat' dir='ltr'><strong>waterfordiae</strong></span> <span class='ocrx_word' id='word_1_97' title='bbox 2403 1617 2664 1685; x_wconf 89' lang='lat' dir='ltr'><strong>monia-</strong></span> 
     </span>
     <span class='ocr_line' id='line_1_13' title="bbox 387 1730 2656 1823; baseline -0.007 -9"><span class='ocrx_word' id='word_1_98' title='bbox 387 1746 555 1814; x_wconf 88' lang='lat' dir='ltr'><strong>lium</strong></span> <span class='ocrx_word' id='word_1_99' title='bbox 590 1744 811 1815; x_wconf 85' lang='lat' dir='ltr'><strong>Sancti</strong></span> <span class='ocrx_word' id='word_1_100' title='bbox 838 1743 1161 1814; x_wconf 89' lang='lat' dir='ltr'><strong>Dominici</strong></span> <span class='ocrx_word' id='word_1_101' title='bbox 1188 1748 1606 1823; x_wconf 79' lang='lat' dir='ltr'><strong>conventum,</strong></span> <span class='ocrx_word' id='word_1_102' title='bbox 1637 1738 1764 1807; x_wconf 90' lang='lat' dir='ltr'><strong>sub</strong></span> <span class='ocrx_word' id='word_1_103' title='bbox 1809 1736 1994 1805; x_wconf 90' lang='lat' dir='ltr'><strong>titulo</strong></span> <span class='ocrx_word' id='word_1_104' title='bbox 2025 1734 2276 1804; x_wconf 64' lang='lat' dir='ltr'><strong>Sanctae</strong></span> <span class='ocrx_word' id='word_1_105' title='bbox 2295 1730 2656 1801; x_wconf 72' lang='lat' dir='ltr'><strong>Catharinae</strong></span> 
     </span>
     <span class='ocr_line' id='line_1_14' title="bbox 392 1849 2660 1947; baseline -0.007 -18"><span class='ocrx_word' id='word_1_106' title='bbox 392 1859 741 1946; x_wconf 83' lang='lat' dir='ltr'><strong>Senensis3</strong></span> <span class='ocrx_word' id='word_1_107' title='bbox 794 1861 1337 1947; x_wconf 80' lang='lat' dir='ltr'><strong>vehementerque</strong></span> <span class='ocrx_word' id='word_1_108' title='bbox 1384 1854 1720 1946; x_wconf 87' lang='lat' dir='ltr'><strong>·optabant</strong></span> <span class='ocrx_word' id='word_1_109' title='bbox 1795 1849 2374 1921; x_wconf 70' lang='lat' dir='ltr'><strong>waterfordiensoe</strong></span> <span class='ocrx_word' id='word_1_110' title='bbox 2427 1868 2660 1915; x_wconf 88' lang='lat' dir='ltr'><strong>mona-</strong></span> 
     </span>
     <span class='ocr_line' id='line_1_15' title="bbox 392 1964 2650 2059; baseline -0.006 -14"><span class='ocrx_word' id='word_1_111' title='bbox 392 1978 663 2046; x_wconf 88' lang='lat' dir='ltr'><strong>sterium</strong></span> <span class='ocrx_word' id='word_1_112' title='bbox 696 1976 861 2046; x_wconf 92' lang='lat' dir='ltr'><strong>illud</strong></span> <span class='ocrx_word' id='word_1_113' title='bbox 899 1976 1176 2055; x_wconf 84' lang='lat' dir='ltr'><strong>restitui,</strong></span> <span class='ocrx_word' id='word_1_114' title='bbox 1208 1995 1319 2043; x_wconf 90' lang='lat' dir='ltr'><strong>seu</strong></span> <span class='ocrx_word' id='word_1_115' title='bbox 1363 1973 1444 2040; x_wconf 89' lang='lat' dir='ltr'><strong>de</strong></span> <span class='ocrx_word' id='word_1_116' title='bbox 1481 1992 1645 2039; x_wconf 89' lang='lat' dir='ltr'><strong>novo</strong></span> <span class='ocrx_word' id='word_1_117' title='bbox 1675 1968 1864 2059; x_wconf 86' lang='lat' dir='ltr'><strong>erigi.</strong></span> <span class='ocrx_word' id='word_1_118' title='bbox 1902 1966 2074 2035; x_wconf 84' lang='lat' dir='ltr'><strong>Hinc</strong></span> <span class='ocrx_word' id='word_1_119' title='bbox 2113 1966 2184 2034; x_wconf 90' lang='lat' dir='ltr'><strong>in</strong></span> <span class='ocrx_word' id='word_1_120' title='bbox 2229 1964 2516 2055; x_wconf 85' lang='lat' dir='ltr'><strong>capitulo</strong></span> <span class='ocrx_word' id='word_1_121' title='bbox 2543 1985 2650 2054; x_wconf 85' lang='lat' dir='ltr'><strong>ge-</strong></span> 
     </span>
     <span class='ocr_line' id='line_1_16' title="bbox 393 2078 2651 2173; baseline -0.006 -14"><span class='ocrx_word' id='word_1_122' title='bbox 393 2091 595 2160; x_wconf 83' lang='lat' dir='ltr'><strong>nerali</strong></span> <span class='ocrx_word' id='word_1_123' title='bbox 645 2088 1229 2159; x_wconf 88' lang='lat' dir='ltr'><strong>Dominicanorum</strong></span> <span class='ocrx_word' id='word_1_124' title='bbox 1282 2088 1443 2158; x_wconf 88' lang='lat' dir='ltr'><strong>anni</strong></span> <span class='ocrx_word' id='word_1_125' title='bbox 1491 2085 1690 2173; x_wconf 80' lang='lat'><strong>1725,</strong></span> <span class='ocrx_word' id='word_1_126' title='bbox 1736 2081 2121 2153; x_wconf 77' lang='lat' dir='ltr'><strong>provinciali</strong></span> <span class='ocrx_word' id='word_1_127' title='bbox 2171 2079 2504 2149; x_wconf 82' lang='lat' dir='ltr'><strong>Hiberniae</strong></span> <span class='ocrx_word' id='word_1_128' title='bbox 2555 2078 2651 2146; x_wconf 90' lang='lat' dir='ltr'><strong>di-</strong></span> 
     </span>
     <span class='ocr_line' id='line_1_17' title="bbox 395 2196 2660 2285; baseline -0.004 -14"><span class='ocrx_word' id='word_1_129' title='bbox 395 2211 574 2272; x_wconf 89' lang='lat' dir='ltr'><strong>ctum</strong></span> <span class='ocrx_word' id='word_1_130' title='bbox 617 2204 1083 2271; x_wconf 88' lang='lat' dir='ltr'><strong>monasterium</strong></span> <span class='ocrx_word' id='word_1_131' title='bbox 1130 2199 1451 2269; x_wconf 84' lang='lat' dir='ltr'><strong>excitandi</strong></span> <span class='ocrx_word' id='word_1_132' title='bbox 1497 2220 1800 2268; x_wconf 84' lang='lat' dir='ltr'><strong>concessa</strong></span> <span class='ocrx_word' id='word_1_133' title='bbox 1834 2196 2096 2267; x_wconf 87' lang='lat' dir='ltr'><strong>licentia</strong></span> <span class='ocrx_word' id='word_1_134' title='bbox 2119 2202 2238 2278; x_wconf 88' lang='lat' dir='ltr'><strong>est,</strong></span> <span class='ocrx_word' id='word_1_135' title='bbox 2266 2202 2462 2285; x_wconf 85' lang='lat' dir='ltr'><strong>atque</strong></span> <span class='ocrx_word' id='word_1_136' title='bbox 2497 2215 2660 2264; x_wconf 86' lang='lat' dir='ltr'><strong>anno</strong></span> 
     </span>
     <span class='ocr_line' id='line_1_18' title="bbox 394 2294 2661 2386; baseline -0.003 -3"><span class='ocrx_word' id='word_1_137' title='bbox 394 2314 655 2384; x_wconf 88' lang='lat' dir='ltr'><strong>tandem</strong></span> <span class='ocrx_word' id='word_1_138' title='bbox 697 2316 868 2386; x_wconf 86' lang='lat'>1735</span> <span class='ocrx_word' id='word_1_139' title='bbox 916 2317 1039 2385; x_wconf 79' lang='lat' dir='ltr'><strong>fuit</strong></span> <span class='ocrx_word' id='word_1_140' title='bbox 1074 2294 1175 2383; x_wconf 82' lang='lat' dir='ltr'><strong>res</strong></span> <span class='ocrx_word' id='word_1_141' title='bbox 1214 2314 1297 2382; x_wconf 88' lang='lat' dir='ltr'><strong>ad</strong></span> <span class='ocrx_word' id='word_1_142' title='bbox 1334 2314 1773 2383; x_wconf 83' lang='lat' dir='ltr'><strong>executionem</strong></span> <span class='ocrx_word' id='word_1_143' title='bbox 1813 2313 2109 2383; x_wconf 88' lang='lat' dir='ltr'><strong>deducta.</strong></span> <span class='ocrx_word' id='word_1_144' title='bbox 2172 2311 2227 2380; x_wconf 89' lang='lat' dir='ltr'><strong>E</strong></span> <span class='ocrx_word' id='word_1_145' title='bbox 2279 2310 2661 2381; x_wconf 85' lang='lat' dir='ltr'><strong>monasterio</strong></span> 
     </span>
     <span class='ocr_line' id='line_1_19' title="bbox 394 2426 2660 2519; baseline -0.004 -20"><span class='ocrx_word' id='word_1_146' title='bbox 394 2429 806 2499; x_wconf 87' lang='lat' dir='ltr'><strong>Dubliniensi</strong></span> <span class='ocrx_word' id='word_1_147' title='bbox 848 2428 1339 2500; x_wconf 82' lang='lat' dir='ltr'><strong>Waterfordiam</strong></span> <span class='ocrx_word' id='word_1_148' title='bbox 1390 2428 1584 2497; x_wconf 87' lang='lat' dir='ltr'><strong>missa</strong></span> <span class='ocrx_word' id='word_1_149' title='bbox 1635 2436 1732 2500; x_wconf 90' lang='lat' dir='ltr'><strong>est</strong></span> <span class='ocrx_word' id='word_1_150' title='bbox 1779 2450 1958 2499; x_wconf 86' lang='lat' dir='ltr'><strong>soror</strong></span> <span class='ocrx_word' id='word_1_151' title='bbox 2007 2427 2284 2519; x_wconf 80' lang='lat' dir='ltr'><strong>professa</strong></span> <span class='ocrx_word' id='word_1_152' title='bbox 2334 2426 2660 2496; x_wconf 84' lang='lat' dir='ltr'><strong>Anastasia</strong></span> 
     </span>
     <span class='ocr_line' id='line_1_20' title="bbox 396 2546 2660 2641; baseline -0.002 -22"><span class='ocrx_word' id='word_1_153' title='bbox 396 2550 626 2638; x_wconf 78' lang='lat' dir='ltr'><strong>Wyse‚</strong></span> <span class='ocrx_word' id='word_1_154' title='bbox 659 2572 803 2640; x_wconf 84' lang='lat' dir='ltr'><strong>quae</strong></span> <span class='ocrx_word' id='word_1_155' title='bbox 847 2570 1014 2618; x_wconf 86' lang='lat' dir='ltr'><strong>novo</strong></span> <span class='ocrx_word' id='word_1_156' title='bbox 1058 2548 1403 2618; x_wconf 86' lang='lat' dir='ltr'><strong>conventui</strong></span> <span class='ocrx_word' id='word_1_157' title='bbox 1457 2548 1845 2641; x_wconf 63' lang='lat' dir='ltr'><strong>praesideret.</strong></span> <span class='ocrx_word' id='word_1_158' title='bbox 1891 2546 2204 2617; x_wconf 83' lang='lat' dir='ltr'><strong>Exulante</strong></span> <span class='ocrx_word' id='word_1_159' title='bbox 2239 2553 2462 2616; x_wconf 87' lang='lat' dir='ltr'><strong>autem</strong></span> <span class='ocrx_word' id='word_1_160' title='bbox 2518 2555 2660 2615; x_wconf 86' lang='lat' dir='ltr'><strong>tunc</strong></span> 
     </span>
     <span class='ocr_line' id='line_1_21' title="bbox 395 2661 2656 2757; baseline -0.002 -23"><span class='ocrx_word' id='word_1_161' title='bbox 395 2666 465 2734; x_wconf 87' lang='lat' dir='ltr'><strong>in</strong></span> <span class='ocrx_word' id='word_1_162' title='bbox 496 2664 724 2735; x_wconf 87' lang='lat' dir='ltr'><strong>Galliis</strong></span> <span class='ocrx_word' id='word_1_163' title='bbox 759 2662 1297 2735; x_wconf 79' lang='lat' dir='ltr'><strong>waterfordiensi</strong></span> <span class='ocrx_word' id='word_1_164' title='bbox 1326 2664 1677 2757; x_wconf 83' lang='lat' dir='ltr'><strong>Episcopo,</strong></span> <span class='ocrx_word' id='word_1_165' title='bbox 1707 2685 1952 2735; x_wconf 79' lang='lat' dir='ltr'><strong>novum</strong></span> <span class='ocrx_word' id='word_1_166' title='bbox 1997 2667 2394 2734; x_wconf 84' lang='lat' dir='ltr'><strong>conventum</strong></span> <span class='ocrx_word' id='word_1_167' title='bbox 2433 2661 2656 2731; x_wconf 88' lang='lat' dir='ltr'><strong>incho—</strong></span> 
     </span>
    </p>
   </div>
   <div class='ocr_carea' id='block_1_3' title="bbox 396 2758 2806 2867">
    <p class='ocr_par' dir='ltr' id='par_1_4' title="bbox 396 2758 2806 2867">
     <span class='ocr_line' id='line_1_22' title="bbox 396 2758 2806 2867; baseline -0.002 -21"><span class='ocrx_word' id='word_1_168' title='bbox 396 2778 551 2846; x_wconf 88' lang='lat' dir='ltr'><strong>andi</strong></span> <span class='ocrx_word' id='word_1_169' title='bbox 586 2776 915 2847; x_wconf 81' lang='lat' dir='ltr'><strong>licentiam</strong></span> <span class='ocrx_word' id='word_1_170' title='bbox 960 2777 1137 2846; x_wconf 89' lang='lat' dir='ltr'><strong>dedit</strong></span> <span class='ocrx_word' id='word_1_171' title='bbox 1178 2776 1458 2846; x_wconf 80' lang='lat' dir='ltr'><strong>vicarius</strong></span> <span class='ocrx_word' id='word_1_172' title='bbox 1507 2778 1652 2867; x_wconf 86' lang='lat' dir='ltr'><strong>ejus</strong></span> <span class='ocrx_word' id='word_1_173' title='bbox 1698 2777 2040 2867; x_wconf 84' lang='lat' dir='ltr'><strong>generalis.</strong></span> <span class='ocrx_word' id='word_1_174' title='bbox 2097 2758 2373 2864; x_wconf 78' lang='lat' dir='ltr'><strong>Jamque</strong></span> <span class='ocrx_word' id='word_1_175' title='bbox 2408 2772 2498 2841; x_wconf 88' lang='lat' dir='ltr'><strong>ad</strong></span> <span class='ocrx_word' id='word_1_176' title='bbox 2527 2794 2664 2863; x_wconf 88' lang='lat' dir='ltr'><strong>pro-</strong></span> <span class='ocrx_word' id='word_1_177' title='bbox 2791 2846 2806 2861; x_wconf 55' lang='grc'>,</span> 
     </span>
    </p>
   </div>
   <div class='ocr_carea' id='block_1_4' title="bbox 386 2888 2663 4127">
    <p class='ocr_par' dir='ltr' id='par_1_5' title="bbox 386 2888 2663 4127">
     <span class='ocr_line' id='line_1_23' title="bbox 396 2888 2662 2985; baseline -0.003 -24"><span class='ocrx_word' id='word_1_178' title='bbox 396 2893 737 2962; x_wconf 73' lang='lat' dir='ltr'><strong>sessionem</strong></span> <span class='ocrx_word' id='word_1_179' title='bbox 786 2899 1041 2985; x_wconf 87' lang='lat' dir='ltr'><strong>recepta</strong></span> <span class='ocrx_word' id='word_1_180' title='bbox 1088 2892 1298 2961; x_wconf 83' lang='lat' dir='ltr'><strong>fuerat</strong></span> <span class='ocrx_word' id='word_1_181' title='bbox 1366 2891 1666 2962; x_wconf 87' lang='lat' dir='ltr'><strong>monialis</strong></span> <span class='ocrx_word' id='word_1_182' title='bbox 1717 2892 2044 2982; x_wconf 63' lang='lat' dir='ltr'><strong>quaedam,</strong></span> <span class='ocrx_word' id='word_1_183' title='bbox 2099 2894 2162 2959; x_wconf 89' lang='lat' dir='ltr'><strong>et</strong></span> <span class='ocrx_word' id='word_1_184' title='bbox 2223 2889 2421 2960; x_wconf 88' lang='lat' dir='ltr'><strong>altera</strong></span> <span class='ocrx_word' id='word_1_185' title='bbox 2485 2888 2662 2957; x_wconf 88' lang='lat' dir='ltr'><strong>novi-</strong></span> 
     </span>
     <span class='ocr_line' id='line_1_24' title="bbox 396 3002 2654 3097; baseline -0.002 -23"><span class='ocrx_word' id='word_1_186' title='bbox 396 3009 587 3076; x_wconf 87' lang='lat' dir='ltr'><strong>tiatus</strong></span> <span class='ocrx_word' id='word_1_187' title='bbox 632 3008 1039 3078; x_wconf 87' lang='lat' dir='ltr'><strong>curriculum</strong></span> <span class='ocrx_word' id='word_1_188' title='bbox 1102 3002 1485 3097; x_wconf 72' lang='lat' dir='ltr'><strong>eipleverat,</strong></span> <span class='ocrx_word' id='word_1_189' title='bbox 1547 3028 1702 3075; x_wconf 88' lang='lat' dir='ltr'><strong>cum</strong></span> <span class='ocrx_word' id='word_1_190' title='bbox 1767 3013 1907 3076; x_wconf 86' lang='lat' dir='ltr'><strong>orta</strong></span> <span class='ocrx_word' id='word_1_191' title='bbox 1955 3004 2270 3076; x_wconf 83' lang='lat' dir='ltr'><strong>dubitatio</strong></span> <span class='ocrx_word' id='word_1_192' title='bbox 2314 3010 2429 3089; x_wconf 85' lang='lat' dir='ltr'><strong>est,</strong></span> <span class='ocrx_word' id='word_1_193' title='bbox 2497 3022 2654 3073; x_wconf 89' lang='lat' dir='ltr'><strong>num</strong></span> 
     </span>
     <span class='ocr_line' id='line_1_25' title="bbox 394 3110 2662 3198; baseline -0.002 -4"><span class='ocrx_word' id='word_1_194' title='bbox 394 3126 555 3197; x_wconf 86' lang='lat' dir='ltr'><strong>forte</strong></span> <span class='ocrx_word' id='word_1_195' title='bbox 626 3129 775 3197; x_wconf 75' lang='lat' dir='ltr'><strong>novi</strong></span> <span class='ocrx_word' id='word_1_196' title='bbox 842 3132 1195 3197; x_wconf 83' lang='lat' dir='ltr'><strong>conventus</strong></span> <span class='ocrx_word' id='word_1_197' title='bbox 1258 3110 1555 3196; x_wconf 84' lang='lat' dir='ltr'><strong>fundatio</strong></span> <span class='ocrx_word' id='word_1_198' title='bbox 1615 3126 1905 3198; x_wconf 84' lang='lat' dir='ltr'><strong>nullitate</strong></span> <span class='ocrx_word' id='word_1_199' title='bbox 1960 3127 2298 3196; x_wconf 83' lang='lat' dir='ltr'><strong>laboraret.</strong></span> <span class='ocrx_word' id='word_1_200' title='bbox 2358 3124 2534 3194; x_wconf 84' lang='lat' dir='ltr'><strong>Hinc</strong></span> <span class='ocrx_word' id='word_1_201' title='bbox 2585 3122 2662 3190; x_wconf 90' lang='lat' dir='ltr'><strong>ad</strong></span> 
     </span>
     <span class='ocr_line' id='line_1_26' title="bbox 394 3238 2660 3333; baseline -0.003 -24"><span class='ocrx_word' id='word_1_202' title='bbox 394 3242 611 3311; x_wconf 89' lang='lat' dir='ltr'><strong>sedem</strong></span> <span class='ocrx_word' id='word_1_203' title='bbox 654 3244 1093 3333; x_wconf 84' lang='lat' dir='ltr'><strong>Apostolicam</strong></span> <span class='ocrx_word' id='word_1_204' title='bbox 1152 3242 1488 3312; x_wconf 85' lang='lat' dir='ltr'><strong>institutus</strong></span> <span class='ocrx_word' id='word_1_205' title='bbox 1541 3262 1866 3328; x_wconf 75' lang='lat' dir='ltr'><strong>recursus’‚</strong></span> <span class='ocrx_word' id='word_1_206' title='bbox 1917 3249 1988 3311; x_wconf 91' lang='lat' dir='ltr'><strong>ut</strong></span> <span class='ocrx_word' id='word_1_207' title='bbox 2035 3241 2316 3311; x_wconf 85' lang='lat' dir='ltr'><strong>dubium</strong></span> <span class='ocrx_word' id='word_1_208' title='bbox 2367 3238 2660 3321; x_wconf 81' lang='lat' dir='ltr'><strong>solveret,</strong></span> 
     </span>
     <span class='ocr_line' id='line_1_27' title="bbox 394 3352 2662 3449; baseline -0.001 -27"><span class='ocrx_word' id='word_1_209' title='bbox 394 3361 459 3423; x_wconf 89' lang='lat' dir='ltr'><strong>et</strong></span> <span class='ocrx_word' id='word_1_210' title='bbox 484 3355 790 3443; x_wconf 81' lang='lat' dir='ltr'><strong>defectus,</strong></span> <span class='ocrx_word' id='word_1_211' title='bbox 836 3365 977 3428; x_wconf 90' lang='lat' dir='ltr'><strong>tum</strong></span> <span class='ocrx_word' id='word_1_212' title='bbox 1014 3359 1262 3427; x_wconf 72' lang='lat' dir='ltr'><strong>emissae</strong></span> <span class='ocrx_word' id='word_1_213' title='bbox 1321 3358 1754 3449; x_wconf 75' lang='lat' dir='ltr'><strong>professioniS,</strong></span> <span class='ocrx_word' id='word_1_214' title='bbox 1803 3366 1946 3428; x_wconf 90' lang='lat' dir='ltr'><strong>tum</strong></span> <span class='ocrx_word' id='word_1_215' title='bbox 1999 3356 2152 3427; x_wconf 79' lang='lat' dir='ltr'><strong>facti</strong></span> <span class='ocrx_word' id='word_1_216' title='bbox 2189 3356 2565 3440; x_wconf 85' lang='lat' dir='ltr'><strong>novitiatus,</strong></span> <span class='ocrx_word' id='word_1_217' title='bbox 2613 3352 2662 3420; x_wconf 88' lang='lat' dir='ltr'><strong>si</strong></span> 
     </span>
     <span class='ocr_line' id='line_1_28' title="bbox 394 3470 2662 3567; baseline -0.003 -28"><span class='ocrx_word' id='word_1_218' title='bbox 394 3470 509 3561; x_wconf 90' lang='lat' dir='ltr'><strong>qui</strong></span> <span class='ocrx_word' id='word_1_219' title='bbox 561 3472 1073 3560; x_wconf 85' lang='lat' dir='ltr'><strong>intervenissent,</strong></span> <span class='ocrx_word' id='word_1_220' title='bbox 1114 3478 1387 3543; x_wconf 87' lang='lat' dir='ltr'><strong>sanaret.</strong></span> <span class='ocrx_word' id='word_1_221' title='bbox 1437 3472 1642 3541; x_wconf 90' lang='lat' dir='ltr'><strong>Causa</strong></span> <span class='ocrx_word' id='word_1_222' title='bbox 1687 3472 2026 3543; x_wconf 88' lang='lat' dir='ltr'><strong>dubitandi</strong></span> <span class='ocrx_word' id='word_1_223' title='bbox 2090 3472 2312 3567; x_wconf 81' lang='lat' dir='ltr'><strong>(quam</strong></span> <span class='ocrx_word' id='word_1_224' title='bbox 2365 3490 2506 3539; x_wconf 88' lang='lat' dir='ltr'><strong>non</strong></span> <span class='ocrx_word' id='word_1_225' title='bbox 2567 3486 2662 3535; x_wconf 84' lang='lat' dir='ltr'><strong>ex-</strong></span> 
     </span>
     <span class='ocr_line' id='line_1_29' title="bbox 396 3584 2663 3680; baseline -0.003 -25"><span class='ocrx_word' id='word_1_226' title='bbox 396 3588 622 3676; x_wconf 87' lang='lat' dir='ltr'><strong>primit</strong></span> <span class='ocrx_word' id='word_1_227' title='bbox 660 3588 945 3657; x_wconf 85' lang='lat' dir='ltr'><strong>Thomas</strong></span> <span class='ocrx_word' id='word_1_228' title='bbox 1001 3588 1079 3656; x_wconf 88' lang='lat' dir='ltr'><strong>de</strong></span> <span class='ocrx_word' id='word_1_229' title='bbox 1126 3586 1396 3680; x_wconf 86' lang='lat' dir='ltr'><strong>Burgo)‚</strong></span> <span class='ocrx_word' id='word_1_230' title='bbox 1448 3588 1559 3657; x_wconf 89' lang='lat' dir='ltr'><strong>sed</strong></span> <span class='ocrx_word' id='word_1_231' title='bbox 1604 3609 1750 3679; x_wconf 84' lang='lat' dir='ltr'><strong>quae</strong></span> <span class='ocrx_word' id='word_1_232' title='bbox 1775 3610 1851 3657; x_wconf 91' lang='lat' dir='ltr'><strong>ex</strong></span> <span class='ocrx_word' id='word_1_233' title='bbox 1899 3589 2038 3679; x_wconf 89' lang='lat' dir='ltr'><strong>ipso</strong></span> <span class='ocrx_word' id='word_1_234' title='bbox 2083 3588 2298 3656; x_wconf 86' lang='lat' dir='ltr'><strong>brevis</strong></span> <span class='ocrx_word' id='word_1_235' title='bbox 2325 3592 2552 3655; x_wconf 90' lang='lat' dir='ltr'><strong>tenore</strong></span> <span class='ocrx_word' id='word_1_236' title='bbox 2573 3584 2663 3649; x_wconf 83' lang='lat' dir='ltr'><strong>sat</strong></span> 
     </span>
     <span class='ocr_line' id='line_1_30' title="bbox 386 3704 2662 3797; baseline -0.002 -24"><span class='ocrx_word' id='word_1_237' title='bbox 386 3705 721 3789; x_wconf 82' lang='lat' dir='ltr'><strong>innuitur,</strong></span> <span class='ocrx_word' id='word_1_238' title='bbox 768 3707 1023 3776; x_wconf 78' lang='lat' dir='ltr'><strong>videtur</strong></span> <span class='ocrx_word' id='word_1_239' title='bbox 1077 3706 1295 3794; x_wconf 79' lang='lat' dir='ltr'><strong>fuisse,</strong></span> <span class='ocrx_word' id='word_1_240' title='bbox 1351 3708 1529 3797; x_wconf 88' lang='lat' dir='ltr'><strong>quod</strong></span> <span class='ocrx_word' id='word_1_241' title='bbox 1573 3708 1852 3777; x_wconf 76' lang='lat' dir='ltr'><strong>vicarius</strong></span> <span class='ocrx_word' id='word_1_242' title='bbox 1881 3704 2200 3797; x_wconf 83' lang='lat' dir='ltr'><strong>generalis</strong></span> <span class='ocrx_word' id='word_1_243' title='bbox 2234 3704 2484 3795; x_wconf 84' lang='lat' dir='ltr'><strong>absque</strong></span> <span class='ocrx_word' id='word_1_244' title='bbox 2521 3720 2662 3792; x_wconf 84' lang='lat' dir='ltr'><strong>spe-</strong></span> 
     </span>
     <span class='ocr_line' id='line_1_31' title="bbox 396 3822 2655 3917; baseline -0.002 -22"><span class='ocrx_word' id='word_1_245' title='bbox 396 3826 545 3895; x_wconf 87' lang='lat' dir='ltr'><strong>ciali</strong></span> <span class='ocrx_word' id='word_1_246' title='bbox 576 3826 875 3897; x_wconf 87' lang='lat' dir='ltr'><strong>mandato</strong></span> <span class='ocrx_word' id='word_1_247' title='bbox 903 3828 1005 3895; x_wconf 91' lang='lat' dir='ltr'><strong>sui</strong></span> <span class='ocrx_word' id='word_1_248' title='bbox 1032 3823 1335 3917; x_wconf 87' lang='lat' dir='ltr'><strong>Episcopi</strong></span> <span class='ocrx_word' id='word_1_249' title='bbox 1378 3826 1710 3897; x_wconf 86' lang='lat' dir='ltr'><strong>licentiam</strong></span> <span class='ocrx_word' id='word_1_250' title='bbox 1759 3826 2060 3907; x_wconf 88' lang='lat' dir='ltr'><strong>dedisset,</strong></span> <span class='ocrx_word' id='word_1_251' title='bbox 2103 3846 2223 3894; x_wconf 89' lang='lat' dir='ltr'><strong>nec</strong></span> <span class='ocrx_word' id='word_1_252' title='bbox 2247 3845 2286 3892; x_wconf 85' lang='lat' dir='ltr'><strong>a</strong></span> <span class='ocrx_word' id='word_1_253' title='bbox 2313 3822 2464 3891; x_wconf 86' lang='lat' dir='ltr'><strong>sede</strong></span> <span class='ocrx_word' id='word_1_254' title='bbox 2492 3822 2655 3910; x_wconf 83' lang='lat' dir='ltr'><strong>Apo-</strong></span> 
     </span>
     <span class='ocr_line' id='line_1_32' title="bbox 396 3933 2657 4026; baseline -0.004 -17"><span class='ocrx_word' id='word_1_255' title='bbox 396 3944 619 4011; x_wconf 85' lang='lat' dir='ltr'><strong>stolica</strong></span> <span class='ocrx_word' id='word_1_256' title='bbox 662 3944 921 4013; x_wconf 90' lang='lat' dir='ltr'><strong>obtenta</strong></span> <span class='ocrx_word' id='word_1_257' title='bbox 976 3941 1205 4010; x_wconf 80' lang='lat' dir='ltr'><strong>fuisset</strong></span> <span class='ocrx_word' id='word_1_258' title='bbox 1248 3939 1557 4026; x_wconf 77' lang='lat' dir='ltr'><strong>facultas3</strong></span> <span class='ocrx_word' id='word_1_259' title='bbox 1617 3950 1679 4011; x_wconf 86' lang='lat' dir='ltr'><strong>et</strong></span> <span class='ocrx_word' id='word_1_260' title='bbox 1729 3943 1926 4013; x_wconf 89' lang='lat' dir='ltr'><strong>simul</strong></span> <span class='ocrx_word' id='word_1_261' title='bbox 1969 3963 2104 4011; x_wconf 91' lang='lat' dir='ltr'><strong>non</strong></span> <span class='ocrx_word' id='word_1_262' title='bbox 2151 3943 2470 4010; x_wconf 87' lang='lat' dir='ltr'><strong>constaret</strong></span> <span class='ocrx_word' id='word_1_263' title='bbox 2507 3933 2657 4004; x_wconf 89' lang='lat' dir='ltr'><strong>olim</strong></span> 
     </span>
     <span class='ocr_line' id='line_1_33' title="bbox 399 4045 2655 4127; baseline -0.006 -2"><span class='ocrx_word' id='word_1_264' title='bbox 399 4053 851 4127; x_wconf 49' lang='lat' dir='ltr'><strong>Wa’terfordiae</strong></span> <span class='ocrx_word' id='word_1_265' title='bbox 900 4055 1213 4126; x_wconf 87' lang='lat' dir='ltr'><strong>exstitisse</strong></span> <span class='ocrx_word' id='word_1_266' title='bbox 1263 4054 1840 4126; x_wconf 87' lang='lat' dir='ltr'><strong>Dominicanarum</strong></span> <span class='ocrx_word' id='word_1_267' title='bbox 1889 4055 2384 4126; x_wconf 86' lang='lat' dir='ltr'><strong>monasterium.</strong></span> <span class='ocrx_word' id='word_1_268' title='bbox 2414 4050 2577 4119; x_wconf 86' lang='lat' dir='ltr'><strong>Nam</strong></span> <span class='ocrx_word' id='word_1_269' title='bbox 2603 4045 2655 4113; x_wconf 86' lang='lat' dir='ltr'><strong>si</strong></span> 
     </span>
    </p>
   </div>
   <div class='ocr_carea' id='block_1_5' title="bbox 397 4166 2809 4271">
    <p class='ocr_par' dir='ltr' id='par_1_6' title="bbox 397 4166 2809 4271">
     <span class='ocr_line' id='line_1_34' title="bbox 397 4166 2809 4271; baseline -0.005 -30"><span class='ocrx_word' id='word_1_270' title='bbox 397 4174 584 4263; x_wconf 89' lang='lat' dir='ltr'><strong>prius</strong></span> <span class='ocrx_word' id='word_1_271' title='bbox 626 4195 754 4241; x_wconf 90' lang='lat' dir='ltr'><strong>non</strong></span> <span class='ocrx_word' id='word_1_272' title='bbox 785 4171 1101 4241; x_wconf 82' lang='lat' dir='ltr'><strong>exstiterat</strong></span> <span class='ocrx_word' id='word_1_273' title='bbox 1134 4170 1228 4239; x_wconf 91' lang='lat' dir='ltr'><strong>ibi</strong></span> <span class='ocrx_word' id='word_1_274' title='bbox 1274 4170 1587 4241; x_wconf 85' lang='lat' dir='ltr'><strong>harumce</strong></span> <span class='ocrx_word' id='word_1_275' title='bbox 1635 4172 2027 4241; x_wconf 87' lang='lat' dir='ltr'><strong>monialium</strong></span> <span class='ocrx_word' id='word_1_276' title='bbox 2071 4174 2448 4247; x_wconf 81' lang='lat' dir='ltr'><strong>conventus,</strong></span> <span class='ocrx_word' id='word_1_277' title='bbox 2489 4166 2682 4253; x_wconf 39' lang='lat' dir='ltr'><strong>locus,</strong></span> <span class='ocrx_word' id='word_1_278' title='bbox 2808 4186 2809 4271; x_wconf 36' lang='grc' dir='ltr'>ᾗ</span> 
     </span>
    </p>
   </div>
   <div class='ocr_carea' id='block_1_6' title="bbox 398 4275 2656 4473">
    <p class='ocr_par' dir='ltr' id='par_1_7' title="bbox 398 4275 2656 4473">
     <span class='ocr_line' id='line_1_35' title="bbox 398 4275 2656 4375; baseline -0.004 -22"><span class='ocrx_word' id='word_1_279' title='bbox 398 4294 535 4355; x_wconf 86' lang='lat' dir='ltr'><strong>erat</strong></span> <span class='ocrx_word' id='word_1_280' title='bbox 574 4310 706 4357; x_wconf 92' lang='lat' dir='ltr'><strong>non</strong></span> <span class='ocrx_word' id='word_1_281' title='bbox 734 4284 1143 4356; x_wconf 77' lang='lat' dir='ltr'><strong>restitutioni</strong></span> <span class='ocrx_word' id='word_1_282' title='bbox 1177 4283 1428 4375; x_wconf 84' lang='lat' dir='ltr'><strong>antiqui</strong></span> <span class='ocrx_word' id='word_1_283' title='bbox 1469 4294 1850 4371; x_wconf 55' lang='lat' dir='ltr'><strong>conventus„</strong></span> <span class='ocrx_word' id='word_1_284' title='bbox 1887 4287 1998 4358; x_wconf 89' lang='lat' dir='ltr'><strong>sed</strong></span> <span class='ocrx_word' id='word_1_285' title='bbox 2023 4286 2178 4357; x_wconf 78' lang='lat' dir='ltr'><strong>novi</strong></span> <span class='ocrx_word' id='word_1_286' title='bbox 2206 4279 2530 4353; x_wconf 79' lang='lat' dir='ltr'><strong>erectioni.</strong></span> <span class='ocrx_word' id='word_1_287' title='bbox 2561 4275 2656 4346; x_wconf 79' lang='lat' dir='ltr'><strong>Ad</strong></span> 
     </span>
     <span class='ocr_line' id='line_1_36' title="bbox 400 4392 2651 4473; baseline -0.002 -9"><span class='ocrx_word' id='word_1_288' title='bbox 400 4419 638 4465; x_wconf 77' lang='lat' dir='ltr'><strong>novam</strong></span> <span class='ocrx_word' id='word_1_289' title='bbox 674 4406 892 4467; x_wconf 87' lang='lat' dir='ltr'><strong>autem</strong></span> <span class='ocrx_word' id='word_1_290' title='bbox 924 4400 1311 4467; x_wconf 86' lang='lat' dir='ltr'><strong>erectionem</strong></span> <span class='ocrx_word' id='word_1_291' title='bbox 1334 4400 1803 4473; x_wconf 82' lang='lat' dir='ltr'><strong>insufficientes</strong></span> <span class='ocrx_word' id='word_1_292' title='bbox 1831 4408 2015 4473; x_wconf 84' lang='lat' dir='ltr'><strong>erant</strong></span> <span class='ocrx_word' id='word_1_293' title='bbox 2037 4400 2343 4471; x_wconf 81' lang='lat' dir='ltr'><strong>adhibitae</strong></span> <span class='ocrx_word' id='word_1_294' title='bbox 2372 4392 2651 4466; x_wconf 82' lang='lat' dir='ltr'><strong>formali-</strong></span> 
     </span>
    </p>
   </div>
  </div>
 </body>
</html>
