2834 4959
368 374 489 429 490
924 376 1262 427 moruus
1308 376 1387 425 DE
1433 376 1583 427 mnu
1629 374 2052 425 menmium.

362 502 605 571 lemnia
646 506 813 584 vota,
855 500 933 567 ad
976 500 1287 567 terminos
1314 496 1588 567 instituti
1633 498 1765 584 sui,
1813 516 1993 586 posse
2031 501 2142 563 aut
2185 516 2484 586 unquam
2515 520 2634 591 po-

363 618 559 685 tuisse
602 614 1049 685 Dominicauae
1088 612 1351 682 familiae
1398 611 1694 683 membra
1723 611 1884 679 fleri.
1917 608 2106 680 Unde
2151 610 2468 681 contraria
2503 612 2623 682 do-

362 732 529 802 mini
582 730 873 801 Carriere
916 728 1359 821 pra-sumptio
1414 729 1598 797 omni
1661 746 1917 819 prorsus
1966 724 2392 795 fundamento
2433 738 2622 813 caret,

364 856 585 936 estque
626 844 703 913 ad
750 844 1059 933 gratuitas
1108 842 1496 936 hypotheses
1533 848 1594 911 et
1637 839 1858 912 inania
1907 840 2158 911 somnia
2207 862 2478 937 prorsus
2517 842 2631 913 ab·

366 960 663 1051 leganda.

454 1077 821 1145 Annorum
854 1070 961 1142 V·.
992 1110 1085 1125 --
1110 1071 1486 1141 Existimat
1514 1083 1672 1141 vota
1695 1070 2163 1162 reliyiosorwn
2209 1072 2492 1156 Gallam,
2523 1070 2636 1141 ha-

368 1190 579 1263 benda
592 1212 721 1261 esse
740 1200 817 1257 ut
830 1188 1189 1281 simplicia,
1208 1186 1412 1257 donec
1423 1184 1602 1257 sedes
1619 1185 1996 1278 Apostolica
2011 1184 2459 1257 declaraverit
2476 1210 2544 1257 se
2559 1211 2633 1257 ea

368 1321 693 1399 tanquam
714 1305 1041 1375 solemnia
1056 1324 1430 1396 aqnoscere.
1449 1338 1539 1357 ·——··
1553 1300 1646 1371 lta
1665 1303 1849 1371 docet
1861 1302 1929 1370 in
1943 1307 2214 1371 tractatu
2229 1301 2312 1372 de
2327 1304 2632 1385 lustitia,

368 1446 435 1491 n.
472 1422 605 1493 224
634 1423 807 1514 (pag.
844 1421 955 1505 35,
994 1421 1147 1491 edit.
1196 1418 1420 1508 1839).
1458 1418 1658 1513 Porro
1691 1417 2092 1487 contrarium
2125 1419 2396 1488 omnino
2419 1419 2634 1490 dicere

366 1538 685 1608 debuisset
722 1564 739 1605 ε
790 1534 1083 1605 habenda
1136 1556 1373 1626 nempe
1410 1554 1549 1603 esse
1593 1532 1702 1603 illa
1749 1540 1896 1601 vota
1942 1539 2240 1623 tanquam
2285 1534 2630 1616 solemnia,

364 1647 569 1718 donec
606 1650 785 1719 sedes
818 1648 1191 1741 Apostolica
1226 1670 1520 1741 expresse
1561 1648 1946 1736 disposuerit
1984 1668 2057 1717 ea
2097 1648 2227 1719 iore
2267 1650 2617 1740 simplicia.

364 1762 529 1832 Nam
574 1765 857 1856 religiosi
900 1764 1128 1835 Galliae
1170 1766 1252 1835 de
1294 1764 1537 1855 quibus
1575 1765 1788 1854 agitur
1813 1764 1951 1855 (qui
1979 1764 2221 1835 scilicet
2251 1764 2333 1835 ad
2370 1786 2474 1835 eos
2515 1785 2623 1835 or-

364 1880 550 1952 dines
598 1882 947 1973 pertinent,
1000 1883 1073 1953 in
1118 1881 1359 1973 quibus
1402 1900 1482 1951 ex
1536 1878 1826 1949 instituto
1869 1879 2184 1950 solemnia
2228 1886 2371 1950 vota
2419 1884 2629 1951 emitti

367 1996 650 2089 debent),
699 1998 1159 2089 professionem
1204 1998 1453 2067 faciunt
1482 1998 1664 2088 juxta
1705 2018 1898 2066 suum
1929 1998 2210 2089 quisque
2239 1998 2627 2067 institutum.

370 2112 468 2181 Ad
509 2117 799 2183 tenorem
851 2122 1067 2183 autem
1119 2112 1444 2203 ejusmodi
1489 2111 1936 2181 institutorum
1971 2118 2120 2181 vota
2159 2111 2274 2181 illa
2317 2112 2628 2181 solemnia

368 2221 847 2311 intelliguntur,
895 2247 1025 2294 non
1056 2225 1381 2317 simplicia
1416 2225 1744 2297 duntaxat.
1798 2224 2086 2296 Aliunde
2123 2225 2304 2295 sedes
2335 2225 2638 2315 Aposto-

368 2337 491 2405 lica
507 2338 793 2408 instituta
808 2340 1127 2428 ejusmodi
1138 2340 1586 2431 approbando,
1599 2341 1724 2409 hoc
1736 2342 1752 2409 i
1762 2363 1874 2432 pso
1888 2346 2028 2411 vota
2041 2363 2156 2431 per
2169 2342 2634 2432 professionem

370 2451 489 2520 rite
532 2450 763 2520 emissa
804 2457 1114 2543 tanquam
1154 2454 1471 2525 solemnia
1508 2456 1904 2548 approbavit.
1951 2455 2126 2547 Ergo
2152 2458 2362 2526 donec
2393 2478 2641 2549 appro-

372 2564 693 2635 bationem
725 2566 895 2636 banc
922 2568 1101 2639 sedes
1126 2568 1494 2661 Apostolica
1521 2572 1874 2653 retraxerit,
1905 2592 2308 2662 perseverare
2329 2578 2632 2641 votorum

366 2680 737 2763 solemnitas
764 2684 1083 2755 censenda
1110 2691 1231 2774 est,
1264 2686 1490 2758 saltem
1518 2688 1588 2755 in
1615 2693 1937 2778 quantum
1965 2688 2200 2779 pendet
2223 2687 2308 2757 ab
2337 2688 2632 2780 ejusdem

364 2795 548 2867 Sedis
578 2797 919 2869 voluntate.
1014 2864 1021 2868 .

454 2911 675 3003 Neque
720 2914 826 2984 hic
866 2915 1235 3007 oinciatur,
1285 2936 1560 2987 cessasse
1605 2920 1670 2987 in
1711 2916 1918 2989 Gallie
1952 2917 2123 2988 hanc
2161 2916 2634 2989 solemnitatem

366 3027 450 3097 ob
482 3028 638 3119 legis
669 3030 904 3116 civilis,
950 3032 1438 3124 incapacitatem
1478 3033 1756 3102 dominii
1792 3055 1924 3103 non
1961 3036 2394 3124 agnoscentis,
2427 3036 2637 3107 oma-

367 3143 635 3214 culum:
661 3146 901 3215 etenim
928 3166 1341 3237 nequaquam
1358 3148 1660 3238 impediri
1680 3148 1746 3217 in
1775 3149 2086 3240 religiosis
2103 3148 2329 3221 Galliae
2349 3150 2634 3219 dominii

368 3259 883 3347 incapacitatem,
912 3280 989 3329 ex
1009 3260 1167 3351 legis
1192 3260 1401 3331 civilis
1426 3262 1951 3353 dispositionibus
1974 3264 2258 3354 fusejam
2283 3240 2630 3354 probatum

366 3379 481 3441 est.
514 3372 599 3442 Et
625 3387 927 3465 praeterea
957 3398 1075 3468 pro
1102 3376 1502 3447 solemnibus
1531 3380 1600 3447 in
1627 3377 1852 3448 Galliis
1881 3379 2176 3449 habenda
2200 3401 2336 3449 esse
2361 3372 2630 3471 religie-

364 3508 589 3557 sorum
648 3496 815 3580 vota,
866 3492 1059 3561 variis
1108 3490 1318 3563 modis
1375 3491 1720 3562 declaravit
1771 3494 1949 3563 sedes
1989 3494 2386 3587 Apostolica,
2446 3502 2634 3587 prout

362 3626 437 3673 su
447 3626 561 3697 pra
586 3607 781 3675 etiam
810 3604 1229 3676 ostendimus.

450 3721 817 3792 Annos-Ario
848 3722 987 3793 ΥΡ.
1020 3760 1114 3775 --
1158 3724 1326 3793 Vota
1352 3724 1816 3816 reliqiosorum
1845 3726 1920 3794 in
1947 3725 2182 3797 Gallia
2209 3748 2348 3795 non
2371 3748 2512 3797 esse
2535 3748 2636 3796 so·

364 3837 621 3907 lemnia
634 3835 1060 3929 probabilius
1076 3838 1446 3923 metimur,
1475 3838 1556 3909 ob
1583 3840 1970 3933 analoqiam
1996 3865 2147 3913 cum
2174 3843 2342 3911 votis
2363 3844 2637 3911 monia-

366 3952 562 4024 lium.
596 3992 689 4007 —
722 3979 759 4020 «
788 3952 955 4053 Illud
986 3952 1387 4045 probabilius
1410 3954 1584 4024 effici
1609 3956 2078 4046 existimamus,
2110 3960 2350 4048 inquit,
2373 3966 2520 4027 tum
2553 3976 2626 4024 ex

375 4090 409 4135 «
442 4067 629 4139 dictis
658 4072 726 4139 in
758 4069 1143 4161 opinionum
1191 4073 1606 4162 expositione,
1641 4078 1783 4139 tum
1819 4092 1899 4141 ex
1926 4071 2250 4163 analoyia
2275 4094 2426 4140 cum
2459 4067 2634 4137 votis

375 4211 409 4251 α
436 4186 866 4257 monialium.
896 4210 932 4253 π
964 4187 1085 4278 (De
1104 4186 1406 4269 Iustitia,
1435 4210 1501 4255 n.
1549 4186 1704 4272 224,
1735 4188 1908 4259 circa
1937 4188 2192 4281 finem.)
2223 4187 2420 4254 Porro
2447 4186 2634 4255 nulla

370 4297 571 4389 ipsius
608 4301 895 4391 opinioni
943 4302 1187 4371 accedit
1228 4302 1665 4393 probabilitas,
1695 4326 1768 4372 ex
1807 4311 2118 4397 praetensa
2145 4304 2255 4373 illa
2285 4325 2436 4375 cum
2471 4303 2635 4371 votis

372 4416 757 4483 monialium
800 4416 1115 4506 analogia.
1186 4458 1191 4463 ·
