2834 4959
1085 351 1237 402 rans
1283 354 1543 413 onaan.
2332 354 2481 411 597s

1103 727 1111 734 .
1205 658 1387 750 §1¹1-

185 873 319 935 Quid
344 883 484 934 requi
470 872 630 921 iratur
661 870 721 919 ut.
746 865 924 918 novitii
943 863 1108 918 valide
1131 865 1238 916 suis
1272 865 1528 918 beneflciis
1556 869 1875 930 renuntient,
1905 872 1958 920 et
1984 873 2255 922 renuntiati
2260 884 2290 921 0
2319 871 2461 923 effec-

1047 956 1160 1005 tum
1191 967 1346 1005 suum
1367 955 1624 1007 sortiatur.

275 1179 652 1248 Pnorosrrio
693 1176 770 1246 1⁸.
805 1212 895 1227 —
935 1173 1278 1244 Servanda
1317 1187 1414 1243 est
1453 1176 1685 1265 forma
1707 1201 1750 1245 a
1793 1177 2176 1248 Tridentino
2211 1157 2481 1272 synodo*

185 1292 511 1385 requisita
539 1289 763 1383 quoad
787 1291 1112 1360 bonorum
1145 1289 1621 1382 temporalium
1640 1291 2052 1364 donationes.
2090 1334 2183 1348 —
2204 1295 2471 1366 Renun-

189 1409 365 1478 tiatio
391 1407 578 1476 bonis
599 1404 1056 1497 temporalibus
1082 1425 1218 1474 non
1243 1412 1449 1497 potest
1470 1428 1509 1474 a
1531 1407 1775 1477 novitio
1808 1408 1949 1477 fieri
1976 1415 2125 1478 ante
2157 1409 2469 1480 ultimum

191 1523 351 1592 anni
385 1519 777 1612 probationis
819 1520 1128 1590 bimestre
1170 1539 1190 1588 z
1237 1520 1394 1589 item
1459 1520 1601 1589 fieri
1653 1521 1880 1614 nequit
1921 1524 2167 1616 absque
2216 1527 2473 1596 obtenta

195 1635 456 1706 licentia
519 1633 870 1727 Episcopi:
931 1634 1202 1725 insuper
1262 1632 1563 1704 effectum
1624 1635 1840 1706 sortiri
1882 1657 2018 1707 non
2057 1643 2287 1730 potest,
2347 1640 2473 1709 nisi

199 1756 412 1819 secuta
459 1749 874 1840 professione.
923 1747 1019 1818 Ita
1067 1768 1302 1839 nempe
1365 1747 1654 1818 decrevit
1714 1748 2101 1821 Tridentina
2155 1752 2465 1843 synodus,

197 1863 524 1957 capite16
557 1862 854 1932 sessionis
907 1863 1022 1944 25,
1067 1861 1146 1932 de
1201 1852 1666 1954 Reqularibus.
1719 1864 1825 1932 An
1873 1871 2087 1934 autem
2128 1867 2471 1938 decretum

190 1979 360 2048 illud
403 1974 862 2045 Tridentinum
911 1977 1309 2048 censendum
1358 1978 1441 2046 sit
1486 1977 1951 2068 resignationes
2002 1977 2200 2048 etiam
2227 1979 2474 2050 benefl-

189 2092 456 2159 ciorum
504 2089 1070 2212 comprehendere,
1113 2103 1352 2182 magna
1407 2091 1564 2161 olim
1608 2091 1731 2160 fuit
1770 2091 1941 2162 inter
1979 2089 2271 2162 doctores
2309 2113 2473 2162 con-

191 2205 526 2278 troversia.
590 2205 736 2277 Non
791 2177 988 2298 pauci
1046 2211 1229 2278 enim
1301 2193 1627 2300 negabant
1688 2209 1939 2299 (eorum
1986 2211 2267 2280 rationes
2329 2207 2477 2281 vide

193 2321 368 2414 apud
398 2321 1002 2412 Schmalzgrueber,
1037 2325 1108 2392 in
1133 2324 1419 2393 titulum
1430 2323 1511 2394 tle
1527 2323 2002 2417 nequamus,
2028 2345 2099 2392 ιι.
2148 2323 2339 2414 124);
2366 2325 2476 2394 sed

199 2441 616 2508 communius
652 2439 1124 2511 affirmabatur.
1179 2439 1388 2511 Hodie
1427 2441 1711 2511 tenenda
1750 2444 2031 2512 omnino
2063 2440 2472 2526 affirmativa,

199 2554 284 2624 ob
333 2554 780 2624 auctoritatem
829 2555 1156 2646 proecipue
1213 2555 1287 2624 S.
1351 2555 1935 2648 congregationis
1954 2557 2259 2641 Concilii,
2331 2577 2478 2648 quae

199 2674 590 2755 constanter,
633 2679 698 2740 et
739 2671 923 2762 praxi
955 2675 1034 2738 ·et
1067 2667 1605 2740 declarationibus
1641 2671 1805 2752 suis,
1855 2691 1999 2740 eam
2048 2672 2353 2740 firmavit.
2398 2657 2475 2740 in
2528 2683 2537 2694 ‘

202 2805 340 2875 quo
373 2779 436 2854 et'
477 2783 704 2856 Rotam
750 2805 1090 2875 sequacem
1123 2783 1373 2855 habuit.
1407 2782 1497 2852 Et
1535 2785 1688 2854 satis
1714 2789 1931 2875 aperte
1959 2785 2171 2853 verbis
2192 2785 2476 2852 Triden-

203 2899 332 2969 tini
391 2900 626 2970 decreti
677 2899 1026 2984 fundatum
1081 2921 1236 2971 cum
1292 2900 1475 2968 enim
1536 2898 1758 2968 dicant
1804 2896 2173 2966 Tridentini
2225 2896 2471 2979 Patres,
2508 2891 2523 2908 ‘

201 3015 404 3084 nulla
452 3037 710 3108 quoque
728 3016 1140 3086 renuntiatio
1167 3015 1412 3106 valeat,
1443 3013 1991 3084 renuntiationem
2018 3012 2215 3082 etiam
2234 3012 2477 3082 benefi-

200 3130 326 3201 ciis
349 3152 425 3200 ex
457 3153 650 3202 sensu
676 3131 1146 3222 grammaticali
1171 3129 1760 3223 comprehendunt.
1786 3125 1975 3200 Unde
1996 3127 2345 3199 dicendum
2368 3147 2478 3194 va-

201 3246 338 3315 lide
359 3245 730 3316 renuntiare
749 3251 890 3317 'non
919 3269 1104 3340 posse
1126 3245 1443 3316 beneficio
1484 3265 1605 3316 suo
1631 3245 1953 3315 novitium
1991 3248 2138 3312 ante
2164 3240 2477 3312 ultimum

199 3359 512 3430 bimestre
537 3361 693 3430 anni
733 3363 1108 3447 novitiatus,
1147 3367 1212 3430 et
1241 3361 1507 3452 absque
1535 3360 1793 3430 obtenta
1842 3357 2147 3451 Episcopi
2189 3355 2469 3428 licentia.

201 3475 480 3566 Insuper
509 3475 578 3544 in
603 3475 786 3547 nullo
811 3497 968 3546 casu
993 3476 1298 3574 effectum
1321 3491 1519 3545 suum
1546 3469 1763 3545 sortiri
1806 3489 1989 3568 posse
2031 3473 2202 3544 hanc
2228 3494 2479 3544 renun-

199 3591 570 3680 tiationem,
599 3591 658 3660 si
685 3591 998 3683 professio
1023 3613 1154 3664 non
1178 3595 1513 3663 sitsecuta.
1547 3591 1850 3662 Rationes
1864 3593 2207 3661 auctorum
2232 3590 2349 3678 qui
2368 3588 2481 3658 ile-³

207 3704 476 3796 gabant,
503 3709 568 3773 et
599 3725 830 3776 eorum
871 3707 1403 3792 confutationem,
1442 3705 1591 3776 vide
1643 3706 1817 3798 apud
1873 3700 2479 3792 Schmalzgrueber‚'

203 3821 354 3891 loco
369 3820 582 3888 citato.
765 3813 772 3820 ’
2100 3833 2109 3850 ·

295 3931 674 4002 Psorosmo
700 3931 807 4003 11⁹.
829 3937 1200 4010 —Novitii
1207 3937 1541 4006 societatis
1562 3938 1717 4004 Iesu
1742 3933 1967 4003 valide
1980 3940 2273 4026 possunt
2298 3931 2487 3999 bene-

211 4046 386 4138 ficiis
405 4045 540 4115 suis
557 4050 970 4136 renuntiare,
990 4051 1154 4142 quin
1177 4051 1342 4121 dicti
1370 4049 1615 4120 decreti
1646 4047 2018 4120 Tridentini
2029 4049 2325 4138 formam
2342 4067 2486 4115 ser-

213 4174 394 4231 vent.
441 4195 536 4212 -—
560 4159 758 4246 Nam,
793 4169 1088 4256 utsupra
1112 4167 1424 4248 vidimus,
1456 4163 1823 4236 Tridentini
1873 4161 2091 4234 Patres
2118 4161 2489 4232 societatem

212 4276 360 4347 Jesu
387 4277 471 4347 ab
519 4277 646 4349 hoc
671 4299 792 4351 suo
843 4279 1100 4352 decreto
1133 4289 1467 4373 exceptam
1494 4281 1793 4364 voluer03
1827 4279 1917 4350 ita
1946 4299 2189 4371 nempe
2210 4283 2285 4348 ut
2318 4275 2490 4346 nihil

210 4398 534 4464 mutatum
563 4396 636 4466 in
663 4397 776 4490 pio
799 4398 1004 4491 hujus
1027 4397 1344 4468 societatis
1359 4398 1653 4468 instituto
1676 4395 2075 4468 censendum
2104 4396 2288 4466 foret.
2316 4393 2490 4484 Ergo
