2834 4959
427 344 552 401 632
995 353 1335 403 ΤΒΔΟΤΔΤΠΒ
1373 352 1454 399 ΒΕ
1476 350 1646 399 ..wmt
1688 352 2101 401 REGULAnmu.

435 498 470 541 α
497 474 890 543 reclamandi
916 474 1203 565 potitur?
1229 470 1605 562 Respondeo
1640 472 1703 539 1⁰
1734 495 1751 539 :
1784 470 1853 541 Si
1890 472 2033 541 talis
2068 472 2479 563 religionem
2518 480 2673 546 saluti

435 613 472 655 α
502 610 636 658 suae
685 588 1040 679 proficuam
1081 589 1427 675 existimat,
1483 588 1553 655 in
1606 608 1804 678 eaque
1860 609 2125 659 monere
2166 590 2348 679 vult,
2382 612 2492 661 ret
2534 595 2673 661 diffi-

436 730 474 772 α
497 705 730 775 cultate
772 712 989 774 caret:
1041 704 1254 775 solum
1291 704 1475 772 enim
1522 722 1685 794 opus
1736 710 1831 773 est
1872 710 1947 771 ut
1988 704 2473 795 professionem
2522 712 2673 777 ratifi-

441 846 478 888 α
503 829 624 891 cet.
667 820 1040 911 Respondeo
1062 820 1129 889 2⁰
1159 845 1176 889 :
1209 818 1282 889 Si
1317 818 1589 888 nulliter
1607 818 1927 910 professus
1950 824 2291 910 cognoscit
2318 824 2673 914 religionem

439 962 473 1003 α
499 937 624 1007 sibi
671 937 892 1007 minus
933 937 1451 1019 convenientem,
1480 941 1594 1005 aut
1652 936 1850 1003 nimis
1886 936 2248 1026 difficilem,
2306 940 2421 1007 vel
2464 962 2539 1007 ex
2587 942 2679 1007 alia

441 1080 476 1123 α
497 1054 740 1125 ratione
781 1074 1042 1122 manere
1088 1072 1224 1121 non
1265 1048 1433 1137 vult,
1460 1073 1578 1119 nec
1620 1052 1933 1121 hactenus
1987 1052 2469 1143 professionem
2524 1078 2677 1125 suam

441 1194 476 1239 α
505 1168 860 1253 unificavit,
889 1190 1023 1237 non
1067 1179 1330 1237 tenetur
1369 1167 1717 1257 ratificaret
1739 1168 2251 1258 professionm,
2294 1192 2421 1238 nec
2446 1193 2683 1237 manere

439 1310 474 1352 α
502 1284 574 1352 in
601 1283 945 1374 reli9ione,
970 1281 1086 1351 sed
1097 1296 1320 1375 potest
1345 1294 1497 1351 tuta
1524 1282 1927 1351 conscientia
1954 1283 2031 1350 in
2058 1284 2329 1353 occulto
2356 1284 2675 1369 discedere,

439 1425 476 1467 α
501 1422 581 1467 ac
625 1400 829 1467 etiam
869 1400 1136 1486 nubere,
1184 1397 1543 1467 dummodo
1579 1399 1724 1466 sine
1776 1400 1979 1488 qravz'
2022 1398 2385 1479 scandalo,
2412 1414 2530 1469 aut
2562 1402 2675 1470 alio

439 1538 474 1579 et
501 1512 747 1603 majori
799 1512 1214 1581 incommodo
1259 1536 1338 1581 ac
1367 1512 1766 1603 proejudicio
1812 1513 1996 1581 abire
2028 1515 2269 1604 possit.
2336 1514 2665 1597 Sanchez..,

440 1650 476 1691 α
503 1626 878 1713 Layman..‚
929 1624 1337 1711 Navarrus..,
1393 1626 1756 1717 Pirbing..,
1792 1627 2203 1715 Hyacinthus
2230 1629 2561 1714 Denatus..,
2602 1643 2659 1695 et

443 1769 479 1808 α
509 1742 882 1809 communis
903 1741 1228 1811 aliorum.

519 1856 704 1924 Juxta
753 1856 1046 1925 eamdem
1104 1858 1487 1927 sententiam
1539 1856 1998 1939 affirmantem,
2042 1864 2253 1947 potest
2296 1860 2565 1951 superior
2603 1860 2667 1924 in

433 1974 506 2041 in
531 1972 658 2043 hoc
695 1995 848 2043 casu
896 1973 1272 2062 religiosum
1323 1974 1573 2043 occulte
1620 1973 1967 2055 dimittere,
1998 1974 2051 2041 si
2104 1976 2327 2044 credat
2366 1978 2498 2067 ejus
2544 1994 2670 2063 pro-

437 2088 778 2159 fessionem
843 2110 1060 2159 revera
1115 2090 1306 2159 fuisse
1367 2089 1644 2174 nullam,
1700 2095 1763 2157 et
1817 2088 1943 2158 hoc
1994 2088 2137 2157 fieri
2192 2092 2395 2181 possit
2460 2088 2675 2177 absque

435 2202 738 2271 scandalo
795 2202 1289 2295 (Reiffenstuel.,
1316 2205 1512 2291 ibid.,
1550 2226 1619 2273 n.
1676 2204 1856 2295 207).
1891 2203 2030 2273 lmo
2074 2204 2407 2295 religiosus
2446 2206 2569 2294 ipse
2608 2203 2672 2268 in

435 2316 562 2387 hoc
590 2339 768 2405 casu,
795 2321 848 2389 si
888 2319 1047 2388 nolit
1071 2320 1533 2411 professionem
1560 2342 1745 2389 suam
1786 2320 2134 2407 mitificare,
2162 2331 2407 2387 tenetur
2430 2318 2673 2407 (quam-

438 2433 730 2522 primum
775 2435 1014 2524 absque
1055 2434 1356 2505 scandalo
1400 2436 1540 2503 fieri
1591 2436 1855 2527 poterit)
1905 2458 1940 2505 e
1992 2442 2303 2507 conventu
2334 2434 2659 2523 aniugere3

437 2570 521 2618 ne
564 2551 804 2620 scilicet
849 2554 1273 2641 remanendo,
1315 2561 1378 2625 et
1428 2557 1736 2626 alimenta
1782 2556 2063 2626 indebite
2122 2556 2503 2649 recipiendo,
2532 2572 2673 2621 reus

425 2666 770 2759 ‘injustitiae
821 2690 975 2759 erga
1025 2674 1491 2741 monasterium
1534 2674 1757 2742 evadat
1806 2674 2073 2765 (ibidem
2124 2694 2163 2743 a
2210 2695 2400 2742 num.
2426 2671 2552 2741 208
2586 2690 2679 2736 us-

437 2804 562 2874 que
590 2785 668 2853 ad
697 2785 882 2876 212).

535 2900 905 2989 Fagnanu8‚
959 2904 1074 2993 qui
1133 2904 1520 2974 sententiam
1564 2906 1771 2989 illam,
1824 2912 2133 2995 tanquam
2186 2912 2406 2997 aperte
2448 2905 2671 2985 salsam,
2783 2990 2784 3003 1

438 3016 852 3085 vehementer
903 3020 1268 3110 impugnat,
1303 3021 1380 3088 de
1428 3022 1848 3112 scriptoribus
1899 3024 2015 3111 qui
2064 3042 2209 3090 eam
2254 3024 2561 3091 sustinent
2600 3018 2676 3085 sic

438 3128 696 3199 adnotat
715 3132 810 3223 (in
835 3144 1026 3223 caput
1049 3134 1128 3202 Si
1159 3136 1329 3226 quis,
1357 3136 1439 3205 de
1465 3136 1935 3227 Reqularibm,
1972 3159 2041 3205 n.
2072 3138 2157 3205 78
2196 3160 2409 3229 usque
2431 3138 2504 3206 ad
2528 3132 2671 3221 81);
2783 3146 2784 3151 ’

446 3270 480 3311 α
507 3242 946 3337 Respondetur
993 3247 1262 3319 Navarri
1310 3250 1683 3342 opinionem
1742 3272 1861 3320 nec
1914 3254 2159 3320 ratione
2212 3253 2375 3333 ulla,
2430 3272 2537 3319 nec
2574 3270 2679 3314 au-

423 3368 487 3425 ἀ
509 3362 795 3429 ctoritate
831 3364 1072 3433 fulciri.
1102 3363 1326 3455 Neque
1365 3370 1545 3435 enim
1574 3374 1669 3435 est
1694 3368 1862 3436 bona
1890 3367 2137 3435 illatio:
2198 3367 2459 3458 Aliquis
2483 3378 2569 3435 est
2594 3365 2679 3429 nz-

449 3497 484 3537 α
512 3474 732 3543 valide
748 3479 1082 3568 professus
1116 3479 1339 3569 quoad
1371 3485 1606 3567 Deum,
1636 3482 1757 3572 qui
1778 3482 2008 3549 omnia
2043 3482 2227 3551 novit
2240 3505 2268 3565 ;
2300 3506 2457 3574 erqo
2482 3488 2678 3573 potest
2783 3534 2784 3579 ³

427 3582 481 3656 ἀ
505 3590 719 3659 redire
743 3590 838 3660 ad
863 3594 1173 3662 saeculum
1203 3596 1275 3663 in
1309 3598 1463 3687 foro
1492 3596 1925 3682 conscientiae,
1962 3598 2247 3690 propria
2274 3598 2672 3667 auctoritate.

445 3732 482 3771 «ι
517 3705 598 3775 Et
619 3710 866 3777 mirum
892 3716 987 3777 est
1008 3712 1251 3795 virum,
1275 3714 1566 3802 alioquin
1590 3714 1851 3782 doctum
1872 3724 1933 3781 et
1954 3714 2319 3805 pium‚tsm
2348 3714 2527 3783 facile
2552 3732 2677 3799 ape-
2783 3698 2784 3785 Ῐ

447 3846 484 3889 α
512 3823 716 3891 ruisse
759 3823 1166 3912 regularibus
1214 3828 1388 3895 viam
1417 3806 1693 3897 exeundi
1734 3850 1769 3897 e
1802 3828 2114 3918 religione
2142 3828 2385 3919 absque
2419 3826 2668 3905 licentia,

447 3962 484 4005 α
509 3937 632 4007 sub
670 3947 973 4029 praetextu
1009 3942 1181 4031 quod
1231 3943 1300 4009 in
1347 3945 1741 4014 conscientia
1782 3966 1912 4015 non
1958 3946 2089 4014 sint
2120 3946 2469 4037 professi...
2500 3941 2666 4009 Porro

447 4080 484 4121 α
511 4050 778 4124 Navarri
848 4058 1186 4127 auctoritas
1247 4060 1605 4142 nuntronio,
1685 4062 1798 4150 qui
1854 4068 1995 4151 post
2055 4082 2209 4129 eum
2279 4058 2660 4150 seripserunt.
2783 4082 2784 4095 *

445 4194 482 4235 «
511 4170 770 4260 majoris
813 4175 1048 4242 erroris
1087 4196 1346 4243 causam
1382 4172 1683 4265 praebuit'.
1714 4174 1879 4245 Nam
1912 4176 2196 4245 Sanchez
2224 4174 2329 4265 (de
2350 4169 2663 4245 Matrimo-

449 4308 482 4348 α
509 4283 652 4371 nie,
682 4285 726 4352 l.
761 4285 828 4373 7,
857 4285 936 4354 de
964 4286 1252 4379 Imperi„
1285 4290 1527 4382 disput.
1560 4289 1671 4374 37,
1704 4314 1772 4357 n.
1802 4290 1897 4381 9),
1926 4312 2058 4359 non
2102 4290 2314 4359 solum
2358 4288 2441 4356 ait
2470 4282 2663 4353 conci·
2783 4284 2784 4297 ¹

439 4396 688 4482 «lium,
711 4400 784 4467 in
819 4402 988 4471 dicto
1029 4406 1236 4494 capite
1282 4404 1390 4493 19,
1409 4405 1608 4475 inniti
1654 4409 2159 4498 praesumptione
2190 4405 2393 4477 tacitae
2422 4400 2657 4471 ratifica-
