2834 4959
1135 327 1288 374 PARS
1334 327 1599 385 QUARTA.
2378 327 2499 383 537

219 455 410 544 (dieta
437 450 902 537 constitutione
946 449 1116 518 Cum
1137 449 1220 518 de
1243 447 1605 542 omnibus),
1633 449 1741 520 sed
1778 453 2031 523 irritam
2057 457 2497 544 pronuntiavit

214 593 370 642 eum
407 574 630 639 secuta
671 564 1094 658 professione.

303 685 376 754 2ο
413 683 716 753 Clemens
770 679 915 751 vul
959 679 1439 770 (constitutione
1494 682 1577 750 In
1614 705 1951 774 suprema,
1991 684 2033 752 2
2072 686 2253 776 junii
2300 686 2501 780 1602)

211 804 546 872 decretam
593 797 774 866 illam
809 817 848 864 a
873 793 1054 866 Sixto
1081 793 1143 866 V
1163 795 1579 864 nullitatem
1606 799 1901 889 sustulit3
1930 801 2041 870 sed
2090 800 2505 872 illiceitatem

213 913 628 982 admissionis
679 931 1084 1002 perseverare
1133 912 1453 1000 permisit.
1482 911 1671 982 Unde
1707 914 2057 986 hodiedum
2096 917 2501 1008 prohibitum

215 1036 316 1099 est
339 1029 634 1119 praet'atos
661 1027 1056 1119 postulantes
1103 1026 1184 1096 ad
1211 1028 1599 1098 novitiatum
1622 1031 1983 1100 admittere.

311 1143 836 1233 3⁰1nteuigenda
875 1149 970 1213 est
1009 1141 1366 1233 probibitio
1434 1143 1601 1233 haec,
1632 1147 1763 1216 sive
1812 1155 2041 1237 agatur
2100 1149 2179 1218 de
2228 1151 2508 1220 admini-

216 1261 522 1332 stratione
562 1257 856 1352 publica,
899 1259 1034 1328 sive
1081 1258 1276 1326 etiam
1317 1257 1396 1326 de
1442 1261 1689 1347 privata
1746 1264 1919 1354 (vide
1968 1263 2369 1349 Suaresium,
2428 1267 2509 1336 de

217 1376 596 1467 Reliyione,
636 1381 788 1443 tom.
844 1373 912 1456 3,
957 1373 1005 1441 l.
1041 1373 1110 1458 5,
1147 1392 1205 1441 c.
1249 1371 1318 1460 7,
1363 1393 1431 1442 n.
1463 1373 1601 1466 20).

315 1495 384 1561 4⁰
439 1467 868 1580 Restrin'gitur
919 1488 1272 1581 prohibitio
1331 1487 1471 1560 haec
1524 1493 1605 1560 ad
1654 1513 1881 1564 casum
1936 1517 2096 1586 quo,
2152 1497 2253 1565 vel
2301 1496 2411 1566 hic
2439 1504 2499 1566 et

223 1629 408 1678 nunc
457 1605 754 1698 pendeat,
808 1611 1068 1696 propter
1135 1603 1497 1673 reddendas
1538 1607 1841 1694 rationes,
1888 1610 1971 1690 16⁸
2006 1617 2121 1680 aut
2165 1611 2497 1697 molestia,

222 1723 328 1793 vel
354 1723 722 1792 timendum
770 1722 855 1790 sit
889 1742 974 1789 ne
1000 1719 1345 1789 inferatur.
1385 1720 1459 1789 ld
1488 1722 1664 1790 enim
1690 1725 1861 1793 clare
1914 1727 2217 1817 exprimit
2239 1727 2505 1796 Sixtinae

225 1834 706 1906 constitutionis
731 1839 964 1904 textus·
992 1833 1168 1904 Hine
1195 1833 1451 1904 admitti
1477 1843 1683 1928 potest
1722 1838 2057 1926 postulans
2079 1840 2220 1928 qui,
2256 1840 2497 1929 absque

225 1952 346 2020 lite
381 1957 444 2017 et
499 1949 740 2037 absque
763 1947 1030 2018 notabili
1063 1948 1379 2032 molestia,
1405 1950 1493 2018 ab
1516 1951 1651 2019 istis
1668 1941 2337 2020 administrationibus
2368 1971 2501 2020 sese

227 2064 528 2155 expedire
555 2084 738 2153 posse
761 2063 1106 2153 prudenter
1147 2064 1493 2134 existimat.

317 2179 402 2250 V.
433 2178 532 2248 Ds
558 2199 1020 2250 sumtuosis—
1039 2184 1102 2249 1⁰
1124 2178 1336 2251 Sixtus
1350 2181 1438 2265 V,
1456 2184 1914 2252 constitutione
1936 2204 2053 2252 sua
2074 2183 2249 2251 Cum
2270 2180 2507 2252 deom-

222 2295 448 2382 m'bus,
465 2316 596 2364 non
621 2301 874 2364 tantum
896 2294 1230 2385 prohibuit
1243 2296 1499 2364 admitti
1517 2318 1658 2366 reos
1671 2297 1773 2366 vel
1796 2309 2127 2389 suspectos
2139 2297 2501 2384 homicidii,

221 2411 408 2495 furti,
438 2408 762 2479 latrocinii
795 2415 860 2478 et
883 2409 1206 2481 similium
1235 2412 1337 2481 vel
1367 2413 1745 2500 graviorum
1769 2412 2155 2497 criminum,
2188 2413 2298 2482 sed
2330 2412 2495 2480 irri-

227 2539 372 2594 tam
384 2523 826 2628 pronuqtiavit
843 2525 1135 2616 ipsorum
1157 2526 1625 2598 admissionem
1640 2536 1701 2598 et
1710 2535 1999 2599 secutam
2014 2527 2499 2619 professionem.

315 2641 386 2708 2ο
414 2640 637 2709 Postea
668 2639 740 2708 in
777 2660 896 2708 sua
930 2640 1390 2710 constitutione
1440 2640 1534 2708 ad
1548 2645 1931 2709 Romanum
1956 2641 2303 2710 declaravit
2335 2662 2500 2730 pree-

225 2757 432 2826 fatam
459 2754 942 2846 dispositionem
971 2755 1050 2826 de
1073 2756 1447 2826 criminosis
1466 2754 1953 2842 intelligendam
1974 2776 2134 2842 esse,
2164 2777 2317 2824 cum
2334 2757 2521 2824 actas

219 2870 522 2965 publicis
547 2872 922 2940 constiterit
975 2872 1148 2963 ipsos
1191 2874 1364 2964 apud
1400 2869 1771 2940 saecularem
1806 2869 2058 2938 curiam
2106 2868 2187 2938 de
2222 2869 2499 2938 crimine

219 3001 554 3058 accusatos
580 2988 684 3055 vel
719 2987 1060 3077 inquisitos
1083 2988 1300 3058 fuisse.

320 3103 386 3172 3⁰
427 3102 724 3172 Clemens
772 3102 926 3173 Vlll
973 3103 1170 3194 (dicta
1231 3104 1681 3174 constitutione
1728 3101 1812 3170 In
1868 3097 2204 3193 suprema)
2238 3097 2401 3168 sixti
2444 3097 2507 3166 V

219 3217 716 3311 dispositionem
750 3220 1108 3309 abrogavit,
1137 3221 1350 3311 quoad
1395 3218 1708 3288 sancitam
1748 3217 2139 3287 nullitatem
2168 3214 2505 3284 admissio-

219 3333 332 3403 nis
353 3339 418 3402 et
437 3333 874 3424 professionis3
909 3336 1020 3405 sed
1053 3338 1126 3406 in
1145 3357 1264 3406 suo
1286 3336 1509 3425 vigore
1534 3335 1823 3424 reliquit,
1849 3332 2061 3424 quoad
2084 3331 2501 3402 illiceitatem

219 3457 286 3518 et
321 3471 545 3540 poenas
574 3450 646 3519 in
672 3450 1104 3522 admittentes.

318 3563 386 3632 4⁰
417 3563 512 3634 Ex
540 3565 645 3634 his
673 3567 964 3657 sequitur
991 3565 1490 3654 intelligendum
1516 3584 1651 3634 esse
1678 3563 2069 3634 hodiernum
2093 3563 2203 3655 jus
2218 3565 2291 3632 in
2310 3563 2492 3632 hunc

218 3679 550 3749 modum:
625 3681 884 3765 Prim0‚
931 3703 1336 3773 quascunque
1388 3679 1634 3750 tuerint
1684 3680 2068 3770 postulantis
2117 3677 2415 3761 crimina,
2446 3674 2503 3743 si

225 3793 633 3878 admittatur,
655 3817 788 3865 non
837 3796 982 3867 ideo
1029 3796 1214 3866 irrita
1239 3797 1363 3867 erit
1411 3795 1719 3864 admissio
1765 3817 1887 3865 nec
1914 3799 2134 3864 secuta
2156 3791 2505 3883 professi03

225 3909 420 3998 quia,
453 3917 524 3978 ut
545 3911 856 3997 diximus,
881 3913 1431 4004 impedimentum
1482 3911 1680 3994 illud,
1710 3917 2027 4000 quatenus
2062 3907 2321 3978 irritans
2360 3925 2511 3995 pro-

225 4021 603 4114 fessionem,
629 4048 668 4095 a
693 4027 1026 4098 Clemente
1038 4027 1190 4098 Vnt
1213 4028 1545 4098 sublatum
1572 4032 1689 4100 est.
1714 4023 2147 4108 —Secundo,
2176 4023 2351 4092 licita
2374 4020 2501 4090 erit

225 4137 560 4224 admissio,
583 4143 638 4210 si
669 4143 954 4212 crimina
967 4144 1098 4214 sint
1117 4145 1396 4232 occulta,
1426 4142 1495 4210 id
1520 4147 1637 4224 est,
1660 4141 1742 4211 de
1766 4141 2007 4232 quibus
2032 4137 2200 4208 actis
2218 4133 2505 4228 publicis

227 4270 367 4321 non
396 4259 646 4324 constat
691 4255 1122 4348 postulantem
1177 4257 1380 4328 fuisse
1412 4261 1789 4326 accusatum
1831 4254 1931 4324 vel
1967 4251 2349 4345 inquisitum
2386 4275 2404 4318 ε
2437 4249 2505 4318 id

229 4368 650 4440 manifestum
697 4369 852 4444 facit
891 4373 1232 4464 explicatio
1267 4393 1473 4464 quam
1516 4371 1694 4442 dedit
1736 4371 2011 4466 ipsemet
2058 4369 2275 4442 Sixtus
2318 4365 2409 4456 V,
2437 4367 2511 4435 in
