2834 4959
1084 358 1237 406 PARS
1274 360 1515 407 TERTIA.
2312 358 2345 415 3
2356 361 2390 415 4
2401 358 2432 415 3

168 482 253 550 vel
282 480 651 575 opinando,
680 476 1008 550 concludi.
1040 478 1215 549 Hinc
1240 500 1375 550 non
1404 478 1552 551 ideo
1575 482 1964 553 movendam
2001 488 2440 579 praesentipa-

168 594 481 687 regrapho
530 592 961 684 quaestionem
1020 592 1193 663 hanc
1240 594 1420 681 duxi,
1470 603 1544 665 ut
1579 598 1872 687 ejusdem
1922 598 2242 670 solvendae
2283 619 2442 691 pro·-

170 711 441 779 vinciam
484 709 653 778 mihi
692 708 1103 778 absumerem
1148 709 1389 800 (absit),
1423 712 1532 780 sed
1573 712 1882 806 duntaxat
1917 720 1992 781 ut
2021 716 2339 785 nonnulla
2365 717 2441 785 de

166 827 351 895 variis
394 824 831 915 antiquorum
894 830 955 893 et
1014 828 1456 916 proesentium·
1509 834 1880 919 temporum
1939 832 2440 902 circumstantiis

166 940 557 1009 adnotarem.
580 938 835 1030 Nempe

251 1053 611 1123 Tridentini
652 1052 911 1123 concilii
944 1060 1235 1147 tempore
1270 1056 1549 1148 collapsa
1583 1060 1656 1127 in
1703 1059 1988 1127 nimium
2034 1061 2261 1130 multis
2301 1084 2440 1132 mo-

166 1170 435 1241 nialium
482 1169 909 1239 conventibus
947 1170 1295 1261 disciplina
1344 1172 1578 1259 fuerat,
1623 1179 1687 1242 et
1729 1174 2006 1243 deflendi
2051 1178 2290 1267 passim
2311 1177 2438 1245 in-

167 1287 339 1355 ducti
407 1286 671 1355 abusus.
747 1284 923 1367 Quos
990 1306 1144 1355 cum
1210 1286 1407 1378 longa
1465 1287 1783 1357 firmasset
1836 1292 2254 1373 consuetudo,
2333 1296 2438 1362 vix

170 1402 517 1491 quidquam
546 1402 673 1471 alia
704 1400 991 1471 remedia
1016 1400 1440 1493 profuissent,
1483 1404 1617 1475 nisi
1639 1405 1965 1496 imprimis
1993 1408 2222 1496 rigidae
2261 1406 2440 1479 clau-

53 1590 55 1603 ,
167 1540 329 1587 surae
413 1516 1005 1588 circumvallatione
1092 1517 1560 1588 reformatoriae
1639 1520 2087 1612 dispositiones
2161 1524 2432 1593 munitae

166 1635 445 1703 fuissent.
496 1634 669 1701 Hinc
701 1631 1063 1701 Tridentini
1102 1630 1347 1717 Patres,
1390 1652 1496 1701 eas
1537 1636 1733 1704 etiam
1769 1632 2116 1721 moniales,
2168 1660 2315 1729 quae
2363 1640 2432 1707 in

53 1758 55 1763 ’
166 1749 579 1819 conventibus
654 1748 1027 1817 clausuram
1107 1768 1241 1817 non
1320 1749 1722 1818 servantibus
1789 1752 2088 1841 professae
2149 1752 2429 1842 fuerant,

53 1932 56 1957 ‚
164 1866 315 1934 huic
346 1864 477 1953 legi
518 1863 840 1933 adstrictas
880 1866 1247 1935 voluerunt.
1292 1862 1373 1932 Et
1419 1864 1489 1934 Sa
1529 1863 1686 1934 Pius
1715 1866 1804 1949 V,
1846 1874 2077 1958 praeter
2119 1868 2432 1937 clausurae

53 1964 55 2009 ³
166 1980 483 2071 subjectas
524 1979 903 2049 monialium
950 1980 1506 2069 congregationes,
1539 1986 1799 2049 caeteras
1837 2000 2068 2049 omnes
2107 1982 2428 2071 exstingui

163 2095 546 2165 decreverat.
594 2094 759 2165 Cum
788 2116 1025 2186 nempe
1052 2102 1211 2163 tunc
1239 2096 1694 2165 reformatione
1725 2102 1860 2165 tam
1902 2096 2126 2165 multis
2155 2098 2226 2164 in
2266 2096 2428 2165 locis

162 2212 527 2303 indigerent
556 2210 946 2279 monialium
972 2210 1265 2295 familiae,
1296 2232 1335 2278 a
1384 2210 1836 2302 permittendis
1865 2213 2240 2281 earumdem
2273 2234 2428 2282 con-

163 2325 633 2417 gregationibus
680 2325 979 2395 clausura
1022 2325 1420 2407 carentibus,
1463 2348 1586 2417 pro
1631 2332 1920 2417 tempore
1965 2326 2426 2397 abstinendum

164 2440 330 2509 duxit
366 2441 678 2510 Ecclesia.

246 2558 329 2623 At
371 2579 519 2626 vero
558 2576 764 2637 nunc,
812 2556 883 2623 in
923 2560 1055 2624 toto
1100 2557 1302 2638 ferme
1352 2554 1509 2623 orbe
1556 2556 1895 2641 catholico,
1949 2558 2180 2627 eximia
2223 2560 2424 2629 disci-

160 2672 353 2759 plinae
415 2672 731 2761 regularis
786 2670 1189 2740 observantia
1250 2668 1592 2758 splendent
1657 2672 2253 2740 sanctimonialium
2333 2677 2424 2742 fa·

161 2784 383 2854 miliae.
428 2786 637 2876 Atque
682 2786 992 2856 institutis
1032 2785 1403 2853 clausuram
1441 2781 1920 2873 profitentibus,
1951 2806 2213 2854 morum
2255 2789 2422 2853 inte-

158 2898 381 2985 gritate
444 2921 514 2969 ac
560 2898 972 2992 perfectionis
1026 2898 1239 2967 studio
1294 2897 1399 2965 vix
1451 2895 1691 2965 cedunt
1743 2895 2246 2986 quamplurimae
2291 2898 2420 2967 illae

157 3016 471 3085 recentius
523 3021 753 3085 exortae
804 3013 1354 3103 congregationes,
1420 3032 1564 3102 quae
1635 3011 1898 3102 proprio
1961 3032 2078 3077 suo
2129 3012 2422 3082 instituto

158 3130 321 3201 haud
378 3152 737 3220 congruam
792 3130 1033 3200 dictam
1087 3128 1401 3197 clausurae
1453 3126 1667 3216 legem
1735 3125 2197 3195 existimarunt.
2272 3126 2416 3195 Jam

158 3266 303 3335 ergo
338 3245 683 3315 subsistere
730 3266 863 3314 non
904 3243 1161 3313 videtur
1202 3242 1531 3334 praecipua
1565 3241 1677 3310 illa
1701 3239 2082 3310 inducendae
2111 3240 2430 3329 generalis

157 3360 623 3433 reformationis
664 3362 854 3448 ratio,
901 3360 985 3428 ob
1024 3378 1223 3449 quam
1252 3356 1618 3426 Tridentini
1653 3356 1914 3425 concilii
1951 3362 2238 3449 tempore
2265 3358 2422 3427 adeo

155 3474 359 3565 rigide
402 3478 697 3569 urgenda
748 3476 885 3545 visa
947 3482 1065 3558 est,
1116 3479 1181 3543 et
1226 3472 1306 3541 ad
1353 3492 1579 3542 omnes
1634 3469 2022 3541 monialium
2071 3479 2424 3541 conventus

154 3592 545 3663 extendenda
574 3595 891 3662 clausurae
938 3589 1302 3682 disciplina.

240 3706 549 3778 Proeterea
595 3708 1104 3799 quamplurimae
1153 3705 1279 3773 illae
1339 3704 1668 3773 hodiernae
1711 3701 2101 3772 monialium
2161 3720 2428 3789 congre-

149 3824 461 3912 gationes,
492 3826 795 3895 clausura
822 3830 1137 3907 carentes,
1168 3842 1298 3890 non
1322 3819 1466 3889 ideo
1480 3821 1578 3911 (ut
1596 3819 1780 3910 olim)
1805 3820 2018 3909 legem
2051 3818 2222 3885 hanc
2249 3836 2286 3883 a
2310 3838 2422 3885 sua

152 3937 375 4027 regula
423 3941 752 4009 exclusam
800 3939 1196 4025 maluerunt,
1257 3942 1331 4003 ut
1376 3934 1667 4003 liberiori
1700 3935 1846 4002 vitae
1901 3935 2242 4013 vacarent3
2317 3931 2426 3999 sed

153 4054 453 4125 duntaxat
495 4056 651 4147 quia
702 4054 854 4145 piis,
888 4054 1127 4144 quibus
1172 4073 1307 4120 sese
1348 4072 1423 4119 ex
1451 4051 1742 4119 instituto
1776 4049 2171 4117 devoverunt
2211 4048 2427 4136 operi-

150 4168 297 4253 buS,
334 4172 585 4241 obstare
631 4170 1000 4238 clausuram
1042 4168 1426 4237 canonicam
1466 4166 1694 4234 merito
1715 4164 2186 4231 existimarunt.
2219 4160 2311 4229 Ex
2349 4162 2430 4231 iis

152 4288 331 4355 enim
372 4289 500 4379 piis
546 4286 877 4380 operibus,
912 4285 1037 4354 alia
1077 4306 1151 4353 ex
1182 4289 1410 4351 natura
1456 4302 1594 4365 sua,
1635 4278 1758 4347 alia
1781 4278 1866 4348 ob
1905 4298 2101 4347 novos
2129 4277 2426 4347 inductos

160 4403 558 4492 populorum
610 4426 825 4473 mores
878 4420 1204 4489 novasque
1254 4400 1680 4486 necessitates,
1729 4395 2054 4465 clausurae·
2091 4395 2428 4465 observan-
