2834 4959
1123 371 1278 420 PABS
1319 371 1584 431 Quum.
1622 366 1628 371 ’
2371 374 2497 433 6οἿ

1129 678 1409 751 CAPUT
1448 680 1565 753 111.

227 858 592 909 sotvuurun
629 852 962 905 nonum-1⁴8
1009 853 1394 909 Qusssssonns
1438 856 1620 905 cmca
1666 858 2123 909 PROFESSIONE!
2168 864 2467 916 nemu,

301 1056 593 1137 Quffis'no
618 1053 696 1124 1⁸.
731 1090 817 1107 -
860 1050 1216 1134 Quodnam
1254 1052 1473 1142 fuerit
1490 1053 1615 1145 jus
1650 1076 1998 1127 commune
2036 1059 2211 1129 circa
2229 1063 2497 1154 profes·

207 1172 465 1242 sionem
492 1170 796 1255 tacitam,
819 1180 980 1237 ante
1017 1166 1473 1237 Tridentinum
1490 1167 1845 1241 concilium
1858 1172 1899 1240 2·
1928 1208 2022 1227 -
2054 1175 2116 1243 1·
2142 1172 2273 1245 Ubi
2296 1156 2493 1247 habi-

210 1292 323 1357 tus
341 1285 772 1377 professorum
790 1290 927 1353 erat
941 1275 1282 1355 distinctus
1299 1281 1383 1351 ab
1403 1280 1630 1353 habitu
1657 1286 2083 1377 novitiorum,
2106 1288 2157 1358 si
2180 1289 2491 1378 novitius,

211 1405 626 1493 pubertatem
697 1399 990 1491 adeptus,
1051 1395 1352 1467 habitum
1410 1397 1713 1491 professis
1782 1402 2126 1493 proprium
2192 1426 2307 1497 per
2371 1412 2498 1477 tres

214 1517 359 1586 dies
403 1521 725 1606 gestasset,
779 1513 1242 1607 professionem
1291 1514 1583 1613 emisisse
1630 1515 2037 1589 censebatur.
2081 1517 2149 1587 2⁹
2188 1518 2315 1591 Ubi
2346 1542 2499 1591 vero

217 1629 634 1702 indistinctus
649 1637 788 1701 erat
821 1630 1110 1716 babitus,
1141 1649 1396 1699 necesse
1422 1637 1557 1701 erat
1578 1633 1660 1702 ad
1682 1633 2121 1704 inducendam
2146 1634 2495 1727 professio-

215 1770 374 1827 nem
420 1748 712 1833 tacitam,
775 1752 850 1816 nt
901 1744 1184 1815 novitius
1244 1744 1437 1814 illum
1493 1752 1765 1837 gestaret
1829 1769 1946 1839 per
1998 1770 2254 1817 annum
2322 1752 2497 1820 inte-

217 1884 444 1955 grum.
513 1861 580 1931 3⁰
605 1859 792 1931 .ltem
853 1861 1232 1932 censebatur
1290 1858 1573 1930 novitius
1636 1859 2107 1955 professionem
2176 1863 2492 1965 emittere,

221 1976 488 2069 quando
541 1976 866 2045 exercebat
911 1975 1194 2067 aliquem
1240 1984 1462 2045 actum
1509 1976 1809 2067 professis
1858 1975 2248 2069 proprium;
2314 1977 2497 2047 verbi

221 2090 456 2181 gratia,
502 2090 756 2181 quando
808 2090 1193 2183 suffragium
1237 2088 1477 2159 ferebat
1524 2091 1594 2159 in
1644 2090 1950 2182 capitulo.
2004 2090 2085 2161 Et
2134 2090 2499 2163 sufficiebat

219 2204 548 2297 ejusmodi
595 2212 768 2276 actus
805 2207 1216 2294 exercitium,
1257 2207 1392 2275 sive
1426 2206 1711 2275 novitius
1752 2205 2061 2276 eumdem
2100 2228 2179 2277 ac
2226 2206 2499 2299 professi
2538 2266 2549 2277 .

219 2320 524 2391 habitum
570 2327 866 2412 gestaret,
893 2322 1029 2391 sive
1055 2319 1407 2391 diversum.
1444 2320 1512 2388 4⁰
1562 2320 1799 2392 Tacitae
1840 2308 2221 2413 professioni
2269 2323 2496 2391 eadem

219 2437 318 2506 vis
363 2435 573 2507 inerat
620 2456 696 2506 ac
752 2456 1082 2528 expressae.
1133 2434 1314 2518 Quia.
1347 2457 1585 2529 nempe
1644 2436 1931 2508 novitius
1980 2435 2497 2529 praesumebatur

215 2555 316 2624 sic
341 2574 532 2646 agere
575 2575 652 2622 ex
693 2554 914 2623 animo
946 2558 1011 2623 et
1049 2551 1408 2623 intentione
1452 2554 1843 2642 religionem
1890 2553 2263 2645 profitendi,
2302 2575 2500 2645 seque

218 2669 326 2739 illi
375 2674 684 2762 perpetuo
721 2667 1077 2758 obligandi.
1127 2667 1193 2737 5⁰
1245 2666 1673 2757 Praesumptio
1728 2667 1841 2735 itta
1884 2673 2020 2734 erat
2053 2667 2238 2756 juris
2293 2680 2357 2737 ec
2416 2667 2497 2738 de

205 2786 377 2876 jure
385 2804 416 2873 ,·
451 2784 518 2854 id
559 2792 654 2855 est
696 2805 828 2854 non
878 2766 1334 2855 admittebatur
1389 2781 1683 2874 probatio
1734 2783 1817 2873 ‚in
1872 2782 2303 2849 contrarium.
2372 2782 2499 2852 Sed

213 2898 354 2969 hoc
412 2900 548 2991 ipso
606 2900 777 2991 quod
838 2900 1119 2971 novitius
1173 2899 1244 2969 id
1306 2897 1549 2967 faciens
1606 2896 1687 2966 de
1753 2894 2079 2965 contraria
2142 2896 2499 2966 intentione

219 3033 366 3083 non
406 3021 567 3085 esset
606 3036 896 3107 expresse
930 3019 1336 3107 protestatus,
1397 3012 1861 3105 professionem
1896 3008 2191 3081 emittere
2220 3010 2501 3081 voluisse

223 3130 608 3201 censebatur
657 3132 823 3224 (vide
869 3130 1083 3223 quoad
1135 3131 1274 3200 hoec
1307 3129 1531 3199 omnia
1584 3124 2193 3217 Schmalzgrueber,
2235 3125 2305 3194 in
2339 3127 2499 3196 titu-

223 3246 372 3315 lum
392 3244 474 3315 de
492 3246 954 3339 Reqularibus,
985 3268 1056 3317 n.
1100 3244 1280 3337 155).

317 3362 610 3445 Quasno
635 3362 742 3435 11⁸.
775 3401 866 3417 —
885 3370 995 3435 An
1021 3364 1216 3434 hodie
1233 3364 1439 3435 etiam
1460 3361 1682 3432 valide
1704 3362 1859 3454 fieri
1868 3362 2105 3455 possit,
2129 3378 2193 3435 et
2210 3364 2507 3459 quando-

227 3500 358 3571 que
386 3479 519 3568 fiat
535 3480 858 3574 professio
889 3480 1146 3551 tacita?
1174 3516 1262 3533 —·
1294 3481 1356 3579 1?
1381 3478 1649 3548 Certum
1680 3484 1775 3547 est
1794 3500 1831 3547 a
1859 3477 2245 3550 Tridentina
2264 3478 2509 3568 synodo

225 3594 554 3665 sublatam
581 3614 714 3665 non
756 3595 952 3665 fuisse
997 3595 1465 3687 professionem
1501 3595 1785 3679 tacitam,
1811 3594 2115 3685 quamvis
2138 3592 2509 3663 Tridentini

229 3709 449 3779 Patres
497 3730 696 3781 novas
741 3710 826 3780 ad
879 3710 1166 3780 valorem
1227 3708 1582 3801 cujuslibet
1638 3707 2053 3800 professionis
2106 3708 2509 3779 conditiones

229 3829 620 3899 necessarias
680 3826 976 3913 fecerint,
1029 3846 1178 3918 quoe
1225 3826 1547 3897 rariorem
1602 3825 1675 3895 in
1737 3826 1917 3917 praxi
1972 3826 2247 3896 tacitum
2304 3824 2515 3917 profi-

226 3940 410 4013 tendi
469 3942 740 4013 modum
800 3942 1158 4013 reddidere.
1238 3938 1402 4013 Satis
1462 3940 1533 4010 id
1600 3946 1851 4011 constat
1908 3960 1985 4009 ex
2047 3940 2511 4011 constitutione

225 4056 398 4127 sixti
425 4054 486 4127 V
512 4056 606 4129 ad
627 4061 1003 4129 Romanum
1037 4056 1150 4148 (12
1175 4058 1296 4126 cal.
1332 4054 1707 4126 novembris
1738 4053 1962 4145 1588),
2006 4056 2074 4123 in
2104 4075 2235 4146 qua
2263 4054 2357 4125 sic
2382 4055 2511 4123 ha-

227 4172 470 4243 betur:
501 4172 638 4245 Sed
657 4195 808 4243 cum
830 4170 1058 4243 eadem
1093 4171 1270 4241 ratio
1298 4171 1523 4263 viqeat
1546 4170 1619 4239 in
1650 4166 1861 4237 tacita
1877 4168 2290 4261 professione
2312 4168 2510 4238 emit-

232 4286 462 4372 tenda,
501 4311 650 4382 quae
675 4288 935 4358 militat
983 4287 1056 4357 in
1093 4308 1422 4379 expressa,
1464 4286 1831 4354 statuimus
1854 4282 2038 4376 quod
2078 4284 2152 4353 in
2183 4284 2519 4377 quibusvis

229 4401 578 4473 ordinibus
589 4418 656 4475 ct
682 4396 1142 4497 reliqionibus,
1165 4422 1370 4492 neque
1393 4400 1607 4472 etiam
1632 4397 1842 4469 tacita
1854 4399 2191 4491 professio
2210 4420 2527 4493 quarum-
