2834 4959
1062 384 1214 431 rans
1259 384 1519 441 QUARTA.
2314 382 2439 439 627

142 524 308 573 men
365 502 740 571 nullitatem
805 524 940 573 non
991 504 1379 593 suspicatur,
1427 524 1817 573 consensum
1876 507 1945 573 in
2008 508 2440 579 contrahendo

141 619 526 709 praestitum
577 638 712 686 non
757 616 1050 697 retrahit,
1111 624 1597 707 perseveratque
1646 618 1759 687 ille
1802 640 2199 691 consensus:
2251 630 2443 715 atque

139 734 282 803 hoc
331 734 598 815 sufficit,
639 738 710 800 ut
758 732 1011 801 sublato
1060 751 1180 821 per
1221 731 1763 822 dispensationem
1798 732 2205 803 Pontificiam
2238 738 2443 829 impe-

143 849 479 935 dimento,
521 846 732 915 statim
781 846 1024 937 absque
1078 866 1244 913 novo
1282 868 1599 915 consensu
1650 849 1943 917 validum
1995 872 2131 919 esse
2178 854 2449 945 incipiat

141 962 688 1031 matrimonium.
725 959 804 1027 Et
841 966 1121 1045 notetur,
1179 980 1308 1027 non
1357 963 1567 1049 magis
1604 984 1785 1051 posse
1832 963 1916 1031 ab
1964 962 2249 1033 Ecclesia
2288 988 2446 1058 sup-

153 1078 332 1169 pleri
375 1096 768 1144 consensum
797 1074 870 1141 in
899 1074 1343 1159 matrimonio,
1372 1096 1571 1164 quam
1614 1076 1681 1143 in
1726 1076 2140 1167 professione.
2180 1079 2365 1151 Unde
2392 1082 2448 1151 si

147 1212 519 1262 consensus
555 1192 744 1259 initio
791 1193 1144 1282 praestituS,
1190 1196 1253 1259 et
1303 1192 1478 1259 dicto
1526 1192 1719 1261 modo
1776 1216 2213 1284 perseverans,
2261 1198 2343 1265 de
2383 1220 2451 1267 se

147 1309 570 1377 insufficiens
613 1312 780 1375 esset
811 1308 890 1375 ad
935 1305 1218 1374 validam
1273 1307 1755 1397 professionem,
1798 1311 1961 1378 foret
1996 1312 2191 1381 etiam
2238 1313 2449 1383 insuf-

155 1425 398 1493 ficiens
425 1423 507 1491 ad
539 1421 956 1490 validandum
985 1421 1503 1489 matrimonium.
1550 1422 1695 1492 Non
1720 1430 1936 1491 tamen
1963 1425 2242 1495 dicimus
2270 1429 2450 1498 suffi-

155 1560 316 1610 cere
374 1540 580 1608 solam
627 1538 1085 1630 impedimenti
1121 1539 1537 1607 cessationem
1586 1560 1743 1607 cum
1776 1550 2223 1629 perseverante
2276 1544 2453 1614 dicto

153 1678 488 1727 consensu
545 1682 564 1725 τ
615 1655 684 1723 id
729 1655 1000 1746 quidem
1053 1654 1183 1722 dici
1252 1661 1495 1744 poterat
1556 1662 1702 1725 ante
1757 1655 2205 1727 Tridentinam
2262 1682 2454 1749 syno-

155 1778 362 1861 dum3
418 1782 482 1845 et
524 1794 749 1844 revera
803 1776 893 1843 ita
937 1774 1232 1842 docuisse
1275 1772 1731 1843 Innocentium
1791 1776 1911 1862 lv,
1953 1779 2146 1846 refert
2186 1778 2449 1869 Fagna-

159 1914 294 1960 nus
345 1890 438 1982 (in
463 1912 605 1981 cap.
651 1891 726 1959 Si
750 1892 894 1983 quis
917 1888 998 1959 de
1029 1889 1490 1979 Reqularibus,
1522 1914 1588 1957 n.
1630 1890 1741 1981 73)
1786 1893 1852 1957 in
1895 1892 2072 1960 hunc
2123 1896 2393 1963 modum
2428 1920 2443 1963 :

175 2033 214 2071 α
241 2006 356 2075 Sic
395 2008 580 2074 docet
624 2026 912 2096 expresse
947 2006 1361 2075 Innocentius
1381 2007 1473 2097 (in
1504 2029 1646 2097 cap.
1688 2006 2125 2094 Consuluisti,
2164 2008 2243 2076 de
2277 2014 2448 2079 Con·

176 2146 212 2184 «
239 2120 538 2188 versione
581 2120 876 2211 conjuq.)
909 2146 926 2207 3
962 2122 1076 2189 uhi
1113 2121 1527 2208 determinat,
1564 2122 2023 2211 professionem
2055 2124 2306 2191 nullam
2343 2146 2447 2194 so-

173 2262 208 2301 «
245 2238 584 2305 lemnizari
627 2237 710 2305 ab
747 2236 1030 2305 Ecclesia
1072 2237 1144 2305 in
1179 2236 1410 2328 primo
1456 2246 1791 2305 momento
1834 2238 2164 2327 temporis,
2198 2260 2329 2327 quo
2352 2240 2447 2309 sic

169 2376 204 2415 α
229 2352 562 2442 professus
619 2358 760 2441 post
797 2352 1124 2421 sublatum
1172 2353 1719 2443 impedimentum
1768 2353 1840 2419 in
1878 2351 2191 2441 religione
2220 2374 2439 2443 perse-

163 2492 200 2531 «
238 2469 508 2537 vetavit.
543 2492 580 2533 n
627 2464 750 2537 Sed
789 2488 946 2537 cum
975 2468 1352 2536 Tridentina
1389 2468 1939 2558 synodus.(capite
1994 2469 2103 2552 15,
2138 2490 2289 2538 sess.
2326 2470 2442 2554 25,

159 2582 242 2651 de
275 2582 550 2674 Requl.)
591 2584 1056 2675 professionem
1103 2593 1256 2649 ante
1281 2604 1485 2649 annos
1517 2584 1833 2649 sexdecim
1868 2585 2197 2669 emissam,
2228 2586 2448 2655 decre-

155 2697 323 2766 verit
354 2700 444 2766 ita
503 2700 754 2768 nullam
785 2700 944 2785 fore,
977 2705 1050 2764 ut
1099 2718 1233 2765 non
1279 2701 1491 2785 posset
1524 2716 1639 2785 per
1662 2716 1806 2762 eam
1848 2696 2073 2763 induci
2098 2698 2443 2787 obligatio-

154 2833 311 2883 nem
380 2814 459 2883 ad
487 2822 722 2883 statum
769 2810 1460 2902 religiosum,videtur
1502 2810 1623 2877 hoc
1651 2810 1791 2899 ipso
1816 2809 2099 2877 noluisse
2140 2819 2214 2879 ut
2257 2814 2445 2882 suffi-

153 2935 322 3001 ceret
385 2950 735 2998 consensus
785 2930 853 2996 in
905 2948 978 2995 ea
1015 2926 1336 3019 praestitus
1375 2946 1529 2993 cum
1561 2923 1695 2991 sola
1750 2923 2201 3011 impedimenti
2232 2946 2445 2996 cessa—

147 3044 324 3113 tione
355 3066 377 3111 ς
403 3049 465 3110 et
503 3045 646 3111 ideo
671 3043 864 3111 hodie
894 3042 1326 3110 necessarium
1368 3038 1624 3107 videtur
1654 3044 1729 3105 ut
1753 3037 2185 3127 subsequatur
2212 3041 2441 3111 saltem

145 3158 466 3247 professio
492 3158 700 3225 tacita.
733 3154 857 3225 Sed
884 3157 1104 3247 positis
1137 3156 1386 3223 actibus
1434 3153 1843 3246 professionis
1892 3152 2099 3221 tacitae
2148 3156 2433 3225 inducti-

150 3274 272 3356 vis,
309 3296 480 3343 cum
519 3279 964 3362 perseverante
988 3272 1320 3361 primitivo
1357 3274 1783 3356 consensu,et
1813 3276 1951 3358 post
1984 3268 2435 3359 impedimenti

147 3389 622 3468 sublationem,
641 3388 808 3454 nihil
837 3387 1088 3454 videtur
1115 3386 1364 3455 obstare
1401 3388 1757 3475 quominus
1785 3405 1902 3474 pro
1924 3384 2131 3453 valide
2150 3388 2435 3477 professo

150 3508 500 3599 religiosus
522 3507 858 3574 habeatur.
2448 3508 2458 3518 ·

233 3629 452 3698 Nota.
491 3660 583 3675 --
607 3621 672 3691 Si
713 3642 862 3689 vera
889 3621 1050 3689 foret
1085 3621 1308 3710 opinio
1335 3640 1532 3709 quam
1559 3618 2045 3710 descripsimus,
2082 3619 2433 3737 moderan-

145 3739 308 3807 dum
341 3745 505 3807 esset
541 3737 716 3829 quod
759 3735 988 3805 dicunt
1038 3734 1226 3803 multi
1273 3734 1643 3802 canonistae·
1677 3732 1755 3801 de
1798 3734 2163 3803 necessaria
2216 3732 2431 3801 inten-

153 3856 338 3923 tione
363 3854 442 3920 ad
474 3854 680 3922 valide
725 3852 1170 3921 ratificandam
1217 3850 1679 3941 professionem
1703 3868 2098 3939 expressam,
2142 3868 2257 3937 per
2285 3870 2433 3939 pro-

153 3968 498 4039 fessionem
541 3968 825 4035 tacitam.
906 3964 1150 4034 Dicunt
1221 3984 1459 4053 nempe
1516 3964 1931 4051 gestationem
1998 3962 2279 4049 habitus,
2326 3964 2432 4033 vel

154 4093 418 4152 actuum
477 4080 770 4173 professis
817 4082 1233 4171 propriorum
1305 4080 1713 4157 exercitium,
1770 4078 1908 4144 fieri
1988 4076 2223 4147 debere
2280 4100 2431 4148 cum

157 4199 522 4269 intentione
547 4196 944 4288 ratificandi
979 4198 1256 4288 priorem
1275 4194 1739 4287 professionem
1792 4192 2055 4261 nulliter
2099 4194 2431 4277 emissam,

156 4332 232 4381 ac
303 4316 568 4404 proinde
619 4336 776 4385 cum
836 4314 1206 4405 coquitione
1281 4308 1596 4378 nullitatis
1645 4308 1935 4399 eJ‘usdem
1996 4309 2427 4399 professionis.

157 4424 346 4498 Juxta
363 4430 602 4499 dictam
639 4430 1040 4523 opinionem,
1081 4426 1403 4496 sufficeret
1424 4424 1693 4493 intentio
1722 4422 2098 4515 profitendi,
2118 4446 2266 4513 quae
2294 4426 2431 4499 ini-
