2834 4959
414 375 539 433 3⁰2
978 382 1317 432 ’macutus
1352 382 1434 429 DE
1479 380 1627 427 unffi
1672 380 2090 429 anonumum.

410 501 677 574 difficile
708 502 1113 594 probaretur,
1157 522 1273 593 per
1310 500 1440 569 duo
1487 506 1600 567 aut
1640 498 1762 567 tria
1819 502 2112 591 proxime
2161 500 2378 591 elapsa
2428 506 2692 591 saecula,

410 620 661 709 aliquos
727 618 1033 687 exstitisse
1092 622 1342 685 curatos
1409 612 1811 700 amoribiles,
1881 616 1996 705 qui
2075 630 2206 685 non
2260 616 2475 685 forent
2519 620 2696 689 dicto

410 734 605 805 modo
672 732 945 823 alicujus
1017 730 1415 813 monasterii,
1477 729 1812 819 collegiive
1895 736 2008 798 aut
2079 729 2343 799 alterius
2421 735 2690 804 rectoris

410 848 789 943 principalis
828 870 941 917 seu
986 847 1387 917 habitualem
1427 865 1654 913 curam
1703 844 2068 931 retinentis,
2117 846 2375 915 vicarii.
2429 846 2691 919 Nihilo-

412 965 661 1047 minua,
716 962 835 1031 etsi
898 960 977 1031 de
1024 961 1195 1029 facto
1248 960 1420 1029 nulli
1475 964 1586 1028 aut
1640 958 1774 1028 fere
1832 958 2001 1029 nulli
2051 960 2431 1047 exstiterint,
2489 968 2694 1033 curati

411 1078 790 1151 amovibiles
832 1098 968 1145 non
1016 1076 1272 1156 vicarii,
1316 1076 1673 1165 potuissent
1717 1080 1933 1145 tamen
1973 1075 2262 1145 existere.
2297 1076 2488 1158 Quod
2516 1082 2690 1149 enim

411 1194 675 1265 fundari
711 1192 918 1261 valeat
942 1189 1329 1283 parochialis
1368 1188 1632 1259 ecclesia
1667 1210 1821 1259 cum
1863 1190 1986 1259 hac
2023 1192 2418 1273 conditione,
2465 1201 2544 1261 ut
2581 1216 2692 1263 eu-

410 1318 591 1381 ratus
634 1307 1031 1378 habitualem
1080 1305 1283 1375 simul
1328 1309 1391 1373 et
1437 1303 1755 1373 actualem
1799 1326 2024 1374 curam
2057 1306 2314 1389 habeat,
2363 1312 2431 1375 et
2471 1314 2688 1378 tamen

397 1426 495 1496 ad
538 1433 776 1495 nutum
826 1422 1101 1511 alicujus
1150 1418 1520 1489 amovibilis
1569 1420 1674 1507 sit,
1725 1422 1948 1511 negari
1988 1441 2172 1512 posse
2221 1442 2354 1490 non
2405 1421 2690 1510 videtur,

412 1558 532 1606 nec
557 1533 731 1625 apud
758 1532 1474 1622 aliquemcanonistam
1499 1536 1812 1620 negatum
1839 1530 2086 1600 inveni.
2133 1570 2222 1586 -
2261 1533 2328 1602 3·
2371 1530 2693 1604 Existimo

412 1670 533 1740 ego
576 1648 1041 1717 hodiernarum
1092 1645 1322 1715 Galliae
1356 1654 1422 1743 et
1468 1645 1676 1737 Belgii
1721 1646 2201 1715 suocursalium
2245 1652 2543 1737 rectoreS,
2606 1650 2692 1717 ad

410 1768 831 1857 posteriorem
876 1768 1251 1831 curatorum
1286 1761 1745 1831 amoribilinm
1789 1764 2073 1854 speciem
2107 1784 2243 1833 esse
2276 1762 2682 1849 referendos3

412 1882 481 1951 id
523 1887 639 1969 est,
686 1900 823 1950 esse
855 1900 961 1951 eos
1007 1878 1089 1948 ad
1134 1890 1373 1947 nutum
1415 1876 1718 1970 Episcopi
1763 1878 2165 1961 amovibiles,
2199 1886 2262 1947 et
2295 1886 2516 1948 tamen
2559 1901 2691 1949 non

411 2017 547 2065 esse
592 1994 872 2083 alicujus
910 1993 1198 2078 alteriue,
1253 1992 1655 2062 habitualem
1703 2014 1930 2061 curam
1966 1994 2334 2082 retinentia,
2365 1994 2690 2077 vicarios;

411 2114 603 2203 prout
638 2108 902 2201 exposui
928 2110 999 2176 in
1024 2130 1170 2176 meo
1196 2114 1471 2175 tractatu
1495 2106 1576 2176 de
1601 2107 1926 2178 Par-ocho.
1961 2106 2036 2177 In
2064 2110 2204 2200 ipsa
2245 2108 2428 2177 enim
2459 2108 2686 2177 harum

408 2222 883 2293 succursalium
909 2223 1229 2291 erectione
1252 2227 1484 2290 statuta
1516 2223 1641 2291 fuit
1667 2224 2058 2294 manualitas
2081 2246 2194 2293 seu
2216 2222 2682 2307 amovibilitas3

411 2342 473 2404 et
501 2334 764 2404 aliunde
795 2332 1051 2402 nullum
1094 2340 1291 2403 exstat
1338 2336 1809 2407 documentum
1863 2346 1976 2409 aut
2020 2341 2218 2409 etiam
2261 2338 2588 2411 indicium
2613 2338 2685 2407 de

409 2448 575 2519 facta
622 2449 885 2517 illarum
927 2448 1431 2543 succursalium,
1479 2452 1612 2520 sive
1653 2474 1810 2522 cum
1852 2475 2078 2523 mensa
2127 2452 2507 2545 episcopali,
2559 2454 2684 2521 sive
2800 2444 2801 2461 ¹

410 2583 567 2631 cum
594 2560 813 2652 aliquo
851 2563 979 2631 alio
1010 2562 1349 2650 beneficio,
1382 2567 1654 2636 unione.
1699 2604 1794 2623 -
1835 2571 1904 2638 4⁰
1934 2568 2146 2639 Posita
2181 2574 2400 2638 autem
2430 2571 2682 2639 veritate
2798 2622 2799 2627 ,

408 2675 689 2767 duplicis
715 2676 916 2767 hujus
937 2678 1171 2770 speciei
1196 2686 1571 2751 curatorum
1598 2684 2079 2773 amovibilium,
2112 2684 2324 2775 quoad
2349 2690 2680 2775 utramque

408 2787 708 2859 solvenda
752 2790 930 2859 venit
989 2791 1259 2879 quaestio
1301 2796 1660 2883 proposita3
1710 2817 1792 2865 an
1827 2796 2076 2867 scilicet
2123 2798 2275 2865 novi
2331 2803 2680 2865 conventus
2796 2844 2797 2871 l

408 2904 710 2973 erectioni
738 2925 873 2973 sese
902 2926 1229 2996 opponere
1255 2906 1531 2977 valeant.

498 3014 872 3087 Pnorosmo
893 3017 968 3086 1⁸.
992 3056 1083 3070 -—
1110 3022 1346 3091 Curati
1368 3022 1464 3091 ad
1476 3036 1722 3093 nutum
1745 3024 2158 3109 amovibiles,
2179 3026 2240 3094 si
2261 3026 2397 3095 sint
2421 3024 2674 3104 vicarii,

407 3153 539 3201 sese
557 3156 883 3226 opponere
902 3148 1237 3225 nequeunt
1258 3158 1585 3205 novorum
1607 3153 2054 3210 conventuum
2071 3142 2504 3211 erectionibus
2516 3160 2548 3225 ;
2565 3138 2685 3206 sed

322 3244 329 3258 '
408 3244 530 3314 hoc
546 3248 838 3337 pertinet
866 3246 957 3317 ad
996 3270 1101 3317 eos
1132 3272 1336 3341 penes
1381 3274 1546 3343 quos
1591 3252 1837 3325 residet
1874 3255 2245 3325 habitualis
2271 3278 2451 3327 cura.
2483 3292 2570 3305 —
2605 3252 2680 3321 ld

408 3358 795 3429 sufficienter
822 3363 1037 3433 firmat
1062 3362 1349 3435 Ferraria
1371 3368 1554 3457 (voce
1566 3370 1960 3456 Conventus,
1990 3380 2107 3440 art.
2143 3378 2206 3459 1,
2235 3394 2307 3442 n.
2355 3368 2578 3461 4649)
2601 3369 2676 3455 jin

407 3473 589 3543 hunc
637 3476 907 3547 modum
958 3503 978 3547 ε
1033 3503 1071 3545 α
1114 3478 1303 3549 Circa
1354 3502 1748 3553 consensum
1809 3486 2078 3577 parochi
2130 3507 2266 3555 non
2314 3487 2674 3579 importune
2790 3469 2791 3486 ¹

415 3618 451 3659 «
477 3594 814 3684 quaeritur,
866 3600 1137 3668 utrum'
1118 3621 1175 3668 is
1210 3600 1498 3692 praestari
1525 3602 1754 3675 debeat
1779 3604 1862 3675 ab
1901 3626 1979 3677 eo
2014 3608 2133 3698 qui
2168 3606 2419 3677 obtinet
2459 3625 2670 3691 curam

415 3708 903 3791 «habitualem,
953 3734 1039 3780 an
1085 3712 1169 3781 ab
1214 3713 1326 3783 illo
1370 3717 1490 3804 qui
1530 3738 1762 3789 curam
1804 3720 2052 3791 obtinet
2095 3722 2458 3793 actualem?
2501 3720 2670 3791 Prae-

417 3846 451 3887 α
478 3825 781 3893 standum
822 3846 958 3894 esse
1008 3826 1093 3895 ab
1145 3828 1475 3907 obtinente
1526 3854 1752 3907 curam
1801 3836 2225 3927 habitualem,
2285 3840 2494 3911 tenuit
2529 3837 2668 3909 Rota
2785 3830 2787 3894 l

416 3962 451 4003 α
477 3938 547 4006 in
574 3938 727 4007 dict.
762 3940 1026 4031 Eystet.
1052 3942 1498 4015 Fundationes
1523 3946 1801 4040 hospitii
1824 3953 1908 4022 10
1935 3954 2660 4059 mai21726‚§Rursus‚
2783 3970 2785 4027 ἰ

418 4076 455 4119 (ι
480 4074 611 4121 cor.
666 4053 816 4124 bon.
859 4078 1058 4129 mem.
1114 4061 1506 4133 GamaclzeS.
1553 4063 1700 4135 Non
1737 4070 2171 4141 omittendum
2220 4092 2370 4141 vero
2415 4069 2619 4163 quod
2604 4087 2664 4136 ιιι

412 4196 450 4237 α
478 4172 618 4259 ejus
644 4190 798 4239 casu
826 4172 935 4243 ille
971 4178 1086 4265 qui
1124 4178 1456 4251 obtinebat
1479 4203 1708 4253 curam
1737 4187 2084 4274 actualem,
2115 4211 2250 4262 non
2281 4199 2422 4260 erat
2453 4208 2664 4283 perpe-
2781 4198 2783 4205 '

414 4310 449 4350 «
475 4293 651 4365 tuuS,
690 4284 801 4351 sed
834 4290 1197 4359 amovibilis
1238 4294 1315 4361 ad
1363 4301 1631 4365 nutum.
1677 4298 1765 4369 At
1795 4302 1973 4372 idem
2019 4304 2376 4375 dicendum
2402 4306 2658 4382 videtur,

417 4424 450 4460 a
476 4399 722 4466 etiamsi
770 4398 877 4467 ille
918 4403 1035 4492 qui
1060 4428 1287 4475 curam
1321 4411 1638 4481 actualem
1675 4416 1941 4505 obtinet,
1982 4420 2066 4488 sit
2101 4429 2479 4514 perpetuus3
2529 4440 2658 4489 nam
