2834 4959
1074 363 1225 411 PARS
1265 365 1562 416 suenum.
2331 371 2450 427 267

210 509 235 544 α
263 489 559 550 rentuum
613 481 683 549 in
758 467 989 550 ordine
1035 486 1114 552 ad
1166 507 1554 557 eonsensum
1581 491 1614 558 ‘t
1666 491 2018 562 Affirmant
2074 496 2446 590 RicciuS...‚

202 624 227 662 α
252 597 661 680 NovaruS...;
718 599 875 688 quia
936 601 1309 670 constitutio
1383 603 1734 674 Clementis
1779 607 1928 677 Vlll
1989 610 2283 681 absolute
2343 637 2452 686 re—

196 741 221 776 «
258 713 451 802 quirit
497 713 677 782 hano
728 714 1279 784 convocationem.
1346 717 1434 786 At
1487 741 1622 789 non
1687 744 1822 792 esse
1872 729 2295 797 necessarium
2351 738 2453 800 te-

194 853 223 890 a·
252 835 399 894 nent
462 827 742 896 Joannes
814 827 1015 898 Maria
1078 830 1486 922 Novarus...,
1561 835 1988 928 Cespedes..:,
2031 841 2444 932 Donatus...;

200 977 235 1012 (t
263 949 403 1036 quia
427 947 787 1037 Gregorius
812 948 939 1018 XV
989 951 1057 1018 in
1084 954 1538 1024 constitutione
1579 978 1778 1049 supra
1803 961 2000 1030 relata
2029 960 2227 1042 addit,
2280 967 2451 1054 quod

195 1089 231 1130 α
260 1071 503 1155 possunt
554 1062 887 1133 ordinarii
935 1066 1341 1137 introducere
1388 1091 1586 1140 novas
1635 1073 2008 1163 religioneS,
2061 1078 2171 1145 vel
2191 1079 2450 1152 obtento

194 1203 233 1242 <t
271 1197 507 1248 assensu
552 1179 839 1247 aliorum
896 1180 1378 1271 religiosorum,
1423 1186 1532 1254 vel
1605 1188 1774 1257 alias
1821 1192 1876 1260 si
1945 1192 2037 1259 eis
2097 1197 2450 1263 constiterit

200 1319 235 1361 «
272 1316 441 1385 posse
464 1295 595 1364 sine
631 1295 911 1366 aliorum
964 1297 1348 1369 detrimento
1396 1303 1734 1373 commode
1787 1309 2212 1377 sustentari...
2263 1307 2447 1389 Quod

196 1436 233 1476 «
272 1410 593 1480 arbitrium
618 1433 995 1482 concessum
1028 1414 1363 1507 Episcopis
1400 1440 1532 1488 non
1567 1419 1694 1489 fuit
1721 1429 2090 1491 revocatum
2141 1446 2257 1515 per
2297 1445 2448 1492 oon·

190 1553 227 1590 a
258 1528 643 1598 stitutionem
694 1527 939 1598 Urbani
1010 1530 1166 1600 VIII
1222 1555 1413 1624 super
1483 1537 2024 1608 monasteriorum
2096 1541 2444 1618 erectione,

192 1665 221 1703 α
245 1643 403 1710 sicut
462 1643 716 1734 putavit
756 1642 1170 1733 Peirinus...‚
1227 1649 1361 1716 imo
1400 1648 1530 1716 fuit
1577 1653 2082 1739 confirmatum3
2119 1655 2446 1744 siquidem

186 1757 575 1827 «confirmat
638 1764 774 1828 tam
858 1761 1189 1829 decretum
1260 1755 1610 1832 Clementis
1661 1765 1811 1834 vlu
1887 1791 2086 1858 quam
2147 1769 2442 1858 Gregorii

187 1895 219 1934 α
240 1871 395 1942 XV.
424 1897 457 1937 υ
492 1871 829 1963 (Lauretus
858 1875 939 1944 de
976 1875 1317 1962 Franchis‚
1354 1879 1828 1947 Controversioe
1859 1881 2038 1948 inter
2075 1877 2442 1973 Episcopos

186 1997 247 2052 et
270 1985 611 2077 reyulares,
664 2011 819 2059 cum
886 1991 1325 2063 additionibus
1394 1989 1796 2082 Pasquessigi,
1850 2017 1996 2086 pag.
2069 1996 2219 2077 139,
2289 1997 2440 2064 edit.

182 2101 401 2171 Romae
434 2103 653 2194 1656.)

256 2217 629 2290 Pnorosrno
652 2219 763 2288 11⁸.
792 2259 879 2272 —
918 2223 1004 2288 Si
1043 2223 1377 2313 Episcopo
1414 2245 1551 2291 non
1582 2235 1830 2294 constet
1880 2246 1969 2292 an
2001 2247 2177 2292 nova
2205 2225 2439 2294 erectio

180 2335 317 2404 aliis
342 2335 762 2404 conventibus
789 2335 1110 2405 detrimen
1120 2350 1265 2405 tum
1284 2337 1588 2407 allatura
1611 2340 1722 2424 sit,
1752 2351 2012 2411 tenetur
2034 2341 2294 2430 priores
2315 2353 2438 2408 aut
2519 2384 2526 2390 ·

168 2464 623 2538 procuratores
653 2462 1125 2534 conventuum,
1162 2464 1304 2518 tum
1336 2453 1407 2522 in
1449 2453 1592 2522 loco
1637 2456 1804 2545 ipso,
1836 2467 1978 2524 tum
2003 2467 2196 2526 extra
2233 2478 2436 2545 usque

176 2561 257 2629 ad
278 2578 558 2654 quatuor
584 2565 878 2634 millium
920 2565 1323 2634 distantiam
1359 2569 1765 2656 positorum,
1803 2593 2035 2638 vocare
2063 2583 2144 2638 et·
2173 2567 2429 2640 audire.

176 2713 259 2726 -
282 2675 435 2745 Nam
456 2679 585 2748 hoc
616 2679 757 2769 ipso
786 2679 958 2768 quod
986 2700 1117 2748 non
1153 2678 1518 2747 verificetur
1550 2682 1867 2768 posterius
1892 2683 2268 2750 membrum
2302 2684 2438 2751 dis-

175 2799 485 2888 junctim,
540 2821 579 2868 a
635 2797 946 2890 Gregorio
986 2798 1110 2867 XV
1168 2801 1417 2888 posim,
1477 2803 1664 2886 urget
1713 2799 2008 2867 absolute
2057 2801 2438 2869 membrum

180 2909 383 3000 prius;
419 2935 553 3005 quo
590 2935 825 3006 nempe
864 2913 1162 2983 laudatus
1208 2912 1502 2983 Pontifex
1542 2913 1833 3004 praecipit
1881 2913 2096 2981 vocari
2135 2919 2198 2980 et
2225 2913 2437 2982 audiri

178 3025 321 3098 alios
345 3036 697 3097 conventus
730 3051 937 3118 usque
962 3028 1042 3097 ad
1072 3038 1353 3118 quatuor
1372 3029 1582 3098 millia
1612 3051 1921 3120 passuum
1943 3029 2275 3098 distantes.

257 3144 621 3214 Prorosmo
639 3145 773 3214 111¹.
816 3183 905 3200 --
932 3148 1332 3236 Quocunque
1358 3146 1556 3214 modo
1588 3145 1928 3215 licentiam
1971 3143 2220 3214 dederit
2262 3146 2435 3237 Epi-

174 3281 411 3348 scopw,
446 3273 751 3330 remanet
777 3261 927 3328 aliis
974 3262 1395 3330 conventibus
1436 3261 1522 3330 ab
1560 3285 1634 3330 ea
1663 3259 2058 3352 appellandi
2099 3261 2428 3352 facultas,

176 3394 317 3440 cum
344 3377 567 3467 effectu
598 3377 803 3444 etiam
822 3376 1227 3468 suspensivo.
1269 3415 1358 3428 —
1384 3375 1550 3445 Nam
1601 3375 1941 3468 appellatio
1969 3376 2109 3444 haee
2151 3400 2306 3446 cum
2337 3379 2434 3446 es-

168 3485 329 3556 sectu
374 3491 749 3582 suspensivo
786 3503 1075 3582 expresse
1110 3491 1476 3560 decernitur
1527 3491 1594 3558 in
1649 3512 1848 3581 supra
1889 3491 2099 3559 citatis
2135 3493 2434 3560 Clemen-

166 3603 241 3670 tis
278 3603 425 3674 VIII
454 3605 670 3674 verbis
696 3631 713 3692 ;
748 3614 813 3675 et
839 3605 1021 3674 inita
1050 3605 1504 3674 constitutione
1530 3603 1824 3693 Gregorii
1849 3601 1974 3674 XV
2003 3606 2380 3672 confirmata
2408 3627 2424 3671 ε

166 3717 401 3788 addidit
444 3723 757 3790 duntaxat
802 3719 1157 3810 Gregorius
1184 3700 1336 3800 XV,
1370 3726 1444 3788 ut
1473 3721 1795 3808 ejusmodi
1837 3718 2182 3816 appellatio
2225 3719 2306 3785 ad
2355 3717 2425 3788 S.

166 3831 734 3927 Congregationem
766 3837 1237 3929 Episcoporum
1264 3843 1333 3903 et
1354 3836 1755 3925 regularium
1787 3835 2253 3906 devolveretur.

252 3947 622 4023 Pnorosmo
647 3951 787 4021 IV⁸.
837 3989 927 4006 —·-
960 3953 1270 4042 Proefata
1297 3951 1484 4043 juris
1528 3950 1901 4043 dispositio,
1933 3950 2012 4019 de
2039 3945 2427 4038 requirendo
2558 3946 2566 3955 '

162 4085 465 4138 consensu
478 4071 848 4140 vieimrum
864 4080 1331 4154 conventuum,
1354 4090 1489 4137 non
1509 4069 1767 4158 respicit
1791 4077 2149 4138 conventus
2169 4065 2428 4133 monia-

166 4179 346 4274 lium,
378 4185 499 4256 sed
536 4187 839 4256 virorum
886 4182 1369 4254 tantummodo.
1430 4221 1520 4236 --
1569 4183 1758 4252 Hanc
1797 4181 2136 4250 tenendam
2171 4189 2431 4249 senten-

165 4297 331 4381 tiam,
356 4309 583 4372 eontra
600 4307 843 4372 veteres
854 4301 1201 4371 nonnullos
1222 4300 1609 4382 canonistas,
1641 4296 1866 4364 asserit
1882 4293 2218 4364 Monacelli
2241 4297 2430 4384 (For-

166 4413 513 4486 molarium
571 4416 807 4509 leqale‚
863 4423 1043 4507 parte
1098 4421 1161 4501 1,
1217 4414 1317 4483 tit.
1370 4415 1448 4499 6,
1490 4411 1774 4484 formula
1840 4410 1950 4502 19,
1998 4412 2216 4482 adnot.
2267 4410 2421 4502 17):
