2834 4959
370 360 493 417 416
943 359 1282 409 raacrnus
1322 359 1401 406 nr
1447 359 1597 406 man
1641 354 2060 403 monimen.

372 490 545 559 trina
566 489 661 553 est
684 482 851 553 sedis
878 480 1285 573 Apostolicae,
1316 478 1628 549 solemnia
1659 474 1852 545 hodie
1875 476 2088 543 emitti
2111 473 2186 543 in
2215 474 2448 547 Galliis
2478 488 2648 551 vota.

372 604 495 675 Cui
536 598 893 670 auctoritati
932 594 1369 666 contradicere
1406 615 1608 685 quam
1665 591 2090 663 temerarium
2129 592 2240 673 sit,
2289 614 2488 664 nemo
2529 618 2672 668 non

378 717 579 902 νιᾶδῖἱ
612 828 875 899 Certum
908 833 1025 906 ost,
1056 823 1396 895 pontificio
1446 822 1631 893 brevi
1677 819 1917 891 mensis
1954 818 2112 909 julii
2155 820 2358 909 1797,
2403 826 2664 897 cuidam

384 945 655 1017 moniali
680 941 931 1022 Galliae,
980 940 1247 1011 nomine
1288 940 1371 1010 de
1410 938 1784 1029 Soyecourt‚
1834 932 2294 1005 confirmatam
2331 937 2522 1007 fuisse
2575 940 2668 1010 fa-

380 1058 713 1140 cultatem,
762 1060 905 1123 tum
955 1052 1420 1137 haereditatem,
1471 1072 1617 1141 quae
1667 1047 1792 1117 sibi
1841 1045 2184 1136 obtigerat,
2236 1048 2662 1138 percipiendi,

382 1182 531 1245 tum
576 1168 956 1260 acquirendi
1008 1166 1504 1237 Carmelitarum
1555 1162 1916 1245 ecclesiam,
1948 1161 2232 1250 Parisiis,
2269 1162 2368 1231 via
2409 1162 2662 1254 Vangi-

384 1288 561 1371 rard‚
593 1288 807 1369 sitam,
841 1282 963 1352 sub
1007 1281 1131 1351 hac
1172 1285 1389 1349 tamen
1431 1278 1720 1349 clausula
1768 1300 1786 1347 ε
1840 1277 2047 1368 firma
2093 1275 2474 1347 substantia
2519 1282 2665 1350 voti

378 1403 691 1473 solemnis
728 1401 999 1491 (factum
1042 1397 1234 1485 illud,
1279 1400 1420 1487 post
1453 1394 1806 1463 dominum
1853 1392 2166 1474 Carri'ere,
2213 1388 2432 1463 retulit
2469 1394 2547 1464 R.
2581 1394 2652 1467 P.

382 1515 731 1597 Gautrelet,
774 1511 999 1581 Traitd
1034 1510 1113 1580 de
1152 1510 1344 1581 Γέται
1388 1508 1740 1601 reliqieux,
1761 1596 1766 1601 ¹
1789 1514 1964 1579 tomo
2007 1509 2074 1596 2,
2119 1528 2262 1599 pag.
2307 1507 2466 1593 279,
2497 1511 2658 1581 edit.

392 1629 613 1719 1853).
658 1628 857 1699 Porro
882 1649 957 1695 ex
985 1627 1247 1717 praefato
1277 1625 1459 1694 brevi
1498 1624 1786 1713 legitime
1810 1624 2214 1694 deducuntur
2246 1622 2374 1691 duo
2425 1627 2654 1715 magni

386 1746 701 1815 momenti
728 1744 1117 1813 consectaria
1150 1768 1167 1811 z

481 1860 541 1926 1⁰
574 1858 753 1929 Stare
776 1858 979 1927 simul
1014 1864 1306 1949 possunt,
1344 1860 1409 1925 et
1455 1856 1827 1926 nullatenus
1855 1874 1994 1925 sese
2030 1862 2261 1924 mutuo
2287 1853 2654 1941 excludunt,

388 1984 686 2051 votorum
732 1978 1126 2064 solemnitas,
1159 1982 1221 2046 et
1264 1976 1365 2047 lex
1410 1953 1736 2045 saecularis
1787 1976 1958 2046 hanc
2007 1972 2476 2046 solemnitatem
2527 1996 2650 2045 non

386 2114 761 2185 agnoscens.
800 2092 969 2161 Nam
1015 2112 1091 2162 eo
1138 2096 1426 2182 tempore
1475 2112 1609 2180 quo
1655 2090 1825 2160 dicta
1865 2090 2169 2160 monialis
2203 2091 2288 2160 de
2323 2090 2654 2180 Soyecourt

391 2206 808 2276 pontificium
876 2206 1038 2274 illud
1103 2204 1298 2275 breve
1350 2204 1657 2288 obtinuit,
1733 2206 1876 2296 jam
1929 2203 2182 2277 nullam
2233 2206 2305 2273 in
2349 2204 2654 2295 religiosis

386 2320 771 2411 agnoscebat
828 2300 945 2389 lex*
982 2320 1307 2389 saecularis
1357 2318 1586 2389 Galliae
1653 2326 1952 2389 votorum
2005 2320 2499 2401 solemnitatem,
2555 2330 2656 2388 aut

386 2436 667 2505 dominii
716 2434 1225 2525 incapacitatem.
1278 2433 1722 2504 Nihilominus
1747 2434 2056 2527 supponit
2081 2434 2414 2505 Romanus
2445 2432 2655 2505 Ponti-

394 2552 518 2632 fex,
572 2549 885 2619 solemnia
933 2550 1315 2619 remansisse
1368 2549 1568 2640 hujus
1619 2550 1922 2620 monialis
1964 2558 2149 2635 vota3
2191 2556 2416 2640 estque
2444 2551 2508 2617 id
2535 2550 2652 2640 ipsi

389 2664 546 2735 adeo
600 2664 1070 2753 indubitatum,
1104 2672 1178 2735 ut
1210 2666 1405 2735 etiam
1452 2687 1742 2757 expresse
1791 2672 2074 2755 moneat,
2106 2689 2225 2760 per
2269 2666 2649 2751 facultatem,

384 2802 583 2873 quam
609 2782 668 2851 ei
699 2780 1011 2867 concedit,
1060 2781 1432 2851 nullatenus
1465 2781 1602 2851 tolli
1645 2781 2122 2854 solemnitatem
2165 2784 2363 2872 hanc,
2397 2781 2506 2853 sed
2531 2783 2644 2873 fir-

387 2920 572 2967 mam
592 2918 947 2967 remanere.
980 2895 1181 2986 Erg0,
1211 2898 1437 2987 ¹judice
1483 2900 1780 2967 Romano
1826 2897 2160 2985 Pontifice,
2207 2899 2310 2969 lex
2347 2898 2652 2969 saecularis

385 3022 685 3083 votorum
708 3012 1178 3083 solemnitatem
1226 3033 1356 3082 non
1402 3035 1783 3104 agnoscens,
1829 3037 2242 3106 nequaquam
2271 3036 2416 3084 eam
2453 3014 2650 3105 impe·

385 3126 503 3212 dit,
534 3133 647 3197 aut
676 3127 988 3219 impedire
1014 3128 1201 3197 valet.

474 3241 539 3307 2ο
570 3241 867 3310 Alterum
904 3262 980 3310 ex
1018 3242 1246 3311 eodem
1282 3242 1463 3312 brevi
1509 3245 1984 3313 consectarium
2011 3250 2129 3330 est,
2173 3266 2351 3336 posse
2389 3242 2648 3333 religio-

385 3374 539 3427 sum
590 3356 973 3445 professum,
1043 3380 1121 3427 ex
1167 3357 1466 3447 legitima
1519 3360 1820 3430 facultate
1881 3366 1944 3430 et
1993 3360 2406 3451 deputatione
2459 3380 2646 3451 supo-

389 3472 665 3555 riorum,
698 3490 1039 3560 personam
1090 3472 1345 3542 domini
1392 3496 1614 3543 coram
1664 3475 1956 3545 saeculari
2003 3481 2302 3567 potestate
2343 3496 2530 3566 agere
2567 3472 2643 3564 (id

338 3573 344 3582 ’
389 3593 505 3673 est,
536 3588 800 3657 nomine
834 3610 977 3676 suo,
1008 3608 1227 3656 coram
1258 3590 1484 3659 eadem
1541 3591 1831 3661 saeculari
1876 3597 2198 3683 potestate,
2253 3592 2640 3661 haereditates

392 3707 747 3793 acceptare,
792 3702 963 3771 bona
1006 3702 1274 3772 mobilia
1318 3710 1381 3773 et
1435 3705 1800 3775 immobilia
1848 3728 2086 3792 emere,
2127 3707 2473 3799 possidere,
2515 3726 2646 3773 ven-

383 3816 558 3905 dere,
608 3820 787 3907 etc.),
821 3819 981 3907 quin
1022 3818 1283 3889 tollatur
1322 3826 1626 3891 votorum
1680 3824 1884 3914 ipsius
1929 3823 2322 3909 solemnitas,
2353 3828 2418 3891 et
2459 3816 2646 3890 domi·

384 3934 481 4001 nii
519 3934 926 4025 incapacitas.
960 3932 1129 4003 Nam
1166 3936 1444 4027 praefatae
1477 3936 1743 4008 moniali
1785 3932 2156 4009 facultatem
2193 3939 2363 4007 hanc
2389 3955 2634 4006 conces-

388 4048 470 4117 sit
496 4047 822 4118 Romanus
861 4048 1179 4133 Pontifex,
1217 4057 1527 4121 ettamen
1555 4053 1754 4123 simul
1783 4056 1988 4125 voluit
2011 4055 2294 4145 firmam
2322 4066 2635 4123 remanere

386 4169 680 4234 votorum
713 4164 914 4255 ipsius
958 4166 1476 4249 solemnitatem;
1509 4190 1655 4260 quae
1693 4170 2065 4241 solemnitas
2100 4170 2199 4261 (ut
2225 4170 2388 4253 bene
2433 4170 2640 4235 notum

388 4278 501 4367 est)
533 4300 757 4349 secum
808 4280 1004 4350 infert
1046 4283 1536 4375 incapacitatem
1591 4285 1890 4357 dominii.
1947 4284 2082 4356 Nec
2115 4276 2238 4356 est‘
2258 4284 2391 4355 ulla
2417 4286 2645 4352 contra-

385 4392 579 4463 dictio
604 4397 678 4465 in
704 4418 779 4466 eo
815 4398 988 4486 quod
1027 4400 1369 4489 religiosus
1414 4415 1746 4474 remaneat
1795 4402 2074 4473 dominii
2120 4404 2414 4492 incapax,
2469 4404 2532 4468 et
2567 4403 2648 4463 ta·-
