2834 4959
376 337 498 393 346
941 343 1280 394 TRACTATUS
1327 345 1407 392 m:
1454 343 1605 390 smus:
1646 339 2061 390 anonumum.

1438 612 1573 704 gl.

617 803 682 856 De
707 802 1093 866 obligationibus
1112 799 1425 867 regularium
1448 800 1808 864 dispersorum,
1826 799 2043 852 durante
2062 799 2403 864 dispersione.

461 1041 836 1111 Paorosmo
866 1040 941 1110 1⁸.
991 1077 1082 1092 -
1122 1043 1565 1132 Nequaquam
1594 1035 1895 1108 censendi
1934 1048 2091 1106 stmt
2116 1059 2159 1104 a
2186 1037 2360 1106 votis
2386 1038 2535 1107 suis
2559 1061 2659 1108 so-

372 1157 691 1226 lemnibus
715 1155 919 1226 soluti
927 1175 958 1240 ;
977 1153 1102 1230 sed,
1112 1176 1192 1224 ea
1210 1167 1369 1224 vota
1394 1155 1470 1222 in
1490 1175 1609 1223 suo
1636 1151 1867 1222 robore
1880 1164 2303 1244 permanent.
2334 1153 2533 1222 —ld
2560 1155 2663 1223 de-

371 1273 570 1342 clarat
616 1271 770 1342 Pius
809 1271 902 1340 VI
931 1270 1000 1340 in
1029 1291 1147 1340 suo
1189 1269 1374 1338 brevi
1420 1269 1500 1338 ad
1540 1267 1986 1338 Brunensium
2014 1266 2445 1359 Episcopum,
2480 1268 2527 1339 3
2556 1291 2661 1338 ca-

369 1388 590 1456 lendas
613 1387 860 1477 api-iliis
888 1385 1056 1455 1791
1131 1384 1509 1476 (Collection
1545 1385 1658 1452 des
1698 1381 1877 1452 breis
1902 1383 1983 1452 de
2006 1381 2115 1451 Pie
2160 1381 2278 1465 Vl,
2316 1405 2479 1451 avec
2520 1390 2653 1452 tra-

370 1502 636 1571 duction
665 1501 744 1569 de
777 1498 864 1568 M.
915 1487 1210 1580 Guillon,
1249 1505 1425 1568 tome
1468 1499 1533 1579 2,
1587 1519 1751 1589 page
1784 1497 1943 1586 544,
1992 1495 2147 1565 edit.
2188 1495 2369 1566 Paris
2414 1497 2653 1588 1798).

370 1615 470 1684 lbi
493 1635 728 1706 nempe
755 1635 952 1703 agens
980 1614 1060 1683 de
1081 1613 1478 1704 quibusdam
1511 1612 1955 1682 Carthusianis
1980 1621 2345 1704 temporum
2378 1611 2659 1681 calami-

370 1736 494 1798 tate
542 1729 846 1821 dispersis
893 1730 986 1798 sic
1026 1729 1262 1798 habet:
1325 1754 1364 1795 <x
1408 1728 1699 1820 Quisque
1742 1727 1931 1798 debet
1971 1729 2211 1798 versari
2250 1729 2323 1796 in
2378 1727 2646 1812 saecule,

378 1870 414 1910 α
449 1865 702 1914 memor
763 1845 1114 1914 vocationis
1178 1865 1335 1931 suoe,
1406 1847 1679 1935 eJusque
1732 1851 1921 1912 tenax
1984 1825 2340 1933 disciplinae
2390 1849 2455 1910 et
2507 1841 2657 1910 vitae

379 1983 414 2025 ι(
452 1959 792 2049 regularis,
847 1960 952 2028 cui
999 1980 1066 2028 se
1112 1958 1364 2050 pridem
1410 1956 1843 2050 adscripserit.
1899 1956 2065 2026 Vota
2116 1957 2464 2039 solemnia,
2516 1977 2658 2046 quoe

385 2099 422 2137 ι(
456 2095 709 2164 semper
734 2075 964 2164 firma,
993 2097 1375 2170 semperque
1399 2075 1683 2144 immota
1702 2072 2219 2166 permanebunt,
2260 2071 2578 2142 custodiat
2594 2077 2654 2141 et

389 2213 424 2252 t<
457 2195 680 2256 servet.
710 2213 746 2252 »

459 2301 720 2370 Constat
763 2303 1030 2394 insuper
1076 2324 1152 2372 ex
1198 2305 1499 2374 unanimi
1540 2305 1876 2374 doctorum
1926 2304 2008 2372 de
2032 2289 2211 2371 ‘votis
2253 2303 2651 2372 solemnibus

375 2414 689 2483 doctrina.
740 2415 993 2484 Tenent
1017 2415 1279 2486 scilicet
1317 2415 1402 2486 ab
1442 2417 1822 2508 hujusmodi
1870 2419 2035 2488 votis
2074 2417 2233 2486 solvi
2288 2437 2433 2487 non
2484 2435 2651 2508 posse

375 2530 776 2618 religiosum,
847 2533 979 2600 nisi
1027 2532 1160 2601 sola
1212 2535 1467 2602 romani
1527 2532 1859 2602 Pontificis
1912 2532 2326 2602 auctoritate:
2382 2531 2649 2600 aliorum

373 2651 590 2727 autem
645 2643 976 2715 neminem
1023 2667 1208 2738 posse
1247 2649 1319 2716 in
1361 2649 1445 2716 iis
1484 2648 1898 2740 dispensare:
1950 2647 2085 2715 imo
2119 2667 2243 2714 nec
2286 2636 2512 2734 ipsum
2544 2643 2651 2711 Pa-

373 2781 528 2850 pam
563 2760 1112 2852 dispensationem
1158 2763 1331 2834 hanc
1379 2765 1728 2834 concedere
1766 2783 1947 2856 posse
1979 2763 2055 2831 in
2084 2783 2304 2847 sensu,
2336 2767 2421 2830 ut
2456 2761 2645 2842 aiunt,

377 2877 758 2968 composito,
796 2876 862 2946 id
893 2883 1010 2962 est,
1053 2879 1142 2947 ita
1174 2886 1252 2948 ut
1279 2880 1627 2969 religiosus
1676 2877 1891 2948 adhuc
1930 2881 2257 2968 remaneat
2288 2889 2487 2947 verus
2516 2875 2652 2944 reli-

376 2991 634 3078 giosus3
667 2994 778 3061 sed
807 2999 1062 3064 tantum
1085 2996 1156 3062 in
1196 3015 1394 3064 sensu
1420 2993 1664 3078 diviso,
1696 2993 1764 3062 id
1786 2998 1882 3062 est
1914 2993 2210 3062 faciendo
2231 2992 2313 3061 de
2336 2991 2649 3062 monacho

375 3125 508 3172 non
533 3106 956 3176 monachum.

461 3220 780 3293 Probatur
847 3223 1110 3295 tandem
1157 3225 1511 3309 conclusio,
1556 3230 1619 3295 et
1688 3223 1951 3314 quidem
2002 3245 2041 3292 a
2102 3223 2373 3309 fortiori,
2442 3243 2520 3292 ex
2576 3243 2649 3288 eo

375 3334 548 3424 quod
601 3337 995 3427 religionum
1050 3339 1244 3413 ctiam
1291 3361 1783 3433 suppresseram
1834 3339 2097 3432 professi
2144 3339 2309 3407 votis
2360 3337 2500 3405 suis
2542 3357 2647 3402 ue·

377 3469 703 3540 quaquam
749 3454 1100 3526 solvantur.
1149 3455 1410 3526 Etenim
1464 3455 1647 3526 nulla
1682 3456 1891 3544 major
1926 3454 2270 3543 excogitari
2311 3458 2517 3545 potest
2543 3473 2645 3520 re-

375 3564 760 3654 ligiosorum
815 3568 1155 3662 dispersio,
1215 3592 1416 3664 quam
1464 3593 1540 3640 ea
1584 3591 1732 3660 quae
1776 3569 2119 3660 contingit,
2170 3568 2435 3659 quando
2480 3565 2641 3637 sedes

374 3679 742 3771 Apostolica
785 3685 1163 3775 religiosum
1217 3687 1506 3776 aliquem
1552 3685 1849 3754 ordinem
1894 3685 2242 3775 supprimit
2276 3703 2355 3753 ac
2400 3684 2641 3774 penitus

374 3795 711 3884 extinguit.
767 3799 848 3866 Et
897 3805 1116 3868 tamen
1166 3803 1238 3869 in
1291 3823 1407 3870 suo
1450 3799 1680 3870 robore
1730 3820 2106 3890 permanere
2152 3800 2474 3868 solemnia
2510 3803 2641 3868 vota

377 3911 828 4002 religiosorum
881 3915 1232 4008 ejusmodi,
1292 3938 1573 4008 quorum
1629 3915 1783 3985 ordo
1840 3916 2299 4008 supprimitur,
2364 3922 2462 3983 est
2504 3935 2637 3983 om·-

379 4027 537 4096 nino
602 4037 771 4100 certa
829 4037 892 4099 et
939 4034 1218 4102 tenenda
1291 4032 1627 4103 doctorum
1690 4030 2023 4116 sententia,
2086 4051 2285 4121 quam
2342 4031 2442 4100 sic
2489 4031 2637 4098 inter

377 4142 536 4213 alios
584 4147 889 4236 exprimit
939 4147 1294 4220 Cardinalis
1344 4148 1421 4217 de
1470 4148 1649 4216 Luca
1699 4145 1805 4236 (de
1838 4145 2309 4238 ReqularibuS,
2358 4151 2533 4237 parte
2578 4143 2631 4224 1,

381 4257 674 4329 discursu
718 4261 830 4347 38,
878 4284 946 4332 n.
981 4261 1089 4354 16)
1123 4289 1139 4332 :
1199 4287 1234 4328 «
1265 4261 1358 4332 Ex
1387 4263 1703 4332 accidenti
1728 4263 2199 4353 suppressionis
2238 4261 2631 4352 religioniS...

396 4395 429 4436 «
475 4376 742 4464 professi
784 4399 915 4447 non
959 4379 1332 4448 efficiuntur
1365 4379 1723 4461 saeculares,
1752 4399 1963 4469 neque
1990 4378 2335 4447 solvuntur
2368 4398 2406 4445 a
2449 4375 2595 4446 votis
2614 4399 2632 4458 3
