2834 4959
459 377 582 436 116
1027 387 1364 436 ‘suenrus
1410 387 1490 434 nn
1532 387 1682 434 mm:
1724 389 2141 438 assummum.

459 508 708 578 verbis:
748 533 782 574 «
811 506 961 576 Voti
989 506 1276 597 religiosi
1320 507 1693 576 solemnitas
1735 511 1805 575 in
1857 508 2112 578 duobus
2158 511 2478 579 consistit:
2508 534 2684 581 unum

466 629 648 711 «est,
695 629 768 691 ut
811 623 1136 692 traditioni
1193 643 1306 690 seu
1361 621 1673 690 oblationi
1724 643 2009 712 personae
2076 622 2388 712 religiosae
2458 627 2686 696 omnino

461 763 495 802 α
519 737 865 822 absolutae,
907 743 969 805 et
995 759 1070 805 ex
1097 743 1371 826 utraque
1407 741 1585 826 parte
1646 736 1917 826 (scilicet
1963 735 2297 826 religionis
2321 744 2382 807 et
2420 725 2685 830 religiosi)

461 852 970 940 «immutabili,
1021 856 1449 943 conjunctum
1486 851 1616 918 sit:
1660 851 1939 920 alterum
1966 858 2061 920 est
2088 859 2161 921 ut
2186 854 2416 923 habeat
2441 854 2563 922 vim
2592 856 2678 923 in-

459 966 934 1038 ckabilitandi
975 988 1314 1058 personam
1355 966 1439 1034 ad
1470 963 1733 1034 effectus
1780 966 2057 1036 morales
2111 989 2324 1059 supra¹
2351 969 2673 1038 declaratos.

459 1111 492 1150 α
516 1083 668 1153 Haec
693 1083 873 1153 enim
907 1094 1039 1151 duo
1083 1083 1487 1171 conjunctim
1549 1083 1900 1150 necessaria
1956 1089 2135 1172 sunt,
2165 1092 2229 1152 et
2268 1084 2531 1154 alterum
2566 1087 2674 1154 sine

454 1227 490 1266 α
511 1203 711 1270 altero
769 1222 900 1268 non
942 1199 1206 1281 sufficit,
1240 1206 1316 1267 ut
1341 1197 1412 1266 in
1454 1198 1895 1289 superioribus
1941 1198 2337 1268 declaratum
2382 1209 2495 1284 est,
2532 1207 2584 1269 et
2622 1203 2669 1268 in

452 1342 488 1381 (ι
523 1319 684 1384 vetis
735 1313 1128 1383 scholarium
1185 1318 1247 1382 et
1312 1313 1758 1403 coadjutorum
1796 1315 2108 1384 societatis
2166 1315 2260 1408 (1)
2314 1324 2405 1386 est
2447 1315 2671 1386 manife-

451 1457 486 1496 ι(
511 1439 706 1500 stum.
739 1456 776 1496 ³>
811 1430 928 1521 (De
953 1427 1325 1518 Reliqione‚
1355 1433 1515 1496 tom.
1552 1427 1620 1515 3,
1661 1427 1777 1496 lib.
1807 1427 1875 1513 2,
1906 1451 1965 1498 c.
2006 1430 2110 1516 14,
2151 1453 2222 1500 n.
2258 1431 2392 1522 10.)

1367 1720 1643 1792 CAPUT
1665 1721 1781 1792 Vl.

564 1965 642 2010 An
686 1962 1032 2009 ESSENTIAM
1082 1959 1382 2006 RELIGIOSI
1426 1962 1650 2006 STATUS
1696 1960 1817 2006 Nou
1862 1961 2241 2016 REQUIRH'UR
2285 1959 2555 2007 VOTORUH

1371 2059 1775 2105 SOLEuNITAS.

525 2281 1000 2354 Proenotanda.
1034 2319 1124 2334 -
1159 2280 1220 2348 1⁰
1255 2279 1514 2348 Certum
1546 2287 1640 2348 est
1676 2281 1953 2350 extitisse
1986 2283 2149 2351 olim
2180 2283 2301 2352 hac
2345 2282 2421 2351 de
2446 2301 2509 2348 re
2534 2298 2661 2346 con-

437 2403 832 2473 troversiam.
891 2423 928 2462 ε(
963 2396 1181 2487 Usque
1233 2395 1313 2462 ad
1352 2399 1642 2486 tempora
1684 2402 1899 2465 nostra
1944 2403 2007 2465 et
2039 2397 2338 2490 Gregorii
2366 2394 2505 2466 Xlll
2537 2393 2661 2462 Pon·
2737 2497 2738 2500 Ἴ

441 2543 478 2584 «
511 2517 700 2586 tificis
741 2512 1031 2597 maximi,
1075 2511 1290 2601 inquit
1316 2507 1675 2592 Suaresius,
1712 2512 2068 2580 multorum
2120 2515 2345 2606 opinio
2385 2511 2517 2596 suit,
2555 2508 2661 2576 sine

351 2621 362 2628 ’
443 2656 478 2698 «
503 2629 633 2700 illis
659 2628 870 2697 tribus
899 2627 1054 2695 votis
1080 2622 1507 2711 solemnibuS,
1551 2625 1809 2717 proprie
1834 2630 1894 2693 et
1932 2626 2429 2696 substantialiter
2468 2628 2659 2712 statum

447 2771 480 2814 «
508 2744 883 2834 religiosum
912 2741 1254 2810 subsistere
1279 2760 1410 2806 non
1442 2759 1624 2829 posse
1652 2761 1669 2820 ;
1704 2761 1777 2808 ac
1822 2740 2099 2810 subinde
2122 2743 2305 2810 illam
2350 2735 2661 2811 solemnita-
2737 2717 2738 2780 3

434 2971 604 3041 libro
631 2971 699 3053 2,
755 2993 898 3066 cap.
961 2970 1069 3054 14,
1123 2991 1194 3036 n.
1256 2967 1348 3055 1.)
1399 2967 1469 3034 2⁰
1508 2967 1747 3035 Atvero
1784 2975 2136 3058 atempore
2175 2969 2411 3040 laudati
2466 2963 2661 3050 Grego-

379 3137 388 3146 .
449 3087 532 3156 rii
575 3085 724 3155 XIll
769 3085 1038 3154 omnino
1089 3082 1335 3152 sublata
1396 3087 1491 3150 est
1542 3082 1853 3171 opinandi
1915 3085 2231 3154 varietas:
2263 3085 2344 3152 ab
2402 3074 2660 3149 omnibus

443 3223 677 3291 nempe
729 3200 980 3270 admitti
1039 3197 1286 3287 debuit,
1330 3202 1392 3265 et
1444 3217 1663 3264 revera
1734 3198 2131 3268 unanimiter
2188 3200 2533 3269 admissum
2564 3194 2659 3270 est,

439 3321 606 3384 stare
661 3337 841 3403 posse
907 3313 1284 3403 religiosum
1346 3317 1581 3381 statum
1637 3311 1878 3403 absque
1932 3321 2231 3384 votorum
2278 3311 2655 3384 solemnitate·

448 3427 637 3510 Quod
681 3427 772 3494 sic
817 3429 985 3496 inter
1023 3427 1182 3495 alios
1232 3425 1490 3494 adnotat
1542 3424 2119 3518 Schmalzgrueber
2172 3430 2269 3521 (in
2314 3425 2557 3496 titulum
2602 3411 2660 3481 de

455 3540 928 3634 Reqularibus,
975 3559 1038 3610 n.
1076 3543 1158 3610 14
1192 3547 1254 3608 et
1303 3542 1461 3633 15):
1502 3544 1663 3611 «An
1698 3543 1777 3612 de
1822 3544 2091 3611 essentia
2139 3542 2469 3634 religionis
2490 3537 2581 3616 sit,
2606 3531 2661 3594 ul

457 3683 493 3724 <c
519 3663 662 3727 vota
718 3678 863 3752 qnae
908 3657 978 3724 in
1023 3655 1134 3724 illa
1175 3657 1589 3738 emittuntur,
1630 3659 1761 3726 sint
1800 3657 2167 3728 solemnia?
2193 3657 2335 3727 Non
2366 3645 2663 3724 deruerunt

464 3773 808 3841 «doctores
852 3771 965 3859 qui
1023 3769 1477 3838 affirmativam
1526 3771 2019 3841 defenderent...
2100 3771 2225 3842 Sed
2292 3763 2550 3838 tenenda
2590 3759 2663 3826 est

461 3887 820 3976 «negativa
853 3885 1185 3965 sententia,
1221 3883 1538 3972 videlicet,
1590 3886 1669 3955 ad
1720 3887 2233 3956 constituendam
2264 3905 2406 3952 vere
2446 3884 2505 3948 et
2548 3888 2661 3964 pro·

459 4025 495 4065 ι(
529 4004 667 4091 prie
695 4003 929 4069 dictam
971 3999 1354 4088 religionem
1395 4002 1543 4068 satis
1589 4022 1725 4070 esse
1768 4003 2061 4072 emittere
2107 4005 2179 4070 in
2216 4001 2328 4068 illa
2370 3998 2505 4064 vota
2540 3985 2662 4055 sim-

453 4139 492 4179 «
518 4113 734 4204 plicia.
786 4115 897 4183 Est
940 4111 1394 4183 indubitatum
1452 4112 1642 4183 hodie
1716 4122 1859 4207 post
1906 4115 2419 4186 constitutionem
2456 4105 2658 4188 GregO·

497 4361 566 4423 (1)
591 4361 780 4425 Nempe
807 4365 1058 4414 societatis
1093 4361 1232 4425 Jesu,
1261 4375 1416 4426 quam
1446 4366 1594 4416 unico
1640 4365 1891 4416 societatis
1917 4364 2155 4418 vocabulo
2180 4362 2431 4425 designare
2457 4343 2649 4404 snaresio

435 4451 670 4513 frequens
701 4453 802 4502 est.

309 2853 318 2862 ⁸
443 2885 476 2924 «
507 2865 636 2926 tem
657 2878 788 2924 esse
813 2855 891 2922 de
917 2855 1188 2924 essentia
1234 2852 1517 2942 religiosi
1545 2857 1765 2921 status.
1796 2875 1830 2918 ›>
1878 2851 1996 2944 (De
2020 2854 2390 2947 Reliqione,
2437 2859 2589 2920 tomo
2608 2845 2656 2922 3,
2737 2863 2738 2880 ’
