2834 4959
1065 330 1217 380 mns
1252 329 1546 380 erenum.
2313 327 2440 387 227

203 485 233 528 α
254 461 391 546 Nos,
416 467 497 526 ut
520 454 733 526 iidem
750 456 937 542 socii,
958 455 1073 546 qui
1090 454 1297 528 Nobis
1316 477 1514 546 super
1539 455 1660 525 hoc
1679 457 2060 526 humillime
2078 461 2450 552 supplicari

198 600 229 640 (ε
244 576 547 663 fiet-erum,
586 572 663 640 in
688 591 917 640 eorum
936 570 1056 661 pio
1078 570 1342 638 vivendi
1342 571 1695 663 proposito
1721 593 1793 641 eo
1818 576 2262 666 promptiores
2285 578 2450 646 exis-

196 717 225 758 «
246 701 383 758 tant
408 711 545 780 quo
568 710 637 756 se
662 686 914 776 majori
928 683 1098 754 sedis
1132 688 1187 755 A
1182 687 1544 776 postolieae
1564 689 1796 779 qratia
1825 691 2176 782 complecti
2197 713 2448 782 coqno-

194 805 471 890 «ver-int,
502 814 571 872 et
601 803 957 894 praemissa
996 823 1117 892 per
1158 804 1295 874 Nos
1338 802 1711 892 approbari
1749 804 2065 889 viderint,
2095 809 2450 898 proemissa

194 949 225 988 α
252 921 471 990 omnia
492 931 555 987 et
574 917 877 1009 sinqula,
902 928 1224 1009 tanquam
1246 918 1341 986 ad
1350 919 1772 1010 spiritualem
1791 925 2172 1012 profectum
2195 947 2450 994 eorum-

200 1064 232 1102 «
258 1036 395 1106 dem
420 1036 767 1117 sociorum,
801 1044 867 1102 et
891 1033 1139 1124 reliqui
1168 1033 1516 1104 christiani
1559 1035 1778 1127 qreqis
1817 1051 2227 1129 opportuna,
2263 1043 2318 1109 A
2315 1063 2450 1132 po-

197 1180 229 1220 «
252 1153 469 1222 stolica
488 1151 913 1237 auctoritate,
950 1162 1171 1220 tenore
1194 1152 1654 1242 praesentium,
1679 1175 1762 1222 ex
1787 1166 1966 1222 certa
1990 1155 2293 1244 scientia,
2317 1181 2446 1250 ap-

198 1293 231 1333 t<
252 1267 623 1357 probamus,
656 1265 1159 1356 confirmamus,
1193 1277 1315 1334 ete.
1348 1265 1430 1334 Et
1450 1267 1641 1350 infra,
1670 1289 1824 1340 oum
1852 1271 2183 1359 restringit
2207 1291 2448 1342 nume-

194 1407 229 1446 «
256 1403 395 1449 rum
445 1382 990 1468 recipiendorum,
1038 1401 1170 1450 non
1220 1386 1404 1450 vocat
1452 1381 1856 1470 reliqionem‚
1899 1385 2013 1453 sed
2055 1387 2446 1455 normulam

193 1526 227 1562 a
254 1496 526 1566 vivendi.
570 1497 653 1566 Et
678 1495 979 1566 similiter
1000 1495 1213 1565 Julius
1238 1495 1349 1582 111,
1385 1496 1456 1566 in
1493 1519 1608 1566 sua
1650 1500 1866 1590 prima
1903 1499 2107 1584 bulla,
2153 1503 2448 1571 eamdem

190 1612 773 1704 «approbationem
802 1611 1085 1680 referens
1119 1618 1180 1678 et
1219 1611 1640 1697 confirmans,
1685 1614 1909 1681 eadem
1947 1616 2076 1684 fere
2117 1619 2454 1706 praemittit

192 1728 459 1807 «verba,
488 1734 553 1794 et
592 1726 855 1794 tandem
891 1725 1221 1795 concludit
1266 1753 1281 1794 ε
1325 1727 1720 1817 Apostolica
1769 1731 2186 1814 auctoritate,
2233 1745 2454 1802 tenore

190 1869 221 1906 ι(
240 1843 699 1934 praesentium,
736 1841 1119 1911 erectionem
1145 1854 1210 1909 et
1232 1842 1734 1910 institutionem
1757 1846 2190 1914 Societatis...
2215 1869 2450 1938 perpe-

194 1984 225 2021 α
252 1970 363 2026 tuo
392 1958 847 2048 approbamus
884 1969 945 2024 et
979 1958 1480 2048 confirmamuS,
1525 1957 1708 2024 nulla
1746 1957 1908 2026 sacta
1939 1962 2080 2048 ejus
2121 1961 2452 2032 mentione

190 2074 363 2142 asub
402 2076 675 2142 nomine
704 2073 1070 2164 reliqionis,
1120 2072 1225 2141 vel
1262 2072 1567 2162 reliqiosi
1605 2083 1842 2140 status.
1895 2073 1976 2144 Et
2023 2075 2454 2146 nihilominus

187 2189 391 2259 «Pius
418 2189 511 2273 V,
540 2191 613 2256 in
636 2209 753 2257 suo
782 2190 1063 2258 secundo
1085 2187 1265 2256 brevi
1292 2186 1456 2255 dum
1485 2186 1832 2278 indefesse,
1877 2211 1952 2256 ex
1979 2191 2044 2256 vi
2083 2192 2270 2260 dictae
2295 2215 2456 2262 con-

184 2307 631 2376 «firmationis
663 2305 1032 2388 declaravit,
1054 2305 1506 2396 proepositum
1541 2329 1620 2374 ac
1647 2305 1876 2396 sinqul
1879 2329 1952 2376 as
1967 2308 2292 2398 personas
2319 2313 2452 2380 So-

180 2449 209 2486 «
233 2422 495 2492 cietatis
522 2420 931 2511 hujusmodi,
963 2443 1109 2488 vere
1136 2433 1199 2488 et
1235 2443 1373 2487 non
1393 2423 1550 2510 ficte
1583 2422 2032 2492 mendicantes
2061 2426 2291 2516 fuisse,
2325 2448 2458 2494 esse

182 2565 211 2602 α
241 2551 305 2606 et
334 2541 527 2627 fore‚·
550 2549 615 2604 et
644 2537 819 2605 inter
849 2533 1138 2604 aliorum
1154 2537 1459 2626 fratrum
1487 2550 1548 2604 et
1573 2539 2034 2629 reliqiosorum
2064 2543 2458 2611 mendican-

177 2680 213 2718 «
251 2655 425 2722 tium
439 2652 717 2743 ordines,
736 2654 1035 2744 aliosque
1054 2653 1305 2742 fratres
1325 2663 1389 2719 et
1402 2651 1742 2740 reliqiosos
1760 2654 2232 2737 mendicantes,
2245 2669 2459 2748 prout

182 2797 219 2834 (ι
248 2769 413 2838 illos
440 2769 575 2838 Nos
609 2791 1173 2854 connumeramus,
1218 2767 1690 2836 connumerari
1730 2765 1979 2834 debere.
2011 2767 2139 2836 Ubi
2170 2771 2455 2858 pondero

180 2911 221 2950 (ι
252 2885 451 2954 verba
474 2885 581 2952 ina
592 2887 793 2976 fici-sse
820 2893 883 2954 et
908 2907 1037 2954 esse
1050 2905 1079 2969 ;
1102 2907 1177 2952 ex
1202 2885 1335 2952 illis
1356 2885 1537 2952 enim
1563 2889 1807 2951 constat
1829 2882 2154 2951 declarare
2186 2883 2455 2953 Pontifi-

180 3024 217 3064 α
244 3021 417 3083 cem,
459 3019 533 3068 ex
564 3001 627 3066 vi
668 3001 905 3089 prioris
952 2998 1434 3090 approbationis
1469 2999 1638 3066 hanc
1686 2997 1885 3065 fuisse
1921 2994 2312 3084 reliqionem
2351 3019 2460 3066 ve-

172 3138 209 3178 «
238 3137 507 3202 ram...,
542 3114 794 3184 etiamsi
828 3114 953 3182 sub
988 3115 1099 3182 illa
1137 3116 1465 3184 ratione...
1507 3112 1868 3181 formaliter
1907 3119 1971 3180 et
2006 3133 2300 3203 expresse
2343 3133 2464 3204 ap-

177 3257 211 3295 α
241 3231 882 3320 probatanonfuerit.
904 3229 1072 3316 »(De
1097 3229 1464 3320 Reliqione,
1487 3236 1668 3296 tomo
1691 3228 1888 3312 3‚lib.
1908 3228 1974 3315 2,
1995 3250 2053 3296 c.
2095 3227 2201 3311 16,
2227 3251 2294 3297 n.
2321 3229 2462 3323 20.)

260 3347 583 3413 Innuitur
608 3344 677 3413 3ο
706 3367 786 3412 ex
808 3343 1001 3412 modo
1026 3367 1157 3434 quo
1176 3343 1562 3434 approbata
1583 3345 1722 3434 fuit
1753 3345 2172 3433 conqreqatio
2203 3346 2464 3416 Missio-

162 3461 303 3544 nis,
340 3482 453 3528 seu
488 3459 1027 3528 Lazaristarum.
1068 3493 1160 3511 --
1197 3457 1620 3547 Congregatio
1657 3457 1820 3544 haec,
1856 3459 2040 3544 cujus
2080 3466 2304 3527 auctor
2341 3461 2464 3526 fuit

157 3583 429 3646 sanctus
464 3573 851 3642 Vincentius
876 3595 917 3642 a
940 3574 1170 3660 Paulo,
1206 3571 1411 3641 voluit
1441 3573 1678 3642 habere
1708 3575 1829 3640 tria
1856 3579 2000 3639 vota
2033 3582 2368 3662 perpetua,
2403 3578 2464 3640 et

160 3703 389 3762 tamen
440 3713 579 3760 non
624 3691 1213 3780 esse-congregatio
1256 3687 1600 3779 regularis„
1649 3688 1759 3757 sed
1807 3688 2160 3758 saecularis.
2217 3685 2300 3756 Ut
2337 3707 2462 3754 au-

154 3817 307 3878 tem
340 3810 413 3874 in
458 3808 583 3876 hac
630 3805 995 3876 conditione
1034 3808 1554 3892 constitueretur,
1607 3805 1662 3874 si
1698 3826 1848 3874 vera
1885 3805 2044 3874 foret
2089 3804 2308 3896 opinio
2341 3802 2466 3872 sub

154 3922 565 4014 praecedenti
621 3925 1057 4016 propositione
1119 3923 1423 4012 exposita,
1487 3922 1640 3990 satis
1703 3928 1840 3990 erat
1896 3945 2040 3991 eam
2118 3917 2462 4011 approbari

156 4061 331 4110 cum
394 4037 603 4108 tribus
652 4039 818 4108 votis
877 4038 1227 4130 perpetuis,
1288 4037 1462 4105 nihil
1515 4035 1694 4105 aliud
1752 4036 2044 4104 addendo
2105 4057 2120 4100 ε
2185 4035 2453 4118 etenim,

144 4163 351 4260 juxta
402 4154 645 4224 dictam
702 4154 1105 4245 opinionem,
1160 4154 1281 4222 hoc
1344 4154 1485 4245 ipso
1539 4151 1712 4242 quod
1783 4151 2090 4241 expressis
2161 4151 2462 4220 terminis

152 4292 307 4339 non
334 4269 553 4339 fuisset
576 4275 901 4360 acceptata
920 4268 999 4337 in
1024 4291 1251 4337 veram
1270 4268 1683 4360 reliqionem,
1717 4287 1828 4335 seu
1852 4267 1924 4334 in
1953 4287 2184 4334 verum
2205 4277 2462 4336 statum

150 4383 599 4475 reliqiosum‚
648 4386 1061 4457 remansisset
1100 4407 1279 4454 mere
1310 4384 1656 4456 saecularis.
1705 4381 1904 4452 Porro
1941 4403 2075 4453 non
2123 4384 2213 4453 ita
2251 4385 2467 4456 existi-
