<?xml version="1.0" encoding="UTF-8"?>
<!DOCTYPE html PUBLIC "-//W3C//DTD XHTML 1.0 Transitional//EN"
    "http://www.w3.org/TR/xhtml1/DTD/xhtml1-transitional.dtd">
<html xmlns="http://www.w3.org/1999/xhtml" xml:lang="en" lang="en">
 <head>
  <title>
</title>
<meta http-equiv="Content-Type" content="text/html;charset=utf-8" />
  <meta name='ocr-system' content='tesseract 3.04.00' />
  <meta name='ocr-capabilities' content='ocr_page ocr_carea ocr_par ocr_line ocrx_word'/>
</head>
<body>
  <div class='ocr_page' id='page_1' title='image "./tractatusdejure01unkngoog_0509.png"; bbox 0 0 2834 4959; ppageno 0'>
   <div class='ocr_carea' id='block_1_1' title="bbox 1080 360 2434 419">
    <p class='ocr_par' dir='ltr' id='par_1_1' title="bbox 1080 360 2434 419">
     <span class='ocr_line' id='line_1_1' title="bbox 1080 360 2434 419; baseline 0.003 -8"><span class='ocrx_word' id='word_1_1' title='bbox 1080 362 1235 411; x_wconf 73' lang='lat' dir='ltr'><strong>PARS</strong></span> <span class='ocrx_word' id='word_1_2' title='bbox 1278 362 1520 411; x_wconf 69' lang='lat' dir='ltr'><strong>TERTIA.</strong></span> <span class='ocrx_word' id='word_1_3' title='bbox 2313 360 2434 419; x_wconf 69' lang='lat'><strong>491</strong></span> 
     </span>
    </p>
   </div>
   <div class='ocr_carea' id='block_1_2' title="bbox 157 484 2453 4505">
    <p class='ocr_par' dir='ltr' id='par_1_2' title="bbox 173 484 2444 1385">
     <span class='ocr_line' id='line_1_2' title="bbox 254 484 2442 577; baseline 0.003 -22"><span class='ocrx_word' id='word_1_4' title='bbox 254 486 513 555; x_wconf 79' lang='lat' dir='ltr'><strong>Etenim</strong></span> <span class='ocrx_word' id='word_1_5' title='bbox 556 490 703 557; x_wconf 82' lang='lat' dir='ltr'><strong>vota</strong></span> <span class='ocrx_word' id='word_1_6' title='bbox 730 484 1267 555; x_wconf 84' lang='lat' dir='ltr'><strong>monialium-sim</strong></span> <span class='ocrx_word' id='word_1_7' title='bbox 1282 484 1472 575; x_wconf 77' lang='lat' dir='ltr'>plicia</span> <span class='ocrx_word' id='word_1_8' title='bbox 1501 492 1754 577; x_wconf 88' lang='lat' dir='ltr'><strong>reputat</strong></span> <span class='ocrx_word' id='word_1_9' title='bbox 1785 486 2097 557; x_wconf 90' lang='lat' dir='ltr'><strong>dominus</strong></span> <span class='ocrx_word' id='word_1_10' title='bbox 2115 487 2442 577; x_wconf 74' lang='lat' dir='ltr'><strong>Cari-iere,</strong></span> 
     </span>
     <span class='ocr_line' id='line_1_3' title="bbox 176 596 2443 693; baseline 0.002 -26"><span class='ocrx_word' id='word_1_11' title='bbox 176 603 267 671; x_wconf 75' lang='lat' dir='ltr'><strong>vel</strong></span> <span class='ocrx_word' id='word_1_12' title='bbox 302 602 385 671; x_wconf 90' lang='lat' dir='ltr'><strong>ob</strong></span> <span class='ocrx_word' id='word_1_13' title='bbox 423 602 641 691; x_wconf 88' lang='lat' dir='ltr'><strong>legem</strong></span> <span class='ocrx_word' id='word_1_14' title='bbox 680 599 942 671; x_wconf 80' lang='lat' dir='ltr'><strong>civilem</strong></span> <span class='ocrx_word' id='word_1_15' title='bbox 968 596 1221 681; x_wconf 79' lang='lat' dir='ltr'><strong>Galliae,</strong></span> <span class='ocrx_word' id='word_1_16' title='bbox 1261 598 1365 667; x_wconf 77' lang='lat' dir='ltr'><strong>vel</strong></span> <span class='ocrx_word' id='word_1_17' title='bbox 1399 598 1484 668; x_wconf 90' lang='lat' dir='ltr'><strong>ob</strong></span> <span class='ocrx_word' id='word_1_18' title='bbox 1514 600 1682 669; x_wconf 89' lang='lat' dir='ltr'><strong>sedis</strong></span> <span class='ocrx_word' id='word_1_19' title='bbox 1709 602 2098 693; x_wconf 85' lang='lat' dir='ltr'><strong>Apostolicae</strong></span> <span class='ocrx_word' id='word_1_20' title='bbox 2139 602 2443 673; x_wconf 80' lang='lat' dir='ltr'><strong>volunta-</strong></span> 
     </span>
     <span class='ocr_line' id='line_1_4' title="bbox 174 712 2440 807; baseline 0 -20"><span class='ocrx_word' id='word_1_21' title='bbox 174 724 317 787; x_wconf 84' lang='lat' dir='ltr'><strong>tem.</strong></span> <span class='ocrx_word' id='word_1_22' title='bbox 374 715 711 786; x_wconf 84' lang='lat' dir='ltr'><strong>Nimirum</strong></span> <span class='ocrx_word' id='word_1_23' title='bbox 765 716 823 785; x_wconf 86' lang='lat' dir='ltr'><strong>si</strong></span> <span class='ocrx_word' id='word_1_24' title='bbox 874 734 1159 807; x_wconf 86' lang='lat' dir='ltr'><strong>praesens</strong></span> <span class='ocrx_word' id='word_1_25' title='bbox 1212 718 1413 784; x_wconf 87' lang='lat' dir='ltr'><strong>status</strong></span> <span class='ocrx_word' id='word_1_26' title='bbox 1449 712 1678 798; x_wconf 80' lang='lat' dir='ltr'><strong>Galliae</strong></span> <span class='ocrx_word' id='word_1_27' title='bbox 1727 737 1803 784; x_wconf 87' lang='lat' dir='ltr'><strong>ex</strong></span> <span class='ocrx_word' id='word_1_28' title='bbox 1859 724 2096 787; x_wconf 88' lang='lat' dir='ltr'><strong>natura</strong></span> <span class='ocrx_word' id='word_1_29' title='bbox 2137 738 2253 786; x_wconf 89' lang='lat' dir='ltr'><strong>sua</strong></span> <span class='ocrx_word' id='word_1_30' title='bbox 2310 739 2440 787; x_wconf 89' lang='lat' dir='ltr'><strong>non</strong></span> 
     </span>
     <span class='ocr_line' id='line_1_5' title="bbox 173 831 2444 925; baseline 0.002 -24"><span class='ocrx_word' id='word_1_31' title='bbox 173 833 480 925; x_wconf 86' lang='lat' dir='ltr'><strong>impediat</strong></span> <span class='ocrx_word' id='word_1_32' title='bbox 530 831 1009 902; x_wconf 75' lang='lat' dir='ltr'><strong>solemnitatem</strong></span> <span class='ocrx_word' id='word_1_33' title='bbox 1058 836 1357 899; x_wconf 80' lang='lat' dir='ltr'><strong>votorum</strong></span> <span class='ocrx_word' id='word_1_34' title='bbox 1406 852 1445 900; x_wconf 90' lang='lat' dir='ltr'><strong>a</strong></span> <span class='ocrx_word' id='word_1_35' title='bbox 1495 831 1892 903; x_wconf 79' lang='lat' dir='ltr'><strong>monialibus</strong></span> <span class='ocrx_word' id='word_1_36' title='bbox 1939 835 2008 903; x_wconf 89' lang='lat' dir='ltr'><strong>in</strong></span> <span class='ocrx_word' id='word_1_37' title='bbox 2054 835 2444 925; x_wconf 79' lang='lat' dir='ltr'><strong>professione</strong></span> 
     </span>
     <span class='ocr_line' id='line_1_6' title="bbox 174 945 2443 1042; baseline 0.001 -26"><span class='ocrx_word' id='word_1_38' title='bbox 174 947 291 1016; x_wconf 87' lang='lat' dir='ltr'><strong>rite</strong></span> <span class='ocrx_word' id='word_1_39' title='bbox 314 948 727 1037; x_wconf 85' lang='lat' dir='ltr'><strong>emissorum,</strong></span> <span class='ocrx_word' id='word_1_40' title='bbox 756 952 1052 1017; x_wconf 75' lang='lat' dir='ltr'><strong>remanet</strong></span> <span class='ocrx_word' id='word_1_41' title='bbox 1078 951 1153 1015; x_wconf 91' lang='lat' dir='ltr'><strong>ut</strong></span> <span class='ocrx_word' id='word_1_42' title='bbox 1182 945 1556 1016; x_wconf 69' lang='lat' dir='ltr'><strong>solemnitas</strong></span> <span class='ocrx_word' id='word_1_43' title='bbox 1581 946 1696 1016; x_wconf 83' lang='lat' dir='ltr'><strong>illa</strong></span> <span class='ocrx_word' id='word_1_44' title='bbox 1715 948 2110 1042; x_wconf 73' lang='lat' dir='ltr'><strong>impediatur</strong></span> <span class='ocrx_word' id='word_1_45' title='bbox 2133 950 2443 1021; x_wconf 82' lang='lat' dir='ltr'><strong>duntaxat</strong></span> 
     </span>
     <span class='ocr_line' id='line_1_7' title="bbox 174 1060 2438 1154; baseline 0.001 -23"><span class='ocrx_word' id='word_1_46' title='bbox 174 1083 287 1153; x_wconf 89' lang='lat' dir='ltr'><strong>per</strong></span> <span class='ocrx_word' id='word_1_47' title='bbox 308 1062 475 1133; x_wconf 88' lang='lat' dir='ltr'><strong>sedis</strong></span> <span class='ocrx_word' id='word_1_48' title='bbox 501 1060 917 1154; x_wconf 76' lang='lat' dir='ltr'><strong>Apostolicae‚</strong></span> <span class='ocrx_word' id='word_1_49' title='bbox 944 1060 1058 1131; x_wconf 91' lang='lat' dir='ltr'><strong>illa</strong></span> <span class='ocrx_word' id='word_1_50' title='bbox 1078 1068 1227 1130; x_wconf 73' lang='lat' dir='ltr'><strong>vota</strong></span> <span class='ocrx_word' id='word_1_51' title='bbox 1244 1066 1319 1129; x_wconf 89' lang='lat' dir='ltr'><strong>ut</strong></span> <span class='ocrx_word' id='word_1_52' title='bbox 1346 1060 1664 1131; x_wconf 88' lang='lat' dir='ltr'><strong>solemnia</strong></span> <span class='ocrx_word' id='word_1_53' title='bbox 1683 1084 2032 1153; x_wconf 78' lang='lat' dir='ltr'><strong>agnoscere</strong></span> <span class='ocrx_word' id='word_1_54' title='bbox 2057 1068 2438 1146; x_wconf 87' lang='lat' dir='ltr'><strong>recusantis,</strong></span> 
     </span>
     <span class='ocr_line' id='line_1_8' title="bbox 174 1176 2444 1275; baseline 0.003 -28"><span class='ocrx_word' id='word_1_55' title='bbox 174 1178 593 1249; x_wconf 77' lang='lat' dir='ltr'><strong>voluntatem.</strong></span> <span class='ocrx_word' id='word_1_56' title='bbox 626 1177 825 1249; x_wconf 86' lang='lat' dir='ltr'><strong>Porro</strong></span> <span class='ocrx_word' id='word_1_57' title='bbox 852 1178 927 1246; x_wconf 90' lang='lat' dir='ltr'><strong>in</strong></span> <span class='ocrx_word' id='word_1_58' title='bbox 952 1182 1183 1247; x_wconf 86' lang='lat' dir='ltr'><strong>neutra</strong></span> <span class='ocrx_word' id='word_1_59' title='bbox 1206 1176 1548 1269; x_wconf 76' lang='lat' dir='ltr'><strong>hypothesi</strong></span> <span class='ocrx_word' id='word_1_60' title='bbox 1574 1178 1748 1249; x_wconf 81' lang='lat' dir='ltr'><strong>valet</strong></span> <span class='ocrx_word' id='word_1_61' title='bbox 1773 1200 1812 1249; x_wconf 90' lang='lat' dir='ltr'><strong>a</strong></span> <span class='ocrx_word' id='word_1_62' title='bbox 1838 1182 2005 1251; x_wconf 78' lang='lat' dir='ltr'><strong>votis</strong></span> <span class='ocrx_word' id='word_1_63' title='bbox 2031 1182 2154 1251; x_wconf 89' lang='lat' dir='ltr'><strong>sim</strong></span> <span class='ocrx_word' id='word_1_64' title='bbox 2165 1180 2444 1275; x_wconf 81' lang='lat' dir='ltr'><strong>plicibus</strong></span> 
     </span>
     <span class='ocr_line' id='line_1_9' title="bbox 175 1280 1764 1385; baseline -0.001 -22"><span class='ocrx_word' id='word_1_65' title='bbox 175 1294 553 1364; x_wconf 86' lang='lat' dir='ltr'><strong>monialium</strong></span> <span class='ocrx_word' id='word_1_66' title='bbox 582 1292 665 1363; x_wconf 87' lang='lat' dir='ltr'><strong>ad</strong></span> <span class='ocrx_word' id='word_1_67' title='bbox 687 1280 833 1363; x_wconf 82' lang='lat' dir='ltr'><strong>vota</strong></span> <span class='ocrx_word' id='word_1_68' title='bbox 850 1293 1177 1385; x_wconf 87' lang='lat' dir='ltr'><strong>simplicia</strong></span> <span class='ocrx_word' id='word_1_69' title='bbox 1201 1293 1492 1363; x_wconf 82' lang='lat' dir='ltr'><strong>virorum</strong></span> <span class='ocrx_word' id='word_1_70' title='bbox 1541 1292 1764 1363; x_wconf 88' lang='lat' dir='ltr'><strong>illatio.</strong></span> 
     </span>
    </p>

    <p class='ocr_par' dir='ltr' id='par_1_3' title="bbox 163 1406 2443 2866">
     <span class='ocr_line' id='line_1_10' title="bbox 256 1406 2440 1499; baseline 0.002 -22"><span class='ocrx_word' id='word_1_71' title='bbox 256 1407 306 1477; x_wconf 92' lang='lat' dir='ltr'><strong>l.</strong></span> <span class='ocrx_word' id='word_1_72' title='bbox 358 1408 507 1479; x_wconf 88' lang='lat' dir='ltr'><strong>Non</strong></span> <span class='ocrx_word' id='word_1_73' title='bbox 574 1406 741 1479; x_wconf 78' lang='lat' dir='ltr'><strong>valet</strong></span> <span class='ocrx_word' id='word_1_74' title='bbox 792 1415 1257 1499; x_wconf 80' lang='lat' dir='ltr'><strong>argumentum</strong></span> <span class='ocrx_word' id='word_1_75' title='bbox 1314 1408 1648 1499; x_wconf 82' lang='lat' dir='ltr'><strong>analogioe,</strong></span> <span class='ocrx_word' id='word_1_76' title='bbox 1725 1410 1782 1479; x_wconf 88' lang='lat' dir='ltr'><strong>si</strong></span> <span class='ocrx_word' id='word_1_77' title='bbox 1815 1416 1990 1480; x_wconf 74' lang='lat' dir='ltr'><strong>-vota</strong></span> <span class='ocrx_word' id='word_1_78' title='bbox 2050 1411 2440 1483; x_wconf 88' lang='lat' dir='ltr'><strong>monialium</strong></span> 
     </span>
     <span class='ocr_line' id='line_1_11' title="bbox 171 1523 2442 1619; baseline 0.002 -26"><span class='ocrx_word' id='word_1_79' title='bbox 171 1531 617 1617; x_wconf 82' lang='lat' dir='ltr'><strong>supponantur</strong></span> <span class='ocrx_word' id='word_1_80' title='bbox 642 1524 967 1618; x_wconf 83' lang='lat' dir='ltr'><strong>simplicia</strong></span> <span class='ocrx_word' id='word_1_81' title='bbox 998 1525 1065 1593; x_wconf 81' lang='lat' dir='ltr'><strong>vi</strong></span> <span class='ocrx_word' id='word_1_82' title='bbox 1090 1525 1249 1615; x_wconf 91' lang='lat' dir='ltr'><strong>legis</strong></span> <span class='ocrx_word' id='word_1_83' title='bbox 1273 1525 1484 1595; x_wconf 84' lang='lat' dir='ltr'><strong>civilis</strong></span> <span class='ocrx_word' id='word_1_84' title='bbox 1509 1523 1755 1595; x_wconf 69' lang='lat' dir='ltr'><strong>Gallim.</strong></span> <span class='ocrx_word' id='word_1_85' title='bbox 1789 1524 1957 1595; x_wconf 87' lang='lat' dir='ltr'><strong>Nam</strong></span> <span class='ocrx_word' id='word_1_86' title='bbox 1983 1528 2056 1595; x_wconf 90' lang='lat' dir='ltr'><strong>in</strong></span> <span class='ocrx_word' id='word_1_87' title='bbox 2090 1527 2212 1597; x_wconf 88' lang='lat' dir='ltr'><strong>hac</strong></span> <span class='ocrx_word' id='word_1_88' title='bbox 2239 1529 2442 1619; x_wconf 71' lang='lat' dir='ltr'><strong>hypo·</strong></span> 
     </span>
     <span class='ocr_line' id='line_1_12' title="bbox 170 1640 2440 1733; baseline 0.002 -24"><span class='ocrx_word' id='word_1_89' title='bbox 170 1642 331 1713; x_wconf 86' lang='lat' dir='ltr'><strong>thesi</strong></span> <span class='ocrx_word' id='word_1_90' title='bbox 378 1642 655 1712; x_wconf 74' lang='lat' dir='ltr'><strong>fatemur</strong></span> <span class='ocrx_word' id='word_1_91' title='bbox 702 1641 971 1733; x_wconf 86' lang='lat' dir='ltr'><strong>quidem</strong></span> <span class='ocrx_word' id='word_1_92' title='bbox 1018 1640 1191 1710; x_wconf 89' lang='lat' dir='ltr'><strong>idem</strong></span> <span class='ocrx_word' id='word_1_93' title='bbox 1235 1641 1373 1711; x_wconf 88' lang='lat' dir='ltr'><strong>fore</strong></span> <span class='ocrx_word' id='word_1_94' title='bbox 1415 1641 1766 1713; x_wconf 88' lang='lat' dir='ltr'><strong>dicendum</strong></span> <span class='ocrx_word' id='word_1_95' title='bbox 1809 1642 1894 1711; x_wconf 89' lang='lat' dir='ltr'><strong>de</strong></span> <span class='ocrx_word' id='word_1_96' title='bbox 1937 1642 2098 1713; x_wconf 80' lang='lat' dir='ltr'><strong>votis</strong></span> <span class='ocrx_word' id='word_1_97' title='bbox 2145 1646 2440 1713; x_wconf 81' lang='lat' dir='ltr'><strong>virorum</strong></span> 
     </span>
     <span class='ocr_line' id='line_1_13' title="bbox 169 1754 2439 1847; baseline 0.001 -24"><span class='ocrx_word' id='word_1_98' title='bbox 169 1776 243 1825; x_wconf 90' lang='lat' dir='ltr'><strong>ac</strong></span> <span class='ocrx_word' id='word_1_99' title='bbox 280 1755 359 1825; x_wconf 88' lang='lat' dir='ltr'><strong>de</strong></span> <span class='ocrx_word' id='word_1_100' title='bbox 398 1757 565 1825; x_wconf 69' lang='lat' dir='ltr'><strong>votis</strong></span> <span class='ocrx_word' id='word_1_101' title='bbox 598 1754 1031 1844; x_wconf 82' lang='lat' dir='ltr'><strong>monialium3</strong></span> <span class='ocrx_word' id='word_1_102' title='bbox 1072 1754 1393 1845; x_wconf 87' lang='lat' dir='ltr'><strong>siquidem</strong></span> <span class='ocrx_word' id='word_1_103' title='bbox 1440 1754 1542 1823; x_wconf 88' lang='lat' dir='ltr'><strong>lex</strong></span> <span class='ocrx_word' id='word_1_104' title='bbox 1577 1754 1782 1824; x_wconf 78' lang='lat' dir='ltr'><strong>civilis</strong></span> <span class='ocrx_word' id='word_1_105' title='bbox 1817 1775 1950 1824; x_wconf 88' lang='lat' dir='ltr'><strong>non</strong></span> <span class='ocrx_word' id='word_1_106' title='bbox 1981 1756 2190 1847; x_wconf 87' lang='lat' dir='ltr'><strong>magis</strong></span> <span class='ocrx_word' id='word_1_107' title='bbox 2226 1757 2439 1846; x_wconf 86' lang='lat' dir='ltr'><strong>quoad</strong></span> 
     </span>
     <span class='ocr_line' id='line_1_14' title="bbox 169 1869 2435 1960; baseline 0 -21"><span class='ocrx_word' id='word_1_108' title='bbox 169 1870 347 1939; x_wconf 84' lang='lat' dir='ltr'><strong>viros</strong></span> <span class='ocrx_word' id='word_1_109' title='bbox 394 1891 590 1959; x_wconf 83' lang='lat' dir='ltr'><strong>quam</strong></span> <span class='ocrx_word' id='word_1_110' title='bbox 642 1870 849 1960; x_wconf 81' lang='lat' dir='ltr'><strong>quoad</strong></span> <span class='ocrx_word' id='word_1_111' title='bbox 894 1870 1209 1939; x_wconf 90' lang='lat' dir='ltr'><strong>moniales</strong></span> <span class='ocrx_word' id='word_1_112' title='bbox 1255 1869 1748 1960; x_wconf 79' lang='lat' dir='ltr'><strong>incapacitatem</strong></span> <span class='ocrx_word' id='word_1_113' title='bbox 1797 1870 2072 1939; x_wconf 86' lang='lat' dir='ltr'><strong>dominii</strong></span> <span class='ocrx_word' id='word_1_114' title='bbox 2123 1872 2435 1957; x_wconf 86' lang='lat' dir='ltr'><strong>agnoscit.</strong></span> 
     </span>
     <span class='ocr_line' id='line_1_15' title="bbox 175 1983 2440 2077; baseline 0.002 -26"><span class='ocrx_word' id='word_1_115' title='bbox 175 1984 267 2051; x_wconf 76' lang='lat' dir='ltr'><strong>At</strong></span> <span class='ocrx_word' id='word_1_116' title='bbox 292 2004 605 2074; x_wconf 81' lang='lat' dir='ltr'><strong>negamus</strong></span> <span class='ocrx_word' id='word_1_117' title='bbox 634 1986 971 2077; x_wconf 84' lang='lat' dir='ltr'><strong>ipsammet</strong></span> <span class='ocrx_word' id='word_1_118' title='bbox 999 1985 1446 2077; x_wconf 73' lang='lat' dir='ltr'><strong>hypothesim3</strong></span> <span class='ocrx_word' id='word_1_119' title='bbox 1479 1983 1726 2055; x_wconf 88' lang='lat' dir='ltr'><strong>scilicet</strong></span> <span class='ocrx_word' id='word_1_120' title='bbox 1759 1984 1904 2054; x_wconf 89' lang='lat' dir='ltr'><strong>ideo</strong></span> <span class='ocrx_word' id='word_1_121' title='bbox 1949 1984 2270 2075; x_wconf 86' lang='lat' dir='ltr'><strong>simplicia</strong></span> <span class='ocrx_word' id='word_1_122' title='bbox 2305 2007 2440 2055; x_wconf 69' lang='lat' dir='ltr'><strong>oese</strong></span> 
     </span>
     <span class='ocr_line' id='line_1_16' title="bbox 170 2098 2435 2194; baseline -0 -25"><span class='ocrx_word' id='word_1_123' title='bbox 170 2100 561 2169; x_wconf 82' lang='lat' dir='ltr'><strong>monialium</strong></span> <span class='ocrx_word' id='word_1_124' title='bbox 608 2108 775 2189; x_wconf 76' lang='lat' dir='ltr'><strong>vota,</strong></span> <span class='ocrx_word' id='word_1_125' title='bbox 812 2102 987 2194; x_wconf 70' lang='lat' dir='ltr'><strong>quod</strong></span> <span class='ocrx_word' id='word_1_126' title='bbox 1030 2122 1259 2173; x_wconf 87' lang='lat' dir='ltr'><strong>eorum</strong></span> <span class='ocrx_word' id='word_1_127' title='bbox 1286 2100 1760 2171; x_wconf 84' lang='lat' dir='ltr'><strong>solemnitatem</strong></span> <span class='ocrx_word' id='word_1_128' title='bbox 1798 2098 2110 2191; x_wconf 87' lang='lat' dir='ltr'><strong>impediat</strong></span> <span class='ocrx_word' id='word_1_129' title='bbox 2153 2099 2312 2189; x_wconf 87' lang='lat' dir='ltr'><strong>legis</strong></span> <span class='ocrx_word' id='word_1_130' title='bbox 2345 2100 2435 2168; x_wconf 82' lang='lat' dir='ltr'><strong>ci·</strong></span> 
     </span>
     <span class='ocr_line' id='line_1_17' title="bbox 170 2213 2442 2308; baseline 0.001 -25"><span class='ocrx_word' id='word_1_131' title='bbox 170 2215 313 2284; x_wconf 80' lang='lat' dir='ltr'><strong>vilis</strong></span> <span class='ocrx_word' id='word_1_132' title='bbox 356 2215 707 2308; x_wconf 88' lang='lat' dir='ltr'><strong>dispositio.</strong></span> <span class='ocrx_word' id='word_1_133' title='bbox 747 2214 1019 2289; x_wconf 85' lang='lat' dir='ltr'><strong>Prorsus</strong></span> <span class='ocrx_word' id='word_1_134' title='bbox 1062 2236 1399 2287; x_wconf 87' lang='lat' dir='ltr'><strong>erroneam</strong></span> <span class='ocrx_word' id='word_1_135' title='bbox 1449 2236 1586 2285; x_wconf 85' lang='lat' dir='ltr'><strong>esse</strong></span> <span class='ocrx_word' id='word_1_136' title='bbox 1627 2214 1810 2284; x_wconf 83' lang='lat' dir='ltr'><strong>illam</strong></span> <span class='ocrx_word' id='word_1_137' title='bbox 1845 2213 2252 2306; x_wconf 71' lang='lat' dir='ltr'><strong>hypothesim</strong></span> <span class='ocrx_word' id='word_1_138' title='bbox 2302 2214 2442 2285; x_wconf 67' lang='lat' dir='ltr'><strong>fuse</strong></span> 
     </span>
     <span class='ocr_line' id='line_1_18' title="bbox 166 2328 2442 2422; baseline 0 -24"><span class='ocrx_word' id='word_1_139' title='bbox 166 2352 361 2422; x_wconf 86' lang='lat' dir='ltr'><strong>supra</strong></span> <span class='ocrx_word' id='word_1_140' title='bbox 414 2330 857 2422; x_wconf 74' lang='lat' dir='ltr'><strong>probavimus.</strong></span> <span class='ocrx_word' id='word_1_141' title='bbox 916 2330 1102 2403; x_wconf 89' lang='lat' dir='ltr'><strong>Unde</strong></span> <span class='ocrx_word' id='word_1_142' title='bbox 1166 2333 1221 2401; x_wconf 91' lang='lat' dir='ltr'><strong>si</strong></span> <span class='ocrx_word' id='word_1_143' title='bbox 1275 2331 1582 2402; x_wconf 84' lang='lat' dir='ltr'><strong>dominus</strong></span> <span class='ocrx_word' id='word_1_144' title='bbox 1633 2328 1924 2401; x_wconf 73' lang='lat' dir='ltr'><strong>Carriere</strong></span> <span class='ocrx_word' id='word_1_145' title='bbox 1978 2334 2442 2419; x_wconf 87' lang='lat' dir='ltr'><strong>argumentum</strong></span> 
     </span>
     <span class='ocr_line' id='line_1_19' title="bbox 164 2445 2443 2539; baseline 0 -25"><span class='ocrx_word' id='word_1_146' title='bbox 164 2466 363 2515; x_wconf 85' lang='lat' dir='ltr'><strong>suum</strong></span> <span class='ocrx_word' id='word_1_147' title='bbox 390 2466 465 2515; x_wconf 84' lang='lat' dir='ltr'><strong>ex</strong></span> <span class='ocrx_word' id='word_1_148' title='bbox 486 2446 785 2539; x_wconf 89' lang='lat' dir='ltr'><strong>analogia</strong></span> <span class='ocrx_word' id='word_1_149' title='bbox 809 2446 1125 2538; x_wconf 86' lang='lat' dir='ltr'><strong>intelligat</strong></span> <span class='ocrx_word' id='word_1_150' title='bbox 1142 2450 1327 2539; x_wconf 81' lang='lat' dir='ltr'><strong>juxta</strong></span> <span class='ocrx_word' id='word_1_151' title='bbox 1346 2447 1518 2517; x_wconf 88' lang='lat' dir='ltr'><strong>hanc</strong></span> <span class='ocrx_word' id='word_1_152' title='bbox 1544 2445 1894 2517; x_wconf 83' lang='lat' dir='ltr'><strong>formulam</strong></span> <span class='ocrx_word' id='word_1_153' title='bbox 1927 2470 1946 2515; x_wconf 75' lang='lat' dir='ltr'><em>z</em></span> <span class='ocrx_word' id='word_1_154' title='bbox 1994 2447 2158 2516; x_wconf 87' lang='lat' dir='ltr'><strong>Vota</strong></span> <span class='ocrx_word' id='word_1_155' title='bbox 2183 2447 2443 2514; x_wconf 81' lang='lat' dir='ltr'><strong>monia-</strong></span> 
     </span>
     <span class='ocr_line' id='line_1_20' title="bbox 168 2560 2442 2656; baseline 0.001 -27"><span class='ocrx_word' id='word_1_156' title='bbox 168 2560 341 2631; x_wconf 82' lang='lat' dir='ltr'><strong>lium</strong></span> <span class='ocrx_word' id='word_1_157' title='bbox 384 2576 542 2631; x_wconf 81' lang='lat' dir='ltr'><strong>sunt</strong></span> <span class='ocrx_word' id='word_1_158' title='bbox 580 2561 921 2656; x_wconf 81' lang='lat' dir='ltr'><strong>simplicia</strong></span> <span class='ocrx_word' id='word_1_159' title='bbox 958 2586 1039 2635; x_wconf 75' lang='lat' dir='ltr'><strong>ex</strong></span> <span class='ocrx_word' id='word_1_160' title='bbox 1075 2564 1147 2632; x_wconf 81' lang='lat' dir='ltr'><strong>vi</strong></span> <span class='ocrx_word' id='word_1_161' title='bbox 1182 2562 1347 2653; x_wconf 76' lang='lat' dir='ltr'><strong>leqis</strong></span> <span class='ocrx_word' id='word_1_162' title='bbox 1381 2561 1588 2631; x_wconf 79' lang='lat' dir='ltr'><strong>civilis</strong></span> <span class='ocrx_word' id='word_1_163' title='bbox 1605 2584 1635 2649; x_wconf 89' lang='lat'><em>;</em></span> <span class='ocrx_word' id='word_1_164' title='bbox 1662 2585 1815 2653; x_wconf 80' lang='lat' dir='ltr'><strong>erqo</strong></span> <span class='ocrx_word' id='word_1_165' title='bbox 1845 2585 1890 2631; x_wconf 88' lang='grc' dir='ltr'><em>α</em></span> <span class='ocrx_word' id='word_1_166' title='bbox 1912 2562 2073 2655; x_wconf 82' lang='lat' dir='ltr'><strong>pari</strong></span> <span class='ocrx_word' id='word_1_167' title='bbox 2104 2562 2442 2655; x_wconf 80' lang='lat' dir='ltr'><strong>simplicia</strong></span> 
     </span>
     <span class='ocr_line' id='line_1_21' title="bbox 165 2676 2439 2771; baseline -0 -24"><span class='ocrx_word' id='word_1_168' title='bbox 165 2691 325 2747; x_wconf 77' lang='lat' dir='ltr'><strong>sunt</strong></span> <span class='ocrx_word' id='word_1_169' title='bbox 358 2678 661 2751; x_wconf 80' lang='lat' dir='ltr'><strong>virorum</strong></span> <span class='ocrx_word' id='word_1_170' title='bbox 692 2692 903 2765; x_wconf 77' lang='lat' dir='ltr'><strong>vota;</strong></span> <span class='ocrx_word' id='word_1_171' title='bbox 932 2686 1204 2771; x_wconf 85' lang='lat' dir='ltr'><strong>negatur</strong></span> <span class='ocrx_word' id='word_1_172' title='bbox 1221 2676 1628 2764; x_wconf 85' lang='lat' dir='ltr'><strong>antecedens,</strong></span> <span class='ocrx_word' id='word_1_173' title='bbox 1666 2678 1741 2745; x_wconf 86' lang='lat' dir='ltr'><strong>id</strong></span> <span class='ocrx_word' id='word_1_174' title='bbox 1777 2678 2092 2745; x_wconf 81' lang='lat' dir='ltr'><strong>est&#39;totius</strong></span> <span class='ocrx_word' id='word_1_175' title='bbox 2121 2678 2439 2748; x_wconf 85' lang='lat' dir='ltr'><strong>ratiocinii</strong></span> 
     </span>
     <span class='ocr_line' id='line_1_22' title="bbox 163 2793 1123 2866; baseline 0.007 -5"><span class='ocrx_word' id='word_1_176' title='bbox 163 2793 693 2866; x_wconf 82' lang='lat' dir='ltr'><strong>fundamentum.</strong></span> <span class='ocrx_word' id='word_1_177' title='bbox 1113 2850 1123 2859; x_wconf 83' lang='grc'><strong>-</strong></span> 
     </span>
    </p>

    <p class='ocr_par' dir='ltr' id='par_1_4' title="bbox 158 2902 2447 3804">
     <span class='ocr_line' id='line_1_23' title="bbox 256 2902 2445 3002; baseline -0.005 -23"><span class='ocrx_word' id='word_1_178' title='bbox 256 2908 336 2979; x_wconf 89' lang='lat' dir='ltr'><strong>ll.</strong></span> <span class='ocrx_word' id='word_1_179' title='bbox 374 2909 513 2980; x_wconf 89' lang='lat' dir='ltr'><strong>Nec</strong></span> <span class='ocrx_word' id='word_1_180' title='bbox 539 2910 705 2981; x_wconf 78' lang='lat' dir='ltr'><strong>valet</strong></span> <span class='ocrx_word' id='word_1_181' title='bbox 732 2918 1196 3002; x_wconf 85' lang='lat' dir='ltr'><strong>argumentum</strong></span> <span class='ocrx_word' id='word_1_182' title='bbox 1219 2905 1560 2997; x_wconf 65' lang='lat' dir='ltr'><strong>analogiae,</strong></span> <span class='ocrx_word' id='word_1_183' title='bbox 1605 2905 1662 2973; x_wconf 90' lang='lat' dir='ltr'><strong>si</strong></span> <span class='ocrx_word' id='word_1_184' title='bbox 1691 2908 1836 2971; x_wconf 80' lang='lat' dir='ltr'><strong>vota</strong></span> <span class='ocrx_word' id='word_1_185' title='bbox 1863 2902 2252 2973; x_wconf 87' lang='lat' dir='ltr'><strong>monialium</strong></span> <span class='ocrx_word' id='word_1_186' title='bbox 2279 2902 2445 2971; x_wconf 88' lang='lat' dir='ltr'><strong>sim-</strong></span> 
     </span>
     <span class='ocr_line' id='line_1_24' title="bbox 158 3016 2444 3118; baseline -0.004 -21"><span class='ocrx_word' id='word_1_187' title='bbox 158 3028 355 3118; x_wconf 88' lang='lat' dir='ltr'><strong>plicia</strong></span> <span class='ocrx_word' id='word_1_188' title='bbox 396 3029 533 3097; x_wconf 89' lang='lat' dir='ltr'><strong>sint</strong></span> <span class='ocrx_word' id='word_1_189' title='bbox 570 3049 646 3098; x_wconf 88' lang='lat' dir='ltr'><strong>ex</strong></span> <span class='ocrx_word' id='word_1_190' title='bbox 682 3049 861 3097; x_wconf 82' lang='lat' dir='ltr'><strong>mera</strong></span> <span class='ocrx_word' id='word_1_191' title='bbox 896 3027 1221 3097; x_wconf 88' lang='lat' dir='ltr'><strong>voluntate</strong></span> <span class='ocrx_word' id='word_1_192' title='bbox 1260 3023 1430 3095; x_wconf 87' lang='lat' dir='ltr'><strong>sedis</strong></span> <span class='ocrx_word' id='word_1_193' title='bbox 1471 3020 1880 3114; x_wconf 81' lang='lat' dir='ltr'><strong>Apostolicae‚</strong></span> <span class='ocrx_word' id='word_1_194' title='bbox 1919 3039 1994 3088; x_wconf 91' lang='lat' dir='ltr'><strong>ea</strong></span> <span class='ocrx_word' id='word_1_195' title='bbox 2037 3025 2113 3086; x_wconf 87' lang='lat' dir='ltr'><strong>ut</strong></span> <span class='ocrx_word' id='word_1_196' title='bbox 2137 3016 2444 3087; x_wconf 88' lang='lat' dir='ltr'><strong>solemnia</strong></span> 
     </span>
     <span class='ocr_line' id='line_1_25' title="bbox 160 3132 2446 3235; baseline -0.004 -25"><span class='ocrx_word' id='word_1_197' title='bbox 160 3150 505 3235; x_wconf 84' lang='lat' dir='ltr'><strong>acceptare</strong></span> <span class='ocrx_word' id='word_1_198' title='bbox 546 3144 923 3214; x_wconf 84' lang='lat' dir='ltr'><strong>recusantis.</strong></span> <span class='ocrx_word' id='word_1_199' title='bbox 966 3142 1113 3212; x_wconf 91' lang='lat' dir='ltr'><strong>ldeo</strong></span> <span class='ocrx_word' id='word_1_200' title='bbox 1154 3139 1436 3211; x_wconf 86' lang='lat' dir='ltr'><strong>enimin</strong></span> <span class='ocrx_word' id='word_1_201' title='bbox 1475 3138 1598 3208; x_wconf 89' lang='lat' dir='ltr'><strong>hac</strong></span> <span class='ocrx_word' id='word_1_202' title='bbox 1626 3134 1964 3228; x_wconf 68' lang='lat' dir='ltr'><strong>hypothesi</strong></span> <span class='ocrx_word' id='word_1_203' title='bbox 2008 3156 2048 3203; x_wconf 88' lang='lat' dir='ltr'><strong>a</strong></span> <span class='ocrx_word' id='word_1_204' title='bbox 2083 3132 2244 3202; x_wconf 79' lang='lat' dir='ltr'><strong>votis</strong></span> <span class='ocrx_word' id='word_1_205' title='bbox 2283 3134 2446 3203; x_wconf 87' lang='lat' dir='ltr'><strong>sim-</strong></span> 
     </span>
     <span class='ocr_line' id='line_1_26' title="bbox 160 3246 2447 3349; baseline -0.004 -24"><span class='ocrx_word' id='word_1_206' title='bbox 160 3259 455 3349; x_wconf 86' lang='lat' dir='ltr'><strong>plicibus</strong></span> <span class='ocrx_word' id='word_1_207' title='bbox 494 3258 885 3331; x_wconf 86' lang='lat' dir='ltr'><strong>monialium</strong></span> <span class='ocrx_word' id='word_1_208' title='bbox 924 3256 1005 3327; x_wconf 90' lang='lat' dir='ltr'><strong>ad</strong></span> <span class='ocrx_word' id='word_1_209' title='bbox 1047 3262 1193 3326; x_wconf 77' lang='lat' dir='ltr'><strong>vota</strong></span> <span class='ocrx_word' id='word_1_210' title='bbox 1234 3253 1550 3347; x_wconf 87' lang='lat' dir='ltr'><strong>simplicia</strong></span> <span class='ocrx_word' id='word_1_211' title='bbox 1601 3255 1895 3321; x_wconf 80' lang='lat' dir='ltr'><strong>virorum</strong></span> <span class='ocrx_word' id='word_1_212' title='bbox 1933 3246 2225 3340; x_wconf 87' lang='lat' dir='ltr'><strong>legitime</strong></span> <span class='ocrx_word' id='word_1_213' title='bbox 2267 3246 2447 3319; x_wconf 83' lang='lat' dir='ltr'><strong>fieret</strong></span> 
     </span>
     <span class='ocr_line' id='line_1_27' title="bbox 162 3365 2445 3466; baseline -0.004 -23"><span class='ocrx_word' id='word_1_214' title='bbox 162 3377 407 3462; x_wconf 86' lang='lat' dir='ltr'><strong>illatio,</strong></span> <span class='ocrx_word' id='word_1_215' title='bbox 436 3376 597 3465; x_wconf 89' lang='lat' dir='ltr'><strong>quia</strong></span> <span class='ocrx_word' id='word_1_216' title='bbox 631 3376 809 3445; x_wconf 66' lang='lat' dir='ltr'><strong>sedes</strong></span> <span class='ocrx_word' id='word_1_217' title='bbox 846 3372 1217 3466; x_wconf 86' lang='lat' dir='ltr'><strong>Apostolica</strong></span> <span class='ocrx_word' id='word_1_218' title='bbox 1248 3392 1379 3442; x_wconf 90' lang='lat' dir='ltr'><strong>non</strong></span> <span class='ocrx_word' id='word_1_219' title='bbox 1414 3374 1626 3463; x_wconf 86' lang='lat' dir='ltr'><strong>posset</strong></span> <span class='ocrx_word' id='word_1_220' title='bbox 1651 3365 1818 3437; x_wconf 81' lang='lat' dir='ltr'><strong>velle</strong></span> <span class='ocrx_word' id='word_1_221' title='bbox 1857 3365 2072 3457; x_wconf 86' lang='lat' dir='ltr'><strong>priora</strong></span> <span class='ocrx_word' id='word_1_222' title='bbox 2109 3386 2248 3435; x_wconf 87' lang='lat' dir='ltr'><strong>esse</strong></span> <span class='ocrx_word' id='word_1_223' title='bbox 2282 3366 2445 3438; x_wconf 89' lang='lat' dir='ltr'><strong>sim-</strong></span> 
     </span>
     <span class='ocr_line' id='line_1_28' title="bbox 160 3480 2446 3583; baseline -0.005 -22"><span class='ocrx_word' id='word_1_224' title='bbox 160 3494 391 3579; x_wconf 88' lang='lat' dir='ltr'><strong>plicia,</strong></span> <span class='ocrx_word' id='word_1_225' title='bbox 428 3492 593 3583; x_wconf 89' lang='lat' dir='ltr'><strong>quin</strong></span> <span class='ocrx_word' id='word_1_226' title='bbox 618 3490 817 3561; x_wconf 90' lang='lat' dir='ltr'><strong>simul</strong></span> <span class='ocrx_word' id='word_1_227' title='bbox 842 3491 1017 3561; x_wconf 87' lang='lat' dir='ltr'><strong>idem</strong></span> <span class='ocrx_word' id='word_1_228' title='bbox 1040 3488 1231 3559; x_wconf 80' lang='lat' dir='ltr'><strong>vellet</strong></span> <span class='ocrx_word' id='word_1_229' title='bbox 1256 3486 1472 3578; x_wconf 86' lang='lat' dir='ltr'><strong>quoad</strong></span> <span class='ocrx_word' id='word_1_230' title='bbox 1499 3484 1850 3577; x_wconf 85' lang='lat' dir='ltr'><strong>posteriora</strong></span> <span class='ocrx_word' id='word_1_231' title='bbox 1877 3504 1895 3561; x_wconf 91' lang='lat'>;</span> <span class='ocrx_word' id='word_1_232' title='bbox 1921 3480 2024 3550; x_wconf 74' lang='lat' dir='ltr'><strong>vel</strong></span> <span class='ocrx_word' id='word_1_233' title='bbox 2045 3482 2268 3551; x_wconf 84' lang='lat' dir='ltr'><strong>saltem</strong></span> <span class='ocrx_word' id='word_1_234' title='bbox 2295 3482 2446 3570; x_wconf 87' lang='lat' dir='ltr'><strong>quia</strong></span> 
     </span>
     <span class='ocr_line' id='line_1_29' title="bbox 160 3594 2446 3699; baseline -0.007 -20"><span class='ocrx_word' id='word_1_235' title='bbox 160 3632 233 3679; x_wconf 85' lang='lat' dir='ltr'><strong>ex</strong></span> <span class='ocrx_word' id='word_1_236' title='bbox 281 3606 487 3678; x_wconf 84' lang='lat' dir='ltr'><strong>variis</strong></span> <span class='ocrx_word' id='word_1_237' title='bbox 532 3606 787 3676; x_wconf 87' lang='lat' dir='ltr'><strong>indiciis</strong></span> <span class='ocrx_word' id='word_1_238' title='bbox 834 3603 1367 3699; x_wconf 62' lang='lat' dir='ltr'><strong>praesumendum</strong></span> <span class='ocrx_word' id='word_1_239' title='bbox 1414 3602 1599 3686; x_wconf 80' lang='lat' dir='ltr'><strong>foret,</strong></span> <span class='ocrx_word' id='word_1_240' title='bbox 1647 3599 1820 3668; x_wconf 85' lang='lat' dir='ltr'><strong>banc</strong></span> <span class='ocrx_word' id='word_1_241' title='bbox 1856 3594 2024 3666; x_wconf 87' lang='lat' dir='ltr'><strong>sedis</strong></span> <span class='ocrx_word' id='word_1_242' title='bbox 2063 3594 2446 3689; x_wconf 81' lang='lat' dir='ltr'><strong>Apostolicae</strong></span> 
     </span>
     <span class='ocr_line' id='line_1_30' title="bbox 158 3711 1970 3804; baseline -0.006 -15"><span class='ocrx_word' id='word_1_243' title='bbox 158 3724 575 3793; x_wconf 78' lang='lat' dir='ltr'><strong>voluntatem</strong></span> <span class='ocrx_word' id='word_1_244' title='bbox 590 3720 847 3791; x_wconf 83' lang='lat' dir='ltr'><strong>extendi</strong></span> <span class='ocrx_word' id='word_1_245' title='bbox 874 3722 1071 3791; x_wconf 86' lang='lat' dir='ltr'><strong>etiam</strong></span> <span class='ocrx_word' id='word_1_246' title='bbox 1099 3719 1179 3789; x_wconf 90' lang='lat' dir='ltr'><strong>ad</strong></span> <span class='ocrx_word' id='word_1_247' title='bbox 1210 3721 1502 3788; x_wconf 80' lang='lat' dir='ltr'><strong>virorum</strong></span> <span class='ocrx_word' id='word_1_248' title='bbox 1545 3723 1709 3786; x_wconf 78' lang='lat' dir='ltr'><strong>vota.</strong></span> <span class='ocrx_word' id='word_1_249' title='bbox 1731 3711 1970 3804; x_wconf 75' lang='lat' dir='ltr'><strong>Atqui,</strong></span> 
     </span>
    </p>

    <p class='ocr_par' dir='ltr' id='par_1_5' title="bbox 157 3832 2453 4505">
     <span class='ocr_line' id='line_1_31' title="bbox 261 3832 2449 3928; baseline -0.006 -22"><span class='ocrx_word' id='word_1_250' title='bbox 261 3839 325 3906; x_wconf 75' lang='lat'><strong>1⁰</strong></span> <span class='ocrx_word' id='word_1_251' title='bbox 360 3838 581 3907; x_wconf 85' lang='lat' dir='ltr'><strong>Potuit</strong></span> <span class='ocrx_word' id='word_1_252' title='bbox 616 3836 781 3905; x_wconf 73' lang='lat' dir='ltr'><strong>velle</strong></span> <span class='ocrx_word' id='word_1_253' title='bbox 824 3838 1004 3907; x_wconf 87' lang='lat' dir='ltr'><strong>sedes</strong></span> <span class='ocrx_word' id='word_1_254' title='bbox 1044 3834 1411 3928; x_wconf 86' lang='lat' dir='ltr'><strong>Apostolica</strong></span> <span class='ocrx_word' id='word_1_255' title='bbox 1443 3832 1830 3902; x_wconf 84' lang='lat' dir='ltr'><strong>monialium</strong></span> <span class='ocrx_word' id='word_1_256' title='bbox 1863 3834 2010 3898; x_wconf 74' lang='lat' dir='ltr'><strong>vota</strong></span> <span class='ocrx_word' id='word_1_257' title='bbox 2046 3846 2176 3897; x_wconf 88' lang='lat' dir='ltr'><strong>non</strong></span> <span class='ocrx_word' id='word_1_258' title='bbox 2212 3844 2449 3913; x_wconf 88' lang='lat' dir='ltr'><strong>accep-</strong></span> 
     </span>
     <span class='ocr_line' id='line_1_32' title="bbox 160 3940 2448 4044; baseline -0.008 -21"><span class='ocrx_word' id='word_1_259' title='bbox 160 3967 303 4025; x_wconf 82' lang='lat' dir='ltr'><strong>tare</strong></span> <span class='ocrx_word' id='word_1_260' title='bbox 348 3958 423 4023; x_wconf 89' lang='lat' dir='ltr'><strong>ut</strong></span> <span class='ocrx_word' id='word_1_261' title='bbox 450 3952 788 4037; x_wconf 88' lang='lat' dir='ltr'><strong>solemnia,</strong></span> <span class='ocrx_word' id='word_1_262' title='bbox 822 3952 987 4044; x_wconf 88' lang='lat' dir='ltr'><strong>quin</strong></span> <span class='ocrx_word' id='word_1_263' title='bbox 1024 3952 1199 4020; x_wconf 90' lang='lat' dir='ltr'><strong>idem</strong></span> <span class='ocrx_word' id='word_1_264' title='bbox 1238 3950 1510 4019; x_wconf 82' lang='lat' dir='ltr'><strong>voluerit</strong></span> <span class='ocrx_word' id='word_1_265' title='bbox 1545 3946 1757 4038; x_wconf 87' lang='lat' dir='ltr'><strong>quoad</strong></span> <span class='ocrx_word' id='word_1_266' title='bbox 1785 3946 2117 4035; x_wconf 87' lang='lat' dir='ltr'><strong>religiosos</strong></span> <span class='ocrx_word' id='word_1_267' title='bbox 2154 3940 2448 4010; x_wconf 79' lang='lat' dir='ltr'><strong>virorum</strong></span> 
     </span>
     <span class='ocr_line' id='line_1_33' title="bbox 157 4054 2452 4157; baseline -0.009 -18"><span class='ocrx_word' id='word_1_268' title='bbox 157 4071 455 4141; x_wconf 87' lang='lat' dir='ltr'><strong>ordines.</strong></span> <span class='ocrx_word' id='word_1_269' title='bbox 496 4066 571 4136; x_wconf 92' lang='lat' dir='ltr'><strong>ln</strong></span> <span class='ocrx_word' id='word_1_270' title='bbox 601 4068 727 4137; x_wconf 91' lang='lat' dir='ltr'><strong>hoc</strong></span> <span class='ocrx_word' id='word_1_271' title='bbox 752 4066 933 4137; x_wconf 88' lang='lat' dir='ltr'><strong>enim</strong></span> <span class='ocrx_word' id='word_1_272' title='bbox 974 4066 1157 4137; x_wconf 88' lang='lat' dir='ltr'><strong>nulla</strong></span> <span class='ocrx_word' id='word_1_273' title='bbox 1188 4072 1287 4135; x_wconf 85' lang='lat' dir='ltr'><strong>est</strong></span> <span class='ocrx_word' id='word_1_274' title='bbox 1313 4063 1766 4157; x_wconf 86' lang='lat' dir='ltr'><strong>repugnantia.</strong></span> <span class='ocrx_word' id='word_1_275' title='bbox 1799 4060 1988 4131; x_wconf 89' lang='lat' dir='ltr'><strong>Sicut</strong></span> <span class='ocrx_word' id='word_1_276' title='bbox 2015 4076 2250 4146; x_wconf 88' lang='lat' dir='ltr'><strong>nempe</strong></span> <span class='ocrx_word' id='word_1_277' title='bbox 2295 4054 2452 4121; x_wconf 84' lang='lat' dir='ltr'><strong>alias</strong></span> 
     </span>
     <span class='ocr_line' id='line_1_34' title="bbox 160 4170 2453 4275; baseline -0.008 -21"><span class='ocrx_word' id='word_1_278' title='bbox 160 4184 510 4275; x_wconf 83' lang='lat' dir='ltr'><strong>religiosas</strong></span> <span class='ocrx_word' id='word_1_279' title='bbox 542 4182 821 4253; x_wconf 81' lang='lat' dir='ltr'><strong>familias</strong></span> <span class='ocrx_word' id='word_1_280' title='bbox 860 4181 1169 4275; x_wconf 86' lang='lat' dir='ltr'><strong>approbat</strong></span> <span class='ocrx_word' id='word_1_281' title='bbox 1208 4180 1384 4251; x_wconf 85' lang='lat' dir='ltr'><strong>sedes</strong></span> <span class='ocrx_word' id='word_1_282' title='bbox 1426 4178 1793 4271; x_wconf 85' lang='lat' dir='ltr'><strong>Apostolica</strong></span> <span class='ocrx_word' id='word_1_283' title='bbox 1821 4196 1976 4247; x_wconf 86' lang='lat' dir='ltr'><strong>cum</strong></span> <span class='ocrx_word' id='word_1_284' title='bbox 2023 4176 2186 4243; x_wconf 86' lang='lat' dir='ltr'><strong>votis</strong></span> <span class='ocrx_word' id='word_1_285' title='bbox 2216 4170 2453 4241; x_wconf 88' lang='lat' dir='ltr'><strong>solem·</strong></span> 
     </span>
     <span class='ocr_line' id='line_1_35' title="bbox 158 4290 2452 4385; baseline -0.007 -17"><span class='ocrx_word' id='word_1_286' title='bbox 158 4301 398 4382; x_wconf 88' lang='lat' dir='ltr'><strong>nibus,</strong></span> <span class='ocrx_word' id='word_1_287' title='bbox 450 4303 516 4369; x_wconf 88' lang='lat' dir='ltr'><strong>et</strong></span> <span class='ocrx_word' id='word_1_288' title='bbox 552 4298 711 4369; x_wconf 85' lang='lat' dir='ltr'><strong>alias</strong></span> <span class='ocrx_word' id='word_1_289' title='bbox 748 4318 901 4368; x_wconf 90' lang='lat' dir='ltr'><strong>cum</strong></span> <span class='ocrx_word' id='word_1_290' title='bbox 938 4298 1105 4366; x_wconf 81' lang='lat' dir='ltr'><strong>votis</strong></span> <span class='ocrx_word' id='word_1_291' title='bbox 1150 4298 1458 4367; x_wconf 85' lang='lat' dir='ltr'><strong>duntaxat</strong></span> <span class='ocrx_word' id='word_1_292' title='bbox 1500 4290 1939 4385; x_wconf 89' lang='lat' dir='ltr'><strong>simplicibus,</strong></span> <span class='ocrx_word' id='word_1_293' title='bbox 1989 4293 2179 4383; x_wconf 87' lang='lat' dir='ltr'><strong>prout</strong></span> <span class='ocrx_word' id='word_1_294' title='bbox 2213 4303 2452 4377; x_wconf 86' lang='lat' dir='ltr'><strong>oppor-</strong></span> 
     </span>
     <span class='ocr_line' id='line_1_36' title="bbox 158 4402 2450 4505; baseline -0.007 -22"><span class='ocrx_word' id='word_1_295' title='bbox 158 4422 419 4485; x_wconf 90' lang='lat' dir='ltr'><strong>tunum</strong></span> <span class='ocrx_word' id='word_1_296' title='bbox 458 4414 585 4505; x_wconf 85' lang='lat' dir='ltr'><strong>ipsi</strong></span> <span class='ocrx_word' id='word_1_297' title='bbox 632 4414 941 4501; x_wconf 77' lang='lat' dir='ltr'><strong>videtur3</strong></span> <span class='ocrx_word' id='word_1_298' title='bbox 984 4414 1067 4481; x_wconf 87' lang='lat' dir='ltr'><strong>ita</strong></span> <span class='ocrx_word' id='word_1_299' title='bbox 1102 4413 1337 4505; x_wconf 85' lang='lat' dir='ltr'><strong>potuit,</strong></span> <span class='ocrx_word' id='word_1_300' title='bbox 1373 4411 1462 4481; x_wconf 87' lang='lat' dir='ltr'><strong>ob</strong></span> <span class='ocrx_word' id='word_1_301' title='bbox 1505 4410 1710 4480; x_wconf 85' lang='lat' dir='ltr'><strong>varias</strong></span> <span class='ocrx_word' id='word_1_302' title='bbox 1755 4406 1880 4477; x_wconf 90' lang='lat' dir='ltr'><strong>sibi</strong></span> <span class='ocrx_word' id='word_1_303' title='bbox 1925 4412 2104 4478; x_wconf 84' lang='lat' dir='ltr'><strong>notas</strong></span> <span class='ocrx_word' id='word_1_304' title='bbox 2147 4402 2450 4485; x_wconf 74' lang='lat' dir='ltr'><strong>rationeS‚</strong></span> 
     </span>
    </p>
   </div>
  </div>
 </body>
</html>
