2834 4959
1055 349 1210 396 PARS
1249 349 1467 397 plum.
2329 345 2409 401 15

179 479 308 562 juxta
359 469 594 540 Christi
643 476 966 560 praecepta
1013 475 1078 538 et
1121 469 1415 550 consilia,
1482 493 1520 540 a
1586 469 1971 560 perfectione
2024 473 2295 542 deficiet.
2358 475 2413 544 E

177 593 351 656 contra
373 607 520 654 vero
569 583 759 652 nulla
798 591 890 651 eet
937 583 1102 652 ratio
1151 606 1270 652 cur
1303 584 1623 674 perfectus
1672 607 1803 654 non
1842 587 2123 670 dicatur,
2178 591 2293 678 qui
2326 590 2417 657 ita

161 703 340 790 diligit
377 703 616 784 Deum,
655 706 730 768 ut
779 701 844 767 vi
897 699 1099 788 hujus
1159 699 1487 768 charitatis
1539 700 1865 768 ordinarie
1920 709 1982 769 et
2030 702 2219 773 facile
2276 721 2413 772 sese

38 867 40 874 .
161 815 298 884 ferat
337 817 410 884 ad
465 821 944 906 praeceptorum
1001 819 1066 882 et
1113 815 1538 882 consiliorum
1608 815 2129 903 evangelicorum
2185 818 2413 888 obser—

159 932 437 998 vantiam.
466 931 526 997 ls
566 931 752 998 enim
789 930 916 998 hoc
961 930 1099 1020 ipso
1151 937 1214 997 et
1257 930 1346 1004 ,de
1391 928 1675 1000 vitandis
1722 929 2087 999 venialibus
2138 935 2417 1022 peccatis

160 1045 444 1113 sollicitus
479 1047 622 1132 erit,
667 1051 734 1113 et
789 1065 1018 1134 pravos
1055 1043 1322 1113 affectus
1370 1065 1521 1112 suos
1572 1044 1898 1131 fraenabit,
1956 1051 2020 1114 et
2076 1067 2413 1138 superero-

159 1162 402 1250 gationis
446 1181 644 1251 opera
683 1165 942 1227 strenue
989 1169 1342 1248 exequetur
1357 1187 1388 1246 -;
1440 1167 1631 1249 atque
1660 1159 1801 1228 haec
1847 1162 2067 1230 omnia
2112 1167 2415 1230 constan-

161 1284 249 1343 ter
284 1277 438 1346 faciet
485 1285 554 1344 et
599 1275 810 1343 facile.
867 1275 1208 1365 Ejusmodi
1273 1283 1493 1342 autem
1560 1277 1864 1346 homines
1919 1277 2233 1368 perfectos
2280 1277 2413 1346 dici

38 1479 41 1486 ,
157 1390 350 1459 dehere
367 1391 721 1460 indubium
755 1395 875 1457 est.
913 1387 1054 1456 lmo
1071 1390 1186 1478 qui
1211 1387 1384 1456 dicto
1415 1389 1604 1456 modo
1634 1389 1976 1477 dispositus
1998 1399 2115 1480 est,
2150 1393 2401 1460 etiamsi

158 1505 348 1592 (morte
412 1503 810 1596 praeventus)
864 1504 945 1572 ad
1018 1503 1158 1593 ipsa
1205 1525 1398 1594 opera
1460 1505 1825 1594 exequenda
1882 1527 2014 1574 non
2066 1507 2401 1586 deveniat,

155 1621 550 1690 nihilominus
573 1620 896 1710 perfectus
946 1617 1082 1686 dici
1129 1617 1341 1706 debet,
1394 1617 1479 1686 ob
1516 1618 1857 1708 ipsammet
1902 1621 2083 1690 illam
2131 1623 2401 1716 disposi-

155 1737 384 1805 tionem.

235 1859 528 1920 Nota.—
559 1853 624 1920 1⁰
653 1847 996 1930 Quomodo
1044 1849 1123 1916 ad
1174 1848 1633 1938 perfectionem
1682 1852 2103 1938 requirantur
2154 1857 2219 1918 et
2258 1854 2401 1920 aliae

171 1969 414 2058 virtutes,
430 1979 494 2039 et
515 1980 739 2040 tamen
765 1989 918 2036 vero
939 1967 1156 2057 aliquo
1185 1989 1378 2036 sensu
1426 1967 1558 2035 dici
1600 1967 1797 2056 possit
1840 1968 2297 2057 perfectionem
2330 1971 2399 2036 in

166 2085 270 2152 sola
297 2087 591 2155 charitate
631 2085 1010 2167 consistere,
1061 2083 1207 2151 vide
1245 2083 1386 2150 fuse
1438 2082 1810 2152 discussum
1862 2104 1899 2150 a
1950 2080 2249 2151 Suaresio
2300 2083 2403 2176 (de

159 2191 475 2283 Beliyione‚
501 2199 784 2262 tractatu
814 2191 952 2278 7‚1.
997 2191 1062 2279 1,
1103 2212 1163 2260 c.
1198 2191 1289 2280 3).

225 2307 284 2374 2⁰
313 2309 380 2376 ln
407 2309 800 2400 perfectione
827 2307 966 2374 dari
994 2306 1260 2397 graduS,
1308 2307 1398 2374 ita
1442 2313 1540 2386 ut,
1596 2307 1795 2376 etiam
1842 2309 2009 2376 inter
2058 2307 2398 2399 perfectae,

152 2421 247 2490 alii
295 2423 508 2492 minus
545 2421 808 2512 perfecti
861 2424 1014 2507 sint,
1060 2420 1469 2511 perfectiores
1512 2420 1651 2505 alii,
1706 2419 1914 2489 solent
1945 2421 2233 2490 doctores
2289 2423 2399 2490 ad-

153 2541 374 2605 notare.
425 2535 496 2606 ld
537 2544 750 2604 autern
795 2557 946 2604 cum
1005 2535 1234 2602 tradita
1277 2533 1689 2625 perfectionis
1726 2534 2101 2604 definitione
2150 2557 2399 2624 nequa-

153 2637 340 2737 qnam
359 2657 650 2740 pugnat3
677 2652 732 2719 si
771 2649 1046 2740 quidem
1073 2650 1144 2718 in
1173 2648 1256 2718 iis
1281 2650 1475 2718 etiam
1512 2649 1629 2739 qui
1687 2652 1905 2718 minus
1942 2651 2207 2741 perfecti
2249 2661 2403 2724 sunt

158 2790 378 2837 verum
397 2769 702 2859 reperitur
744 2793 850 2840 eos
893 2792 972 2839 ex
1029 2769 1372 2850 dilectione
1422 2768 1543 2838 Dei
1602 2791 1736 2838 esse
1788 2761 1874 2838 ita
1924 2770 2285 2859 dispositos,
2332 2779 2405 2839 ut

149 2883 330 2952 facile
376 2891 436 2954 et
477 2886 786 2955 ordinarie
831 2890 1300 2976 praeceptorum
1353 2891 1416 2952 et
1472 2883 1899 2953 consiliorum
1956 2883 2196 2952 Christi
2246 2907 2404 2953 nor-

151 3026 314 3074 mam
360 3014 717 3097 sequantur.
777 3007 938 3089 Quae
971 3012 1188 3076 tamen
1223 3006 1582 3098 dispositio,
1614 3009 1779 3073 etex
1808 3027 1881 3073 ea
1920 3026 2194 3095 sequens
2239 3006 2401 3076 faci-

149 3119 278 3189 litas
319 3127 378 3190 et
419 3129 684 3195 actuum
744 3101 1182 3214 perfectorum
1230 3120 1591 3210 frequentia
1620 3123 1829 3212 major
1877 3129 1990 3190 aut
2029 3121 2244 3189 minor
2271 3145 2403 3190 esse

150 3239 358 3323 potest,
427 3240 870 3328 majoremque
942 3241 1056 3304 aut
1124 3233 1450 3302 minorem
1524 3235 1987 3328 perfectionem
2038 3237 2393 3307 constituit.

147 3345 378 3420 Gradus
417 3359 632 3422 autem
677 3351 948 3420 infimus
1004 3372 1134 3440 quo
1194 3351 1459 3440 perfecti
1510 3371 1549 3420 a
1598 3371 1730 3418 non
1796 3351 2089 3444 perfectis
2165 3353 2403 3421 discre-

144 3472 306 3552 pent,
351 3469 648 3556 quisnam
697 3467 805 3554 sit,
858 3467 1038 3534 novit
1089 3464 1290 3549 Deus,
1332 3472 1396 3533 et
1446 3467 1553 3532 vix
1596 3466 2012 3536 determinari
2066 3489 2247 3560 posse
2301 3471 2395 3533 vi-

143 3579 336 3650 detur.

1005 3799 1010 3809 '
1037 3791 1316 3863 CAPUT
1359 3791 1477 3866 lv.

141 3997 322 4044 namn
359 3999 425 4044 ln
469 3997 762 4046 acen-:su
806 3999 1030 4048 STATUS
1074 3999 1510 4046 PERFECTORUM
1550 4001 1662 4047 SEU
1705 3997 2141 4047 PERFECTIONIS
2180 4001 2398 4056 Acom·

203 4095 394 4156 SITAE,
451 4095 655 4144 unum
715 4097 1116 4146 EPISCOPATUS
1153 4098 1170 4157 3
1215 4097 1295 4142 m·
1336 4099 1562 4144 STATUS
1600 4097 1992 4146 TENDENTIUM
2038 4097 2120 4142 An
2181 4100 2402 4145 PERPE-

205 4193 492 4256 cunum,
542 4197 654 4242 SEU
695 4193 1127 4242 Pssnrncrloms
1168 4195 1595 4248 AGQUTRENDAE.

217 4375 580 4448 Pnoroenio
607 4378 686 4448 1⁸.
719 4417 810 4432 —-
841 4375 1182 4455 Possibitis
1206 4375 1580 4468 concipitur
1626 4374 1701 4442 in
1728 4372 2065 4447 militanti
2106 4372 2399 4442 Ecclesia
