2834 4959
335 331 362 385 1
381 330 418 384 4
911 329 1250 378 TRAGTATUS
1294 331 1374 378 DE
1419 331 1569 378 sumt
1612 327 2027 376 REGULARIUM.

335 457 592 539 habeat,
665 475 797 522 non
842 458 1094 522 tantum
1142 473 1275 520 non
1311 472 1446 519 esse
1492 450 1877 541 perfectum,
1928 447 2037 515 sed
2079 453 2141 514 et
2183 447 2435 515 malum
2476 469 2619 518 esse

335 575 526 657 atque
569 563 1120 656 peccaminosum.
1175 560 1585 652 pertinetque
1644 559 1713 628 id
1751 559 1831 628 ad
1875 558 2112 648 dogma
2156 559 2553 628 catholicum
2594 610 2614 643 ,

335 688 528 773 prout
550 680 860 748 omnibus
895 684 1122 745 notum
1155 683 1270 745 est.
1311 739 1334 766 ‚

423 796 494 864 2⁰
539 794 758 863 Genus
801 791 967 861 illud
1005 792 1483 881 restringimuS‚
1534 791 1621 858 ita
1648 795 1745 870 ut,
1792 810 1925 856 non
1984 787 2288 877 quaelibet
2338 789 2623 858 charitas

335 908 637 1002 perfectio
709 907 814 987 sit,
899 899 1010 974 sed
1082 906 1298 994 aliqua
1375 906 1704 973 dumtaxat
1757 902 2083 971 charitatis
2162 903 2430 992 species.
2504 925 2629 973 seu

336 1022 677 1115 peculiaris
735 1021 968 1110 aliquis
1003 1019 1213 1088 Deum
1244 1019 1561 1108 diligendi
1602 1017 1859 1100 modus,
1888 1038 2085 1106 quem
2132 1017 2407 1085 modum
2436 1023 2627 1086 caete-

338 1139 426 1206 ris
503 1134 894 1205 definitionis
963 1133 1178 1202 verbis
1238 1132 1778 1200 determinamus,
1848 1129 2111 1199 Etenim
2191 1137 2435 1199 certum
2530 1139 2633 1200 est

333 1252 716 1322 christianos
765 1269 1009 1330 omnes,
1069 1248 1279 1338 quise
1314 1269 1352 1316 a
1379 1253 1639 1338 peccato
1694 1245 1913 1313 lethali
1962 1245 2295 1315 immunes
2334 1254 2624 1332 servant,

335 1366 713 1436 charitatem
803 1360 1086 1441 habere3
1169 1368 1234 1428 et
1297 1367 1516 1428 tamen
1584 1359 1940 1428 absurdum
2013 1360 2175 1428 foret
2240 1381 2347 1427 eos
2395 1381 2631 1429 omnes

332 1479 644 1570 perfectos
671 1477 880 1545 dicere
907 1497 1022 1543 seu
1054 1473 1515 1566 perfectionem
1564 1480 1902 1542 assecutos.
1950 1472 2123 1562 Ergo
2166 1495 2385 1542 revera
2410 1475 2625 1564 perfe-

335 1601 464 1671 ctio
498 1607 591 1668 est
632 1599 846 1689 aliqua
891 1597 1214 1667 charitatis
1255 1597 1523 1687 specieS,
1576 1619 1690 1665 seu
1726 1597 1963 1686 aliquis
2004 1597 2344 1687 peculiaris
2404 1597 2618 1666 Deum

333 1711 643 1806 diligendi
698 1714 974 1794 modus;
1029 1735 1149 1783 nec
1211 1718 1414 1805 potest
1459 1714 1526 1780 in
1602 1712 1909 1782 charitate
1998 1714 2293 1800 generice
2356 1723 2616 1804 sumpta

333 1833 584 1924 reponi.

422 1945 626 2015 3⁰111e
649 1950 863 2014 autem
894 1942 1221 2011 charitatis
1271 1939 1504 2008 modus
1549 1947 1720 2008 recte
1757 1941 2170 2008 determinari
2211 1941 2465 2010 videtur
2504 1965 2623 2032 per

333 2063 470 2131 haec
495 2061 725 2128 verba:
757 2062 869 2126 Ita
892 2055 1263 2124 habitualis
1300 2067 1364 2122 et
1389 2055 1675 2138 intensa,
1702 2067 1777 2122 uc
1798 2055 2135 2124 hominem
2161 2055 2465 2146 proxime
2490 2055 2627 2124 dis-

331 2185 545 2267 ponat
582 2171 674 2240 ad
696 2169 1027 2262 aqendum
1057 2169 1255 2258 facile
1281 2181 1344 2236 et
1372 2168 1712 2238 ordinarie
1739 2170 1954 2259 juxta
1994 2170 2245 2239 Christi
2279 2185 2629 2262 praecepta

334 2301 400 2356 et
441 2285 737 2356 consilia.
765 2285 863 2352 Ad
889 2283 1061 2372 quod
1103 2283 1619 2372 patefaciendum
1669 2284 2266 2374 duo-requiruntur
2324 2292 2387 2352 et
2432 2284 2629 2354 suffi—

277 2465 284 2474 .
333 2406 559 2473 ciunt:
594 2403 834 2491 primo,
862 2406 934 2466 ut
980 2398 1176 2466 homo
1216 2398 1495 2487 quinon
1536 2399 1732 2470 habet
1759 2399 1951 2468 illum
1982 2402 2309 2470 charitatis
2348 2401 2629 2472 modurn

335 2518 652 2609 perfectus
702 2513 832 2583 dici
881 2520 1192 2602 nequeat3
1251 2515 1561 2601 secundo,
1611 2520 1684 2582 ut
1734 2516 1928 2583 homo
1966 2518 2081 2606 qui
2134 2517 2257 2586 hoc
2310 2518 2503 2588 modo
2544 2541 2632 2587 ex

338 2633 643 2702 charitate
689 2627 1056 2722 disponitur
1108 2627 1429 2720 perfectus
1473 2627 1788 2699 dicendus
1815 2632 1917 2700 sit.
1970 2632 2187 2722 Atqui
2260 2641 2629 2723 utrumque

335 2746 808 2818 admittendum
849 2745 1126 2813 videtur.
1161 2743 1327 2813 Nam
1373 2765 1805 2834 quaecumque
1844 2746 1927 2813 sit
1983 2747 2271 2814 hominis
2318 2747 2627 2832 charitas,

339 2865 392 2930 si
429 2862 757 2931 ordinarie
785 2865 1044 2949 peccata
1079 2859 1358 2928 venialia
1385 2880 1521 2927 non
1554 2859 1810 2945 devitet,
1852 2859 1908 2928 si
1938 2861 2203 2929 consilia
2240 2863 2629 2952 evangelica

335 3000 468 3046 non
507 2983 834 3066 sequatur,
865 2975 920 3042 si
963 2973 1425 3064 cupiditatibus
1473 2974 1605 3044 suis
1656 2973 1793 3064 (etsi
1832 2996 1965 3043 non
2007 2998 2211 3066 usque
2251 2977 2331 3044 ad
2377 2979 2631 3067 peccati

333 3091 622 3160 mortalis
676 3089 958 3182 lapsum)
1017 3089 1374 3178 indulgeat,
1433 3089 1718 3179 profecto
1764 3090 2081 3180 perfectus
2116 3113 2247 3160 non
2284 3098 2399 3160 est.
2447 3091 2632 3182 Ergo

283 3181 290 3190 ⁴
334 3206 412 3274 ad
451 3205 904 3292 perfectionem
948 3225 1200 3272 necesse
1243 3210 1364 3292 est,
1423 3210 1499 3271 ut
1541 3204 1777 3293 agendi
1819 3207 1980 3275 ratio
2013 3205 2348 3275 ordinarie
2376 3207 2629 3277 Christi

334 3321 667 3413 praeceptis
713 3327 774 3386 et
817 3317 1104 3388 consiliis
1125 3326 1454 3389 consonet.
1488 3319 1649 3388 Item
1701 3321 1814 3410 qui
1866 3329 2083 3412 ageret
2130 3323 2395 3412 quidem
2440 3325 2629 3394 ordi-

334 3437 515 3506 narie
556 3456 734 3503 more
789 3437 1246 3526 perfectorum,
1301 3435 1410 3504 sed
1464 3435 1754 3519 difficile,
1802 3444 1865 3504 et
1907 3438 1995 3506 ita
2063 3445 2138 3506 ut
2190 3439 2281 3508 ad
2324 3441 2625 3528 singulos

335 3550 654 3642 ejusmodi
691 3557 871 3618 actus
918 3572 1181 3619 summo
1223 3558 1461 3620 conatu
1504 3573 1667 3645 opus
1716 3562 1905 3641 esset,
1950 3575 2365 3646 nequaquam
2401 3555 2622 3626 adhuc

333 3669 651 3758 perfectus
711 3667 1053 3736 diceretur.
1139 3665 1455 3736 Deficeret
1531 3689 1769 3758 nempe
1822 3691 1859 3738 a
1922 3667 2312 3760 perfectione
2366 3673 2621 3742 ratione

335 3780 668 3850 facilitatis,
725 3779 897 3869 Ergo
937 3781 1017 3848 ad
1068 3782 1529 3870 perfectionem
1582 3803 1835 3852 necesse
1886 3790 2005 3871 est,
2053 3805 2181 3853 non
2230 3791 2485 3853 tantum
2542 3793 2619 3854 ut

335 3893 695 3985 ordinarie,
735 3894 843 3964 sed
865 3901 940 3964 ut
961 3896 1160 3986 facile
1187 3896 1380 3965 etiam
1406 3899 1592 3985 juxta
1638 3894 1875 3967 Christi
1909 3905 2225 3991 praecepta
2256 3905 2319 3968 et
2345 3899 2619 3969 consilia

335 4018 584 4099 agatur.
641 4009 838 4081 Porro
892 4019 964 4080 ut
1021 4015 1168 4102 quis
1221 4013 1417 4103 possit
1473 4018 1646 4081 certo
1690 4015 1881 4083 modo
1940 4037 2128 4109 agere
2161 4015 2502 4086 ordinarie
2547 4025 2613 4084 et

332 4124 561 4211 facile,
623 4123 808 4193 debet
871 4148 1005 4195 esse
1089 4127 1167 4195 ad
1228 4125 1552 4216 agendum
1638 4127 1760 4196 hoc
1829 4130 2021 4199 modo
2086 4131 2498 4200 habitualiter
2551 4140 2617 4200 et

335 4240 624 4328 proxime
645 4238 1014 4330 dispositus.
1051 4241 1223 4333 Ergo
1254 4263 1477 4311 revera
1504 4243 1630 4311 nisi
1678 4265 1751 4312 ea
1800 4245 1959 4314 insit
1998 4246 2255 4314 homini
2307 4247 2605 4328 charitaS‚

332 4376 477 4444 quae
527 4377 679 4426 eum
733 4359 1380 4450 proxime-disponat
1422 4355 1502 4427 ad
1556 4361 1881 4448 agendum
1929 4361 2251 4431 ordinarie
2309 4371 2371 4432 et
2424 4361 2610 4430 facile
