2834 4959
1178 392 1329 443 PARS
1372 394 1618 447 TERTIA.
2353 392 2476 451 469

198 576 209 583 .
296 544 335 585 α
368 518 513 589 Hoc
544 517 875 587 decretum
908 512 1026 585 SS.
1066 514 1149 585 D.
1186 514 1270 586 N.
1306 516 1658 607 Gregorius
1701 516 1828 589 ΡΡ.
1871 516 2025 589 XVI
2061 518 2132 588 in
2169 521 2496 595 audientia

214 664 249 704 u
274 634 499 706 habita
542 655 581 702 a
624 630 705 701 D.
768 632 1107 701 secretario
1152 630 1219 703 S.
1281 630 1850 722 Congregationis,
1897 636 2170 725 negotiis
2225 643 2287 706 et
2338 658 2496 709 con-

212 777 245 817 «
272 747 735 819 sultationibus
790 745 1265 839 Episcoporum
1320 754 1382 816 et
1453 749 1858 839 regularium
1905 749 2315 845 'praepositae,
2367 753 2489 823 hac

206 892 244 933 «
275 866 387 935 die
422 864 463 934 3
500 864 777 933 octobris
816 884 925 933 an.
974 860 1173 951 1834,
1214 868 1431 931 ratum
1471 864 1540 931 in
1585 865 1891 935 omnibus
1931 866 2184 955 habuit,
2222 872 2283 937 et
2329 890 2492 937 con—

214 1008 253 1048 «
281 980 591 1064 firmavit,
640 985 704 1049 et
742 979 979 1049 servari
1024 979 1375 1049 mandavit.
1427 1018 1520 1031 —
1563 979 1828 1051 Carolus
1877 981 2068 1053 Card.
2121 981 2494 1054 Odescalchi

218 1124 253 1167 t(
282 1096 649 1190 praefectus.
680 1134 771 1147 -
794 1092 1030 1163 Joann.
1062 1094 1373 1184 Archiep.
1404 1094 1773 1186 Ephesinus
1799 1099 2198 1167 secretarius.
2228 1122 2264 1163 »

298 1212 381 1283 ll.
418 1216 768 1281 Decretum
798 1212 867 1280 S.
903 1211 1450 1302 Conqreqationis
1475 1212 1938 1303 Inquisitionis
1968 1214 2139 1281 anni
2169 1213 2362 1285 1837.
2394 1252 2486 1269 -

218 1354 253 1395 ι(
284 1326 841 1398 Reverendissime
892 1322 1075 1394 Pater
1132 1326 1245 1417 (1).
1301 1363 1393 1380 --
1441 1325 1536 1397 De
1583 1325 1970 1419 Trappensis
2027 1330 2292 1399 familiae
2343 1351 2480 1401 mo·

216 1472 257 1514 a
286 1443 588 1513 nasteriis
626 1441 823 1510 isthic
860 1440 1129 1510 feliciter
1156 1440 1488 1524 restitutis,
1517 1444 1836 1515 nonnulla
1871 1443 2220 1514 identidem
2261 1446 2486 1533 dubia,

219 1586 255 1627 α
281 1560 363 1629 ad
400 1558 469 1628 S.
514 1558 733 1626 sedem
786 1556 1227 1648 Apostolicam
1277 1557 1482 1626 delata
1528 1565 1705 1627 sunt.
1761 1557 1852 1627 Ea
1903 1558 2174 1651 proinde
2224 1562 2497 1632 sanctis-

211 1701 247 1743 «
277 1674 493 1744 simus
536 1671 859 1741 Dominus
916 1670 1146 1741 Noster
1197 1672 1592 1741 discutienda
1651 1674 1980 1744 commisit
2029 1674 2486 1745 Eminentissi-

211 1814 251 1857 (ι
280 1792 415 1859 mis
460 1786 763 1855 Patribus
801 1784 1249 1855 Cardinalihus
1298 1785 1366 1855 S.
1410 1786 1942 1878 Congregationis
1990 1790 2192 1857 sancti
2227 1789 2442 1859 Officii
2465 1816 2486 1877 3

214 1935 257 1977 α
287 1915 483 1997 atque
533 1908 830 1977 universa
876 1908 971 1975 rei
1020 1906 1269 1976 ratione
1314 1928 1650 1997 perpensa,
1693 1908 2072 1995 cunctisque
2124 1930 2240 1997 pro
2281 1910 2484 1998 ipsius

219 2048 261 2089 a
290 2023 569 2092 instituti
625 2042 701 2090 ac
763 2027 1127 2113 temporum
1202 2021 1622 2111 locorumque
1701 2022 2068 2091 conditione
2137 2023 2486 2091 momentis

212 2165 251 2209 «t
276 2158 633 2229 ‘causarum
690 2136 1173 2219 animadversiS,
1240 2134 1554 2206 Sanctitas
1631 2134 1787 2222 Sua,
1841 2134 1950 2204 die
2016 2136 2230 2227 prima
2286 2136 2484 2226 hujus

216 2282 255 2323 α
286 2254 555 2336 mensis»,
592 2274 665 2323 ex
708 2251 971 2322 Patrum
1010 2252 1385 2323 eorumdem
1425 2252 1717 2340 consilio,
1761 2252 2042 2323 decrevit
2076 2263 2232 2322 vota
2277 2255 2488 2345 Trap-

216 2397 255 2437 (ι
279 2370 619 2461 pen-sium,
650 2390 799 2460 quoe
840 2368 925 2437 ab
961 2389 1040 2437 ea
1078 2366 1183 2437 die
1208 2368 1281 2437 in
1301 2379 1640 2462 posterum
1676 2368 1860 2437 intra
1895 2368 2064 2459 fines
2103 2368 2486 2441 Galliarum

214 2510 251 2555 α
282 2484 482 2577 requi
500 2484 985 2573 mitterentur,
1014 2496 1341 2575 tanquam
1359 2484 1707 2575 simplicia
1731 2483 2040 2555 habenda
2067 2507 2196 2555 esse
2206 2506 2237 2571 ;
2257 2485 2482 2576 idque,

216 2624 255 2665 α
282 2599 493 2669 donec
530 2598 715 2669 aliter
752 2622 791 2669 a
837 2600 983 2671 sede
1018 2597 1379 2691 Apostolica
1423 2604 1752 2666 statuatur.
1802 2599 1904 2668 Ad
1951 2608 2096 2671 vota
2137 2623 2292 2671 vero
2339 2608 2486 2671 ante

218 2739 257 2780 α
285 2716 521 2785 emissa
558 2716 731 2805 quod
774 2718 1027 2803 attinet,
1076 2714 1516 2785 sanctissimus
1563 2712 1910 2798 Dominus,
1951 2716 2350 2804 gravissimis
2387 2738 2494 2786 ra-

214 2831 581 2902 «tionibus
616 2832 1079 2903 abstinendum
1133 2829 1387 2901 censuit
1439 2850 1478 2898 a
1529 2848 1920 2919 quocunque
1989 2828 2238 2918 judicio
2310 2830 2484 2899 circa

212 2972 249 3013 α
275 2946 512 3015 eadem
548 2946 955 3036 proferendo.
998 2944 1154 3015 Haec
1192 2946 1364 3015 idem
1406 2943 1846 3013 sanctissimus
1873 2940 2060 3010 Pater
2090 2941 2242 3024 tibi,
2291 2943 2490 3013 Reve-

212 3087 249 3131 «
276 3060 673 3131 rendissime
701 3059 911 3149 Pater,
940 3061 1297 3153 significata
1322 3060 1546 3145 voluit,
1573 3067 1648 3127 ut
1675 3054 1900 3150 perte,
1927 3058 2172 3128 caeteris
2195 3079 2340 3149 quae
2365 3058 2486 3127 tibi

212 3200 251 3241 α
276 3168 577 3266 subjecta
614 3182 769 3245 sunt
804 3178 1238 3264 monasteriis,
1280 3176 1840 3245 denuntiarentur.
1889 3174 2024 3263 Ego
2078 3181 2292 3243 autem
2331 3175 2494 3245 San-

216 3316 253 3359 «
281 3289 525 3362 ctitatis
570 3288 719 3361 Suae
772 3292 1093 3361 mandatis
1136 3293 1506 3379 obsecutus,
1559 3310 1787 3382 precor
1848 3296 1922 3357 ut
1973 3289 2084 3358 diu
2143 3291 2352 3361 valeas
2419 3293 2485 3359 in

212 3434 251 3475 a
280 3406 599 3477 Domino.
648 3446 737 3461 -
786 3407 1032 3495 Romae,
1079 3428 1153 3477 ex
1208 3404 1401 3477 Sacra
1455 3404 1960 3496 Congregatione
2021 3402 2492 3500 Episcoporum

213 3548 251 3589 ι
280 3528 351 3591 et
389 3521 821 3610 regularium,
859 3523 967 3592 die
1002 3522 1091 3592 24
1132 3522 1350 3593 martii
1396 3518 1594 3591 1837.
1631 3558 1722 3575 —-
1757 3518 1882 3589 Tui
1919 3520 2265 3603 studiosus,
2301 3520 2360 3587 J.
2403 3519 2487 3587 A.

210 3663 249 3707 «t
276 3635 481 3707 eard.
528 3636 679 3707 Sala
716 3620 1074 3727 praefectus.
1110 3674 1198 3689 —
1235 3633 1293 3704 J.
1338 3634 1710 3704 patriarcha
1745 3632 1820 3704 C.
1872 3634 1955 3705 R.
2008 3633 2410 3702 secretarius.
2452 3656 2488 3697 n

308 3750 425 3819 ΠΙ.
476 3755 832 3821 Decretum
883 3754 1116 3823 Sacroe
1162 3750 1706 3843 Conqreqationis
1741 3750 2229 3843 Episcoporum
2279 3758 2344 3817 et
2396 3769 2499 3816 re·

204 3865 563 3961 qularium
608 3866 777 3936 anni
819 3867 1015 3939 1839.
1067 3905 1159 3922 -
1210 3891 1244 3935 α
1272 3866 1460 3935 Pater
1513 3866 1712 3936 abbas
1761 3870 2134 3957 procurator
2180 3863 2498 3957 generalis

216 4010 257 4053 α
293 3983 817 4074 congregationis
866 3983 1339 4053 monachorum
1391 3980 1920 4051 cisterciensium
1985 3978 2064 4049 B.
2121 3976 2210 4047 Μ.
2276 3975 2362 4046 V.
2423 3977 2500 4045 de

222 4125 261 4167 ι
289 4098 555 4192 Trappa
582 4100 655 4169 in
682 4096 917 4185 Gallia,
948 4103 1022 4169 ut
1047 4096 1261 4167 omnis
1290 4094 1630 4167 dubitandi
1661 4116 1852 4164 causa
1881 4096 1952 4163 in
1981 4092 2499 4185 interpretatione

224 4240 267 4281 a
294 4215 541 4285 decreti
572 4213 943 4306 incipientis
956 4210 1277 4283 Kalendis
1298 4210 1610 4291 octobris,
1629 4208 1782 4279 editi
1807 4208 1909 4279 die
1935 4206 1974 4277 3
1999 4208 2274 4277 octobris
2299 4204 2496 4292 1834,

294 4477 365 4539 (t)
400 4474 657 4528 nti-ectum
692 4472 793 4526 fuit
822 4472 1083 4525 decretum
1118 4472 1213 4524 hoe
1232 4470 1297 4522 ad
1323 4471 1576 4525 vicarium·
1593 4468 1878 4535 generalem
1898 4467 2262 4535 Trappemlum
2280 4466 2481 4521 Galltoe.
