2834 4959
1138 352 1291 403 PARS
1334 354 1574 405 TERTIA.
2375 354 2498 408 32⁵1

212 474 593 571 Apostolica
618 474 1044 564 obtinuerint,
1092 478 1267 569 qnod
1312 500 1434 571 ego
1479 481 1712 571 ignoro
1759 501 1844 550 an
1891 482 2256 573 contigerit,
2297 486 2505 575 quod-

210 612 349 681 que
376 588 539 681 ipsis
567 586 841 679 probare
880 588 1210 660 incumbit
1255 591 1662 662 documentis
1711 591 1984 676 idoneis,
2039 595 2096 663 si
2145 594 2308 663 forte
2351 616 2503 665 cum

215 704 539 795 Episcopo
583 701 975 773 contendant
1028 710 1107 774 ut
1154 705 1363 797 ipsius
1398 706 1798 779 ordinariam
1837 694 2359 799 jurisdictionem
2401 712 2508 781 de-

216 819 493 889 clinent.

320 936 519 1004 Nota.
554 970 647 985 -
684 932 791 1001 An
828 940 1043 1005 autem
1092 936 1411 1027 ejusmodi
1463 936 1820 1028 Tertiariae,
1847 939 2156 1009 ‚toleratae
2201 942 2306 1032 (ut
2347 962 2513 1032 prae-

226 1046 481 1139 fertur),
526 1048 641 1117 sed
688 1070 821 1119 non
860 1050 1255 1143 approbatas,
1288 1057 1486 1122 status
1513 1053 1803 1145 religiosi
1833 1057 2174 1125 essentiam
2205 1055 2506 1143 habeant,

222 1163 727 1256 expendendum
768 1166 1163 1237 remittimus
1201 1168 1284 1237 ad
1329 1174 1528 1260 caput
1565 1190 1868 1261 sequens,
1901 1170 2018 1240 ubi
2051 1172 2318 1261 quaestio
2357 1194 2506 1241 mo-

224 1280 482 1349 vebitur
526 1279 731 1349 simul
776 1286 841 1349 et
874 1280 955 1351 de
996 1282 1142 1353 aliis
1188 1283 1609 1372 monialibus,
1651 1287 1888 1376 pariter
1927 1288 2208 1358 toleratis
2263 1295 2329 1356 et
2373 1309 2504 1358 non

228 1390 617 1485 approbatis.

1246 1567 1309 1683 g
1354 1566 1468 1637 iv.

290 1734 357 1783 ne
379 1731 649 1787 Tertiariis
676 1746 793 1799 quae
812 1738 865 1786 in
884 1739 1269 1801 congregatione
1286 1738 1468 1789 vivunt
1492 1750 1612 1791 eum
1639 1739 1876 1793 clausura
1903 1743 1960 1791 et
1978 1704 2108 1793 votis
2125 1740 2448 1793 solemnibus.

322 1898 421 1967 De
460 1900 567 1969 his
610 1901 793 1972 nulla
835 1924 975 1972 esse
1021 1910 1224 1995 potest
1266 1904 1644 1993 difficultas,
1695 1906 1853 1997 ipsis
1901 1927 2134 1998 nempe
2184 1908 2516 1998 applican-

234 2016 403 2083 dum
449 2015 623 2084 venit
661 2019 771 2108 J'us
820 2040 1199 2103 commune,
1243 2040 1374 2109 quo
1416 2024 1738 2109 reguntur
1782 2024 2010 2087 caetera
2047 2019 2338 2089 instituta
2366 2042 2516 2087 mo-

230 2130 541 2216 nialium,
586 2135 657 2201 in
704 2134 949 2225 quibus
986 2140 1132 2205 vota
1178 2135 1498 2207 solemnia
1540 2140 2032 2227 nuncupantur.
2079 2138 2166 2205 De
2191 2133 2274 2202 iis
2301 2140 2516 2202 tamen

230 2246 357 2314 sub
381 2245 683 2317 distincta
714 2251 1119 2343 paragrapho
1148 2252 1554 2319 mentionem
1601 2249 1906 2335 facimus,
1924 2270 2044 2334 -ne‚
2098 2248 2183 2317 ob
2227 2248 2518 2318 nominis

226 2362 757 2447 similitudinem,
814 2367 896 2436 ad
949 2368 1118 2458 ipsas
1186 2366 1386 2436 lector
1454 2388 1792 2461 perperam
1871 2363 2168 2436 extendat
2231 2386 2304 2434 ea
2371 2385 2518 2454 quae

232 2476 426 2547 modo
466 2477 775 2561 diximus,
826 2502 980 2550 cum
1034 2478 1113 2550 de
1164 2480 1496 2552 Tertiariis
1549 2482 1895 2573 sejunctim
1943 2480 2338 2567 viventibus,
2371 2486 2517 2548 tum

232 2593 317 2660 de
370 2591 731 2678 TertiariiS,
796 2594 1209 2686 collegialiter
1267 2598 1561 2688 quidem,
1629 2598 1740 2666 sed
1797 2598 2040 2687 absque
2099 2598 2404 2668 clausura
2458 2604 2520 2666 et

236 2713 537 2777 votorum
592 2710 999 2780 solemnitate
1051 2711 1462 2800 degentibus,
1497 2710 1812 2791 Quamvis
1861 2713 2042 2779 enim
2075 2734 2139 2779 a
2195 2712 2518 2803 principio

242 2822 430 2892 tertia
454 2825 676 2914 regula
722 2827 922 2895 sancti
966 2824 1322 2911 Francisci‚
1371 2833 1436 2895 et
1483 2824 1766 2893 aliorum
1815 2824 2122 2893 ordinum
2181 2825 2516 2912 religioso-

234 2960 388 3009 rum
418 2962 537 3031 pro
566 2942 647 3009 iis
674 2943 933 3011 condita
960 2943 1078 3031 sit,
1106 2944 1221 3034 qui
1266 2945 1336 3011 in
1385 2939 1623 3011 saeculo
1669 2959 2007 3015 remanere
2033 2937 2375 3020 debebant,
2409 2940 2518 3008 ni-

236 3054 603 3123 hilominus
652 3056 925 3125 meliora
978 3056 1292 3147 paulatim
1348 3053 1740 3125 charismata
1785 3053 2163 3125 aemulantes
2196 3055 2517 3145 ejusmodi

232 3166 588 3253 Tertiariae‚
630 3173 922 3262 primum
958 3172 1031 3239 in
1066 3173 1631 3263 congregationem
1659 3192 1794 3241 sese
1821 3171 2196 3240 adunarunt
2229 3193 2245 3250 ;
2288 3175 2430 3236 tum
2459 3178 2521 3239 et

239 3286 319 3353 ad
344 3284 809 3376 professionem
863 3308 1019 3357 cum
1058 3290 1221 3357 votis
1262 3287 1668 3359 solemnibus
1696 3286 2032 3356 devenere.
2070 3284 2148 3354 Et
2183 3286 2274 3355 sic
2315 3286 2521 3355 tertia

242 3400 464 3488 regula
507 3400 806 3471 secundoe
848 3424 965 3494 par
1009 3400 1233 3472 effecta
1284 3408 1402 3489 est,
1455 3410 1518 3471 et
1566 3402 1766 3471 veluti
1813 3422 1978 3471 nova
2032 3401 2232 3494 ipsius
2283 3404 2515 3472 forma.

244 3504 429 3575 Unde
473 3506 856 3599 hujusmodi
910 3507 1242 3580 Tertiariis
1296 3509 1759 3601 applicandum
1815 3515 1910 3577 est
1977 3511 2087 3599 jus
2137 3529 2514 3593 commune,

238 3622 481 3712 quibus
527 3624 865 3713 subjacent
911 3646 1137 3696 omnes
1186 3627 1573 3718 generaliter
1611 3624 1948 3709 moniales,
2008 3645 2160 3693 cum
2211 3622 2373 3691 votis
2423 3644 2518 3692 so-

234 3739 570 3809 lemnibus
599 3741 1066 3831 professionem
1103 3743 1493 3812 emittentes·

1278 3880 1470 4035 'gv

540 4108 609 4159 De
639 4110 929 4162 conditione
948 4112 1189 4162 canonica
1217 4116 1442 4163 virorum
1467 4114 1554 4176 qui
1579 4110 1815 4163 Ternarii
1839 4110 2216 4171 nuncupantur.

338 4281 695 4376 Triplicem
760 4286 1053 4377 ipsorum
1130 4288 1411 4381 speciem
1464 4287 1866 4377 distinguere
1915 4306 2172 4357 necesse
2223 4292 2337 4353 est.
2407 4282 2526 4355 Vel

262 4400 437 4468 enim
468 4402 539 4470 in
571 4404 1069 4493 congregatione
1093 4402 1323 4473 vivunt
1370 4410 1436 4471 et
1477 4408 1622 4473 vota
1661 4401 1974 4473 solemnia
2003 4402 2306 4471 emittunt
2337 4426 2356 4471 t
2395 4402 2522 4485 vel,
