2834 4959
1110 362 1261 409 PARS
1305 362 1520 411 TERTIA
1529 394 1546 411 .
1608 390 1619 404 ·
2345 366 2380 421 3
2389 368 2426 423 2
2435 368 2468 423 5

192 512 227 547 α
261 488 327 551 et
362 480 693 571 sexaginta
744 480 827 549 ab
870 480 1043 549 edita
1092 482 1263 550 dicta
1308 486 1766 557 constitutione
1812 487 1912 560 Pii
1962 491 2050 576 V,
2099 499 2164 561 et
2201 514 2316 584 per
2353 516 2469 568 εω-

186 622 221 663 «
252 597 485 665 culum
534 602 597 664 et
642 595 815 665 ultra
862 602 1003 687 post
1040 595 1369 665 decretum
1412 597 1944 691 congregationis
1995 604 2467 698 Episcopor'dm

186 738 221 777 α
246 723 317 780 et
376 709 786 801 regularium
856 716 1227 779 emanatum
1300 711 1391 781 20
1455 714 1816 786 decembris
1871 719 2084 805 1616,
2151 722 2472 811 ejusmodi

184 852 219 889 a
254 825 605 893 Tertiarias
642 823 1065 913 collegialiter
1108 826 1396 895 viventes
1435 828 1738 915 pluribus
1777 833 1850 900 in
1894 833 2076 918 locis,
2119 837 2469 907 scientibus

183 966 221 1005 ι(
254 962 335 1009 ac
366 940 725 1009 tacentibus
770 938 1155 1028 ordinariis,
1202 942 1494 1013 floruisse
1529 966 1606 1013 ac
1651 948 2008 1019 etiamnum
2052 951 2282 1019 florere
2325 952 2465 1022 sine

188 1080 225 1119 (ι
259 1054 589 1143 clausura,
642 1054 1075 1143 declaramus,
1134 1056 1442 1127 volumus
1493 1066 1556 1127 et
1607 1062 2025 1150 mandamus,
2077 1065 2332 1134 easdem
2386 1067 2466 1135 ad

187 1198 221 1233 «
253 1177 551 1240 neutram
578 1169 911 1261 (intelliqe
920 1192 1134 1263 neque
1152 1171 1246 1240 ad
1262 1171 1678 1263 clausuram,
1699 1198 1906 1269 neque
1927 1177 2022 1246 ad
2037 1191 2344 1249 votorum
2363 1203 2468 1249 so·-

192 1312 228 1348 «
261 1285 588 1353 Iemnium
631 1286 1067 1373 emissionem)
1110 1288 1397 1358 absolute
1449 1291 1674 1376 teneri,
1721 1302 1836 1361 aut
1877 1314 2011 1363 esse
2061 1295 2466 1387 compellen-

198 1426 233 1463 α
272 1400 431 1469 das:
468 1422 595 1471 non
626 1400 1033 1471 obstantibus
1065 1406 1488 1474 contrariiS...
1533 1432 1570 1471 »
1607 1406 1820 1498 (Bulla
1847 1410 2231 1499 Pretiosius,
2273 1411 2314 1501 ξ
2347 1411 2462 1499 38,

190 1516 229 1581 7
272 1516 563 1585 calendas
584 1517 763 1606 junii
823 1517 1051 1607 1727.)
1104 1516 1197 1587 Ex
1253 1518 1377 1589 hoc
1431 1520 1824 1593 documento
1867 1531 2037 1615 patet
2082 1546 2209 1594 non
2262 1526 2456 1597 luisse

186 1632 493 1701 extinctas
512 1630 715 1701 dictas
750 1631 1093 1701 Tertiarias
1118 1640 1260 1723 post
1290 1634 1355 1703 S.
1391 1633 1493 1704 Pii
1515 1634 1580 1705 V
1603 1639 2155 1709 constitutionem.

274 1746 343 1815 2⁰
402 1746 871 1830 Nihilominus,
931 1755 1081 1817 ante
1136 1748 1556 1819 Benedictum
1608 1751 1796 1836 XIII,
1865 1755 2044 1824 sedes
2094 1756 2461 1847 Apostolica

186 1882 295 1931 eas
346 1862 649 1931 duntaxat
696 1863 1013 1952 toleravit,
1076 1885 1209 1932 non
1266 1873 1484 1933 autem
1531 1888 1822 1958 expresse
1873 1871 2276 1960 approbavit,
2347 1894 2466 1941 nec

190 1978 261 2047 S.
337 1976 438 2046 Pii
498 1978 561 2047 V
612 1981 1044 2049 constitutioni
1098 2002 1387 2071 expresse
1457 1983 1807 2073 derogavit.
1883 1984 2208 2075 Equidem
2262 1986 2466 2055 Bene·

186 2093 401 2163 dictus
438 2093 625 2184 XIII,
675 2097 741 2163 in
797 2096 985 2166 citata
1040 2099 1522 2187 constitutione,
1577 2099 1811 2190 allegat
1857 2101 2096 2171 litteras
2143 2102 2464 2191 Apostoli-

186 2230 289 2278 cas
326 2208 677 2279 Clementis
717 2210 803 2281 IX
836 2212 1041 2302 (alias
1063 2214 1452 2305 propos-ins,
1491 2215 1574 2285 10
1601 2216 2034 2287 decemmbris
2076 2216 2294 2305 1667).
2331 2216 2456 2287 Sed

186 2328 315 2395 istae
363 2326 597 2395 litterae
635 2347 765 2394 non
815 2327 963 2416 plus
998 2337 1377 2419 supponunt
1402 2352 1601 2421 quam
1631 2353 1877 2401 meram
1915 2333 2352 2417 tolerantiam,
2391 2338 2466 2401 ut

184 2441 399 2513 lectori
432 2438 701 2533 patebit,
748 2442 806 2511 si
832 2442 1006 2533 ipsas
1041 2444 1245 2515 adeat.
1280 2446 1464 2517 Unde
1493 2470 1700 2540 usque
1726 2450 1807 2518 ad
1835 2448 2260 2519 Benedictum
2297 2448 2457 2519 XIII

184 2555 247 2625 S.
298 2556 416 2626 Pii
452 2556 515 2626 V
556 2558 1001 2627 constitutioni
1035 2581 1072 2628 a
1104 2561 1251 2629 sede
1296 2564 1658 2652 Apostolica
1695 2588 1826 2635 non
1862 2566 1984 2635 ruit
2019 2588 2312 2658 expresse
2343 2567 2458 2635 de-

186 2681 508 2761 rogatum.
561 2674 865 2741 Attamen
920 2672 1055 2745 istae
1098 2672 1434 2743 Tertiariae
1481 2677 1946 2763 tolerabantur,
1989 2688 2051 2748 et
2095 2683 2217 2749 sub
2261 2682 2458 2749 Ordi-

194 2789 527 2858 nariorum
576 2788 1029 2878 jurisdictione
1086 2789 1647 2879 relinquebantur.
1723 2816 1758 2856 α
1816 2790 2008 2860 Sedes
2093 2793 2460 2882 Apostolica

196 2930 231 2968 α
260 2904 499 2995 (inquit
540 2902 929 2973 Benedictus
971 2902 1151 2995 XIV)
1196 2906 1283 2973 ita
1314 2926 1382 2974 se
1425 2906 1643 2995 gessit,
1683 2911 1757 2972 ut
1800 2906 2052 2973 easdem
2089 2906 2458 2991 Tertiarias,

197 3044 227 3083 α
253 3041 385 3094 non
431 3019 698 3109 quidem
742 3040 861 3089 sua
899 3022 1272 3092 auctoritate
1314 3020 1638 3111 probaret,
1691 3020 1800 3089 sed
1848 3019 1992 3089 illas
2032 3021 2350 3107 toleraret,
2401 3027 2464 3089 et

196 3158 232 3198 tt
256 3134 597 3227 Episcopis
646 3134 965 3224 subjectas
1009 3135 1388 3205 declararet.
1446 3160 1482 3201 ι)
1541 3135 1736 3226 (Inst.
1787 3134 2037 3217 eccles„
2083 3136 2234 3203 inst.
2306 3135 2459 3221 105,

188 3270 249 3316 n.
294 3248 443 3339 76.)
486 3248 666 3319 Idem
710 3256 957 3319 constat
994 3272 1087 3323 ex.
1114 3251 1309 3319 variis
1346 3250 1414 3321 S.
1451 3250 2044 3341 congregationum
2083 3250 2464 3320 declaratio-

190 3366 421 3451 nibus3
464 3386 502 3434 e
532 3366 771 3455 quibus
824 3372 1201 3455 sequentem
1252 3366 1590 3435 adduxisse
1636 3368 1787 3437 satis
1827 3366 1970 3435 erit.
2017 3368 2184 3437 Cum
2227 3390 2462 3461 nempe

190 3482 255 3549 in
312 3482 565 3551 dioecesi
616 3480 1019 3566 Sarzanensi,
1073 3482 1285 3571 quoad
1340 3483 1691 3570 quemdam
1750 3490 2146 3551 conventum
2199 3487 2464 3553 monia-

184 3596 375 3685 lium,
422 3598 629 3667 sancti
673 3596 1007 3666 Francisci
1049 3597 1341 3666 instituto
1381 3596 1809 3679 addictarum,
1859 3597 1969 3667 sed
2009 3599 2251 3687 absque
2278 3599 2464 3668 clau-

190 3730 342 3778 sura
372 3715 437 3779 et
482 3708 879 3777 solemnibus
915 3709 1081 3777 votis
1123 3708 1527 3799 degentium,
1575 3709 1858 3777 dubium
1891 3716 2259 3777 moveretur
2297 3730 2462 3799 num

190 3826 353 3887 esset
392 3818 474 3888 ab
516 3818 818 3911 Episcopi
859 3819 1311 3909 jurisdictione
1352 3826 1710 3911 exemptus,
1755 3842 1794 3889 a
1829 3818 1900 3893 S.
1950 3820 2462 3909 congregatione

190 3932 491 4023 Concilii,
511 3933 601 4003 30
618 3934 907 4023 januarii
930 3934 1130 4019 1723,
1150 3955 1536 4025 responsum
1565 3941 1660 4003 est
1684 3958 1704 4003 ε
1737 3934 2315 4005 Con-servatorium
2337 3955 2467 4002 esse

188 4049 558 4141 subjectum
572 4048 970 4118 omnimodoe
972 4048 1432 4140 jurisdictioni
1439 4051 1782 4143 Episcopi,
1797 4050 1966 4119 citra
1979 4062 2204 4119 tamen
2215 4070 2466 4141 appro-

194 4166 531 4236 bationem
550 4170 771 4236 Sacroe
796 4167 1347 4259 Conqreqationis
1366 4166 1591 4258 quoad
1613 4165 1864 4235 dictum
1885 4167 2461 4235 commmodum.

190 4280 317 4352 Ubi
346 4282 629 4351 notanda
654 4290 749 4351 est
776 4282 1067 4351 clausula
1087 4282 1251 4368 haec,
1284 4283 1456 4351 citra
1479 4294 1700 4351 tamen
1728 4280 2280 4374 approbationem
2295 4272 2322 4350 '.·
2357 4302 2468 4375 per

194 4396 375 4469 illam
408 4399 659 4489 quippe
704 4398 1097 4490 impediebat
1134 4397 1203 4467 S.
1244 4397 1693 4489 congregatio,
1743 4390 1822 4466 ne
1857 4398 1995 4467 haec
2025 4420 2140 4467 sua
2174 4398 2467 4469 declara-
