<?xml version="1.0" encoding="UTF-8"?>
<!DOCTYPE html PUBLIC "-//W3C//DTD XHTML 1.0 Transitional//EN"
    "http://www.w3.org/TR/xhtml1/DTD/xhtml1-transitional.dtd">
<html xmlns="http://www.w3.org/1999/xhtml" xml:lang="en" lang="en">
 <head>
  <title>
</title>
<meta http-equiv="Content-Type" content="text/html;charset=utf-8" />
  <meta name='ocr-system' content='tesseract 3.04.00' />
  <meta name='ocr-capabilities' content='ocr_page ocr_carea ocr_par ocr_line ocrx_word'/>
</head>
<body>
  <div class='ocr_page' id='page_1' title='image "./tractatusdejure01unkngoog_0260.png"; bbox 0 0 2834 4959; ppageno 0'>
   <div class='ocr_carea' id='block_1_1' title="bbox 433 379 2114 438">
    <p class='ocr_par' dir='ltr' id='par_1_1' title="bbox 433 379 2114 438">
     <span class='ocr_line' id='line_1_1' title="bbox 433 379 2114 438; baseline -0.003 -1"><span class='ocrx_word' id='word_1_1' title='bbox 433 379 559 438; x_wconf 74' lang='lat'><strong>242</strong></span> <span class='ocrx_word' id='word_1_2' title='bbox 998 385 1337 434; x_wconf 68' lang='lat' dir='ltr'><strong>moruus</strong></span> <span class='ocrx_word' id='word_1_3' title='bbox 1382 385 1462 430; x_wconf 83' lang='lat' dir='ltr'><strong>m:</strong></span> <span class='ocrx_word' id='word_1_4' title='bbox 1507 385 1657 432; x_wconf 73' lang='lat' dir='ltr'><strong>sune</strong></span> <span class='ocrx_word' id='word_1_5' title='bbox 1699 385 2114 432; x_wconf 68' lang='lat' dir='ltr'><strong>anonumum.</strong></span> 
     </span>
    </p>
   </div>
   <div class='ocr_carea' id='block_1_2' title="bbox 390 501 2706 830">
    <p class='ocr_par' dir='ltr' id='par_1_2' title="bbox 390 501 2706 830">
     <span class='ocr_line' id='line_1_2' title="bbox 390 501 2706 592; baseline -0.002 -11"><span class='ocrx_word' id='word_1_6' title='bbox 390 559 393 562; x_wconf 86' lang='lat'><em>-</em></span> <span class='ocrx_word' id='word_1_7' title='bbox 432 513 645 581; x_wconf 88' lang='lat' dir='ltr'><strong>derate</strong></span> <span class='ocrx_word' id='word_1_8' title='bbox 669 527 707 576; x_wconf 89' lang='lat' dir='ltr'><strong>a</strong></span> <span class='ocrx_word' id='word_1_9' title='bbox 734 503 1079 574; x_wconf 82' lang='lat' dir='ltr'><strong>Melchiore</strong></span> <span class='ocrx_word' id='word_1_10' title='bbox 1118 501 1295 572; x_wconf 88' lang='lat' dir='ltr'><strong>Cano</strong></span> <span class='ocrx_word' id='word_1_11' title='bbox 1335 501 1454 572; x_wconf 89' lang='lat' dir='ltr'><strong>hac</strong></span> <span class='ocrx_word' id='word_1_12' title='bbox 1475 502 1554 570; x_wconf 91' lang='lat' dir='ltr'><strong>de</strong></span> <span class='ocrx_word' id='word_1_13' title='bbox 1583 525 1652 574; x_wconf 89' lang='lat' dir='ltr'><strong>re</strong></span> <span class='ocrx_word' id='word_1_14' title='bbox 1680 502 1890 586; x_wconf 87' lang='lat' dir='ltr'><strong>dicta;</strong></span> <span class='ocrx_word' id='word_1_15' title='bbox 1927 510 2118 592; x_wconf 87' lang='lat' dir='ltr'><strong>atque</strong></span> <span class='ocrx_word' id='word_1_16' title='bbox 2147 523 2226 572; x_wconf 84' lang='lat' dir='ltr'><strong>ex</strong></span> <span class='ocrx_word' id='word_1_17' title='bbox 2277 502 2357 571; x_wconf 90' lang='lat' dir='ltr'><strong>iis</strong></span> <span class='ocrx_word' id='word_1_18' title='bbox 2395 503 2706 576; x_wconf 72' lang='lat' dir='ltr'><strong>duntaxat</strong></span> 
     </span>
     <span class='ocr_line' id='line_1_3' title="bbox 428 617 2704 712; baseline -0.002 -18"><span class='ocrx_word' id='word_1_19' title='bbox 428 623 888 712; x_wconf 82' lang='lat' dir='ltr'><strong>colligendum,</strong></span> <span class='ocrx_word' id='word_1_20' title='bbox 919 639 1113 710; x_wconf 89' lang='lat' dir='ltr'><strong>quam</strong></span> <span class='ocrx_word' id='word_1_21' title='bbox 1142 617 1329 686; x_wconf 85' lang='lat' dir='ltr'><strong>facile</strong></span> <span class='ocrx_word' id='word_1_22' title='bbox 1358 617 1616 686; x_wconf 87' lang='lat' dir='ltr'><strong>sinistra</strong></span> <span class='ocrx_word' id='word_1_23' title='bbox 1641 617 1709 687; x_wconf 92' lang='lat' dir='ltr'><strong>in</strong></span> <span class='ocrx_word' id='word_1_24' title='bbox 1735 639 1931 688; x_wconf 84' lang='lat' dir='ltr'><strong>novas</strong></span> <span class='ocrx_word' id='word_1_25' title='bbox 1970 617 2316 708; x_wconf 81' lang='lat' dir='ltr'>religiones</span> <span class='ocrx_word' id='word_1_26' title='bbox 2358 619 2588 709; x_wconf 89' lang='lat' dir='ltr'><strong>opinio</strong></span> <span class='ocrx_word' id='word_1_27' title='bbox 2636 642 2704 690; x_wconf 84' lang='lat' dir='ltr'><strong>ac</strong></span> 
     </span>
     <span class='ocr_line' id='line_1_4' title="bbox 426 733 2702 830; baseline -0.002 -20"><span class='ocrx_word' id='word_1_28' title='bbox 426 738 738 830; x_wconf 76' lang='lat' dir='ltr'><strong>zelotypia</strong></span> <span class='ocrx_word' id='word_1_29' title='bbox 764 737 936 805; x_wconf 78' lang='lat' dir='ltr'><strong>viros</strong></span> <span class='ocrx_word' id='word_1_30' title='bbox 962 736 1155 804; x_wconf 89' lang='lat' dir='ltr'><strong>etiam</strong></span> <span class='ocrx_word' id='word_1_31' title='bbox 1202 733 1616 823; x_wconf 84' lang='lat' dir='ltr'><strong>gravissimos</strong></span> <span class='ocrx_word' id='word_1_32' title='bbox 1661 733 2004 820; x_wconf 82' lang='lat' dir='ltr'><strong>obcaecare,</strong></span> <span class='ocrx_word' id='word_1_33' title='bbox 2037 741 2226 825; x_wconf 83' lang='lat' dir='ltr'><strong>atque</strong></span> <span class='ocrx_word' id='word_1_34' title='bbox 2269 735 2340 802; x_wconf 91' lang='lat' dir='ltr'><strong>in</strong></span> <span class='ocrx_word' id='word_1_35' title='bbox 2382 740 2702 806; x_wconf 82' lang='lat' dir='ltr'><strong>transver-</strong></span> 
     </span>
    </p>
   </div>
   <div class='ocr_carea' id='block_1_3' title="bbox 422 851 2698 1056">
    <p class='ocr_par' dir='ltr' id='par_1_3' title="bbox 422 851 2698 1056">
     <span class='ocr_line' id='line_1_5' title="bbox 422 851 1051 943; baseline -0.019 -14"><span class='ocrx_word' id='word_1_36' title='bbox 422 877 576 928; x_wconf 81' lang='lat' dir='ltr'><strong>sum</strong></span> <span class='ocrx_word' id='word_1_37' title='bbox 608 873 795 943; x_wconf 85' lang='lat' dir='ltr'><strong>agere</strong></span> <span class='ocrx_word' id='word_1_38' title='bbox 822 851 1051 918; x_wconf 82' lang='lat' dir='ltr'><strong>valeat.</strong></span> 
     </span>
     <span class='ocr_line' id='line_1_6' title="bbox 514 961 2698 1056; baseline -0.004 -16"><span class='ocrx_word' id='word_1_39' title='bbox 514 969 885 1040; x_wconf 74' lang='lat' dir='ltr'><strong>Paorosmo</strong></span> <span class='ocrx_word' id='word_1_40' title='bbox 906 963 1039 1034; x_wconf 75' lang='lat'><strong>111⁸.</strong></span> <span class='ocrx_word' id='word_1_41' title='bbox 1062 1001 1153 1016; x_wconf 90' lang='lat'><strong>—</strong></span> <span class='ocrx_word' id='word_1_42' title='bbox 1180 965 1444 1035; x_wconf 79' lang='lat' dir='ltr'><strong>Novum</strong></span> <span class='ocrx_word' id='word_1_43' title='bbox 1467 963 1864 1032; x_wconf 78' lang='lat' dir='ltr'><strong>institutum</strong></span> <span class='ocrx_word' id='word_1_44' title='bbox 1887 985 2024 1032; x_wconf 81' lang='lat' dir='ltr'><strong>non</strong></span> <span class='ocrx_word' id='word_1_45' title='bbox 2049 961 2446 1032; x_wconf 81' lang='lat' dir='ltr'><strong>censendum</strong></span> <span class='ocrx_word' id='word_1_46' title='bbox 2465 976 2564 1032; x_wconf 85' lang='lat' dir='ltr'><strong>est</strong></span> <span class='ocrx_word' id='word_1_47' title='bbox 2589 987 2698 1056; x_wconf 84' lang='lat' dir='ltr'><strong>ap-</strong></span> 
     </span>
    </p>
   </div>
   <div class='ocr_carea' id='block_1_4' title="bbox 416 1077 2779 4274">
    <p class='ocr_par' dir='ltr' id='par_1_4' title="bbox 416 1077 2779 2778">
     <span class='ocr_line' id='line_1_7' title="bbox 416 1077 2693 1181; baseline -0.002 -27"><span class='ocrx_word' id='word_1_48' title='bbox 416 1087 808 1181; x_wconf 83' lang='lat' dir='ltr'><strong>probatum,</strong></span> <span class='ocrx_word' id='word_1_49' title='bbox 838 1081 971 1149; x_wconf 84' lang='lat' dir='ltr'><strong>m&#39;si</strong></span> <span class='ocrx_word' id='word_1_50' title='bbox 990 1081 1199 1170; x_wconf 76' lang='lat' dir='ltr'><strong>juxta</strong></span> <span class='ocrx_word' id='word_1_51' title='bbox 1235 1079 1608 1169; x_wconf 81' lang='lat' dir='ltr'><strong>formulam</strong></span> <span class='ocrx_word' id='word_1_52' title='bbox 1646 1078 1967 1168; x_wconf 79' lang='lat' dir='ltr'><strong>Pontifici</strong></span> <span class='ocrx_word' id='word_1_53' title='bbox 1989 1077 2391 1165; x_wconf 75' lang='lat' dir='ltr'><strong><em>exhibitam,</em></strong></span> <span class='ocrx_word' id='word_1_54' title='bbox 2439 1092 2510 1147; x_wconf 89' lang='lat' dir='ltr'><strong>et</strong></span> <span class='ocrx_word' id='word_1_55' title='bbox 2553 1103 2693 1150; x_wconf 79' lang='lat' dir='ltr'><strong>eum</strong></span> 
     </span>
     <span class='ocr_line' id='line_1_8' title="bbox 424 1189 2694 1284; baseline -0.002 -17"><span class='ocrx_word' id='word_1_56' title='bbox 424 1196 760 1271; x_wconf 78' lang='lat' dir='ltr'><strong>limitibus</strong></span> <span class='ocrx_word' id='word_1_57' title='bbox 783 1194 857 1263; x_wconf 82' lang='lat' dir='ltr'><strong>in</strong></span> <span class='ocrx_word' id='word_1_58' title='bbox 884 1191 1374 1284; x_wconf 79' lang='lat' dir='ltr'><em>approbatione</em></span> <span class='ocrx_word' id='word_1_59' title='bbox 1408 1194 1749 1284; x_wconf 72' lang='lat' dir='ltr'><strong><em>expressis.</em></strong></span> <span class='ocrx_word' id='word_1_60' title='bbox 1775 1229 1867 1244; x_wconf 90' lang='lat'>—</span> <span class='ocrx_word' id='word_1_61' title='bbox 1895 1189 2202 1282; x_wconf 82' lang='lat' dir='ltr'><strong>«Oportet</strong></span> <span class='ocrx_word' id='word_1_62' title='bbox 2225 1192 2583 1281; x_wconf 82' lang='lat' dir='ltr'><strong>advertere,</strong></span> <span class='ocrx_word' id='word_1_63' title='bbox 2606 1197 2694 1262; x_wconf 89' lang='lat' dir='ltr'><strong>in·</strong></span> 
     </span>
     <span class='ocr_line' id='line_1_9' title="bbox 435 1304 2690 1406; baseline -0.002 -24"><span class='ocrx_word' id='word_1_64' title='bbox 435 1337 471 1382; x_wconf 73' lang='grc' dir='ltr'><strong>(ε</strong></span> <span class='ocrx_word' id='word_1_65' title='bbox 486 1307 1375 1406; x_wconf 76' lang='lat' dir='ltr'><strong>quitSuaresiuS,sermonem</strong></span> <span class='ocrx_word' id='word_1_66' title='bbox 1398 1327 1534 1376; x_wconf 91' lang='lat' dir='ltr'><strong>esse</strong></span> <span class='ocrx_word' id='word_1_67' title='bbox 1551 1306 1630 1376; x_wconf 89' lang='lat' dir='ltr'><strong>de</strong></span> <span class='ocrx_word' id='word_1_68' title='bbox 1649 1306 2106 1398; x_wconf 76' lang='lat' dir='ltr'><strong>approbatione</strong></span> <span class='ocrx_word' id='word_1_69' title='bbox 2125 1304 2690 1399; x_wconf 80' lang='lat' dir='ltr'><strong>religionis,quoad</strong></span> 
     </span>
     <span class='ocr_line' id='line_1_10' title="bbox 432 1417 2692 1512; baseline -0.001 -18"><span class='ocrx_word' id='word_1_70' title='bbox 432 1451 471 1494; x_wconf 77' lang='grc' dir='ltr'><strong>α</strong></span> <span class='ocrx_word' id='word_1_71' title='bbox 494 1427 678 1496; x_wconf 84' lang='lat' dir='ltr'><strong>illam</strong></span> <span class='ocrx_word' id='word_1_72' title='bbox 709 1425 1023 1492; x_wconf 87' lang='lat' dir='ltr'><strong>rationem</strong></span> <span class='ocrx_word' id='word_1_73' title='bbox 1080 1427 1528 1511; x_wconf 76' lang='lat' dir='ltr'><strong>praeceptaque</strong></span> <span class='ocrx_word' id='word_1_74' title='bbox 1552 1419 1838 1502; x_wconf 80' lang='lat' dir='ltr'><strong>vivendi,</strong></span> <span class='ocrx_word' id='word_1_75' title='bbox 1867 1441 2018 1509; x_wconf 86' lang='lat' dir='ltr'><strong>quoe</strong></span> <span class='ocrx_word' id='word_1_76' title='bbox 2064 1417 2364 1488; x_wconf 84' lang='lat' dir='ltr'><strong>Pontifici</strong></span> <span class='ocrx_word' id='word_1_77' title='bbox 2409 1442 2692 1512; x_wconf 77' lang='lat' dir='ltr'><strong>expresse</strong></span> 
     </span>
     <span class='ocr_line' id='line_1_11' title="bbox 431 1533 2694 1629; baseline -0.003 -19"><span class='ocrx_word' id='word_1_78' title='bbox 431 1567 467 1610; x_wconf 80' lang='grc' dir='ltr'>α</span> <span class='ocrx_word' id='word_1_79' title='bbox 494 1537 941 1610; x_wconf 84' lang='lat' dir='ltr'><strong>confirmanda</strong></span> <span class='ocrx_word' id='word_1_80' title='bbox 972 1541 1453 1629; x_wconf 84' lang='lat' dir='ltr'><strong>proponuntur.</strong></span> <span class='ocrx_word' id='word_1_81' title='bbox 1487 1533 1656 1604; x_wconf 88' lang='lat' dir='ltr'><strong>Nam</strong></span> <span class='ocrx_word' id='word_1_82' title='bbox 1700 1536 1755 1604; x_wconf 89' lang='lat' dir='ltr'><strong>si</strong></span> <span class='ocrx_word' id='word_1_83' title='bbox 1793 1539 2011 1627; x_wconf 84' lang='lat' dir='ltr'><strong>postea</strong></span> <span class='ocrx_word' id='word_1_84' title='bbox 2035 1533 2332 1626; x_wconf 81' lang='lat' dir='ltr'><strong>specialia</strong></span> <span class='ocrx_word' id='word_1_85' title='bbox 2359 1541 2600 1606; x_wconf 87' lang='lat' dir='ltr'><strong>statuta</strong></span> <span class='ocrx_word' id='word_1_86' title='bbox 2639 1543 2694 1606; x_wconf 86' lang='lat' dir='ltr'><strong>et</strong></span> 
     </span>
     <span class='ocr_line' id='line_1_12' title="bbox 428 1649 2692 1741; baseline -0.001 -19"><span class='ocrx_word' id='word_1_87' title='bbox 428 1681 465 1722; x_wconf 74' lang='grc' dir='ltr'><strong>α</strong></span> <span class='ocrx_word' id='word_1_88' title='bbox 498 1653 987 1724; x_wconf 79' lang='lat' dir='ltr'><strong>constitutiones</strong></span> <span class='ocrx_word' id='word_1_89' title='bbox 1022 1650 1104 1719; x_wconf 89' lang='lat' dir='ltr'><strong>ab</strong></span> <span class='ocrx_word' id='word_1_90' title='bbox 1144 1651 1283 1741; x_wconf 88' lang='lat' dir='ltr'><strong>ipsa</strong></span> <span class='ocrx_word' id='word_1_91' title='bbox 1324 1650 1634 1740; x_wconf 81' lang='lat' dir='ltr'><strong>religione</strong></span> <span class='ocrx_word' id='word_1_92' title='bbox 1665 1649 1848 1736; x_wconf 86' lang='lat' dir='ltr'><strong>fiant,</strong></span> <span class='ocrx_word' id='word_1_93' title='bbox 1888 1669 2022 1720; x_wconf 91' lang='lat' dir='ltr'><strong>non</strong></span> <span class='ocrx_word' id='word_1_94' title='bbox 2067 1649 2306 1721; x_wconf 85' lang='lat' dir='ltr'><strong>habent</strong></span> <span class='ocrx_word' id='word_1_95' title='bbox 2337 1651 2516 1720; x_wconf 89' lang='lat' dir='ltr'><strong>hunc</strong></span> <span class='ocrx_word' id='word_1_96' title='bbox 2543 1673 2692 1740; x_wconf 86' lang='lat' dir='ltr'><strong>gra-</strong></span> 
     </span>
     <span class='ocr_line' id='line_1_13' title="bbox 434 1763 2693 1856; baseline 0.001 -22"><span class='ocrx_word' id='word_1_97' title='bbox 434 1793 469 1834; x_wconf 74' lang='lat'>«</span> <span class='ocrx_word' id='word_1_98' title='bbox 492 1769 653 1838; x_wconf 89' lang='lat' dir='ltr'><strong>dum</strong></span> <span class='ocrx_word' id='word_1_99' title='bbox 694 1766 1125 1846; x_wconf 87' lang='lat' dir='ltr'><strong>certitudinis,</strong></span> <span class='ocrx_word' id='word_1_100' title='bbox 1172 1763 1427 1834; x_wconf 86' lang='lat' dir='ltr'><strong>etiarnsi</strong></span> <span class='ocrx_word' id='word_1_101' title='bbox 1473 1767 1847 1835; x_wconf 83' lang='lat' dir='ltr'><strong>auctoritate</strong></span> <span class='ocrx_word' id='word_1_102' title='bbox 1889 1787 1928 1834; x_wconf 86' lang='lat' dir='ltr'><strong>a</strong></span> <span class='ocrx_word' id='word_1_103' title='bbox 1981 1763 2156 1856; x_wconf 85' lang='lat' dir='ltr'><strong>Papa</strong></span> <span class='ocrx_word' id='word_1_104' title='bbox 2197 1787 2490 1836; x_wconf 88' lang='lat' dir='ltr'><strong>concessa</strong></span> <span class='ocrx_word' id='word_1_105' title='bbox 2533 1768 2693 1836; x_wconf 81' lang='lat' dir='ltr'><strong>iacta</strong></span> 
     </span>
     <span class='ocr_line' id='line_1_14' title="bbox 432 1879 2683 1972; baseline -0 -21"><span class='ocrx_word' id='word_1_106' title='bbox 432 1907 468 1950; x_wconf 72' lang='grc' dir='ltr'>ι</span> <span class='ocrx_word' id='word_1_107' title='bbox 494 1885 651 1972; x_wconf 89' lang='lat' dir='ltr'><strong>sint,</strong></span> <span class='ocrx_word' id='word_1_108' title='bbox 686 1883 891 1953; x_wconf 89' lang='lat' dir='ltr'><strong>donec</strong></span> <span class='ocrx_word' id='word_1_109' title='bbox 932 1883 1003 1950; x_wconf 90' lang='lat' dir='ltr'><strong>in</strong></span> <span class='ocrx_word' id='word_1_110' title='bbox 1055 1880 1427 1972; x_wconf 80' lang='lat' dir='ltr'><strong>particulari</strong></span> <span class='ocrx_word' id='word_1_111' title='bbox 1456 1881 1583 1970; x_wconf 89' lang='lat' dir='ltr'><strong>ipsi</strong></span> <span class='ocrx_word' id='word_1_112' title='bbox 1629 1883 2058 1965; x_wconf 81' lang='lat' dir='ltr'><strong>innotescant,</strong></span> <span class='ocrx_word' id='word_1_113' title='bbox 2083 1885 2147 1950; x_wconf 88' lang='lat' dir='ltr'><strong>et</strong></span> <span class='ocrx_word' id='word_1_114' title='bbox 2175 1879 2288 1951; x_wconf 91' lang='lat' dir='ltr'><strong>illa</strong></span> <span class='ocrx_word' id='word_1_115' title='bbox 2315 1883 2683 1967; x_wconf 87' lang='lat' dir='ltr'><strong>confirmet;</strong></span> 
     </span>
     <span class='ocr_line' id='line_1_15' title="bbox 435 1993 2684 2092; baseline -0 -27"><span class='ocrx_word' id='word_1_116' title='bbox 435 2024 470 2065; x_wconf 76' lang='grc' dir='ltr'><strong>α</strong></span> <span class='ocrx_word' id='word_1_117' title='bbox 496 2001 675 2092; x_wconf 88' lang='lat' dir='ltr'><strong>quia,</strong></span> <span class='ocrx_word' id='word_1_118' title='bbox 717 2006 793 2067; x_wconf 90' lang='lat' dir='ltr'><strong>ut</strong></span> <span class='ocrx_word' id='word_1_119' title='bbox 833 1995 991 2084; x_wconf 85' lang='lat' dir='ltr'><strong>dixi,</strong></span> <span class='ocrx_word' id='word_1_120' title='bbox 1022 1995 1379 2064; x_wconf 79' lang='lat' dir='ltr'><strong>assistentia</strong></span> <span class='ocrx_word' id='word_1_121' title='bbox 1408 1993 1690 2086; x_wconf 86' lang='lat' dir='ltr'><strong>Spiritus</strong></span> <span class='ocrx_word' id='word_1_122' title='bbox 1717 1993 1938 2064; x_wconf 80' lang='lat' dir='ltr'><strong>Sancti</strong></span> <span class='ocrx_word' id='word_1_123' title='bbox 1969 2015 2103 2064; x_wconf 89' lang='lat' dir='ltr'><strong>non</strong></span> <span class='ocrx_word' id='word_1_124' title='bbox 2139 2001 2234 2065; x_wconf 89' lang='lat' dir='ltr'><strong>est</strong></span> <span class='ocrx_word' id='word_1_125' title='bbox 2277 1996 2684 2085; x_wconf 81' lang='lat' dir='ltr'><strong>delegabilis;</strong></span> 
     </span>
     <span class='ocr_line' id='line_1_16' title="bbox 430 2110 2680 2202; baseline 0 -24"><span class='ocrx_word' id='word_1_126' title='bbox 430 2137 466 2178; x_wconf 75' lang='grc' dir='ltr'><strong>α</strong></span> <span class='ocrx_word' id='word_1_127' title='bbox 494 2121 556 2182; x_wconf 91' lang='lat' dir='ltr'><strong>et</strong></span> <span class='ocrx_word' id='word_1_128' title='bbox 581 2113 752 2201; x_wconf 88' lang='lat' dir='ltr'><strong>ideo,</strong></span> <span class='ocrx_word' id='word_1_129' title='bbox 805 2113 954 2182; x_wconf 86' lang='lat' dir='ltr'><strong>licet</strong></span> <span class='ocrx_word' id='word_1_130' title='bbox 1000 2111 1113 2180; x_wconf 89' lang='lat' dir='ltr'><strong>illa</strong></span> <span class='ocrx_word' id='word_1_131' title='bbox 1142 2111 1514 2179; x_wconf 85' lang='lat' dir='ltr'><strong>commissio</strong></span> <span class='ocrx_word' id='word_1_132' title='bbox 1563 2110 1756 2202; x_wconf 81' lang='lat' dir='ltr'><strong>Papae</strong></span> <span class='ocrx_word' id='word_1_133' title='bbox 1800 2110 2082 2179; x_wconf 78' lang='lat' dir='ltr'><strong>valorem</strong></span> <span class='ocrx_word' id='word_1_134' title='bbox 2131 2117 2196 2178; x_wconf 86' lang='lat' dir='ltr'><strong>et</strong></span> <span class='ocrx_word' id='word_1_135' title='bbox 2249 2113 2680 2180; x_wconf 87' lang='lat' dir='ltr'><strong>auctoritatem</strong></span> 
     </span>
     <span class='ocr_line' id='line_1_17' title="bbox 434 2224 2779 2318; baseline 0.002 -24"><span class='ocrx_word' id='word_1_136' title='bbox 434 2253 470 2294; x_wconf 75' lang='grc' dir='ltr'><strong>α</strong></span> <span class='ocrx_word' id='word_1_137' title='bbox 496 2229 777 2318; x_wconf 85' lang='lat' dir='ltr'><strong>praebeat</strong></span> <span class='ocrx_word' id='word_1_138' title='bbox 800 2227 1052 2316; x_wconf 83' lang='lat' dir='ltr'><strong>legibus</strong></span> <span class='ocrx_word' id='word_1_139' title='bbox 1091 2226 1173 2294; x_wconf 88' lang='lat' dir='ltr'><strong>ad</strong></span> <span class='ocrx_word' id='word_1_140' title='bbox 1196 2224 1652 2315; x_wconf 83' lang='lat' dir='ltr'><strong>obligandum,</strong></span> <span class='ocrx_word' id='word_1_141' title='bbox 1703 2227 1759 2295; x_wconf 88' lang='lat' dir='ltr'><strong>si</strong></span> <span class='ocrx_word' id='word_1_142' title='bbox 1815 2229 2095 2298; x_wconf 82' lang='lat' dir='ltr'><strong>honestae</strong></span> <span class='ocrx_word' id='word_1_143' title='bbox 2136 2227 2292 2314; x_wconf 88' lang='lat' dir='ltr'><strong>sint,</strong></span> <span class='ocrx_word' id='word_1_144' title='bbox 2328 2251 2466 2298; x_wconf 88' lang='lat' dir='ltr'><strong>non</strong></span> <span class='ocrx_word' id='word_1_145' title='bbox 2486 2237 2681 2298; x_wconf 87' lang='lat' dir='ltr'><strong>tamen</strong></span> <span class='ocrx_word' id='word_1_146' title='bbox 2778 2269 2779 2298; x_wconf 67' lang='lat'>1</span> 
     </span>
     <span class='ocr_line' id='line_1_18' title="bbox 432 2340 2681 2435; baseline 0 -24"><span class='ocrx_word' id='word_1_147' title='bbox 432 2371 469 2411; x_wconf 73' lang='grc' dir='ltr'><strong>α</strong></span> <span class='ocrx_word' id='word_1_148' title='bbox 502 2344 743 2435; x_wconf 82' lang='lat' dir='ltr'><strong>praebet</strong></span> <span class='ocrx_word' id='word_1_149' title='bbox 794 2344 977 2411; x_wconf 87' lang='lat' dir='ltr'><strong>illam</strong></span> <span class='ocrx_word' id='word_1_150' title='bbox 1051 2340 1468 2410; x_wconf 78' lang='lat' dir='ltr'><strong>infallibilem</strong></span> <span class='ocrx_word' id='word_1_151' title='bbox 1550 2343 1974 2412; x_wconf 85' lang='lat' dir='ltr'><strong>directionem</strong></span> <span class='ocrx_word' id='word_1_152' title='bbox 2033 2345 2105 2412; x_wconf 92' lang='lat' dir='ltr'><strong>in</strong></span> <span class='ocrx_word' id='word_1_153' title='bbox 2167 2346 2454 2413; x_wconf 85' lang='lat' dir='ltr'><strong>cavendo</strong></span> <span class='ocrx_word' id='word_1_154' title='bbox 2523 2347 2681 2414; x_wconf 88' lang='lat' dir='ltr'><strong>omni</strong></span> 
     </span>
     <span class='ocr_line' id='line_1_19' title="bbox 434 2455 2676 2551; baseline 0.001 -27"><span class='ocrx_word' id='word_1_155' title='bbox 434 2483 467 2524; x_wconf 77' lang='grc' dir='ltr'><strong>α</strong></span> <span class='ocrx_word' id='word_1_156' title='bbox 503 2479 743 2543; x_wconf 87' lang='lat' dir='ltr'><strong>errore,</strong></span> <span class='ocrx_word' id='word_1_157' title='bbox 779 2457 896 2548; x_wconf 86' lang='lat' dir='ltr'><strong>qui</strong></span> <span class='ocrx_word' id='word_1_158' title='bbox 922 2457 993 2523; x_wconf 89' lang='lat' dir='ltr'><strong>in</strong></span> <span class='ocrx_word' id='word_1_159' title='bbox 1026 2457 1164 2546; x_wconf 88' lang='lat' dir='ltr'><strong>ipsa</strong></span> <span class='ocrx_word' id='word_1_160' title='bbox 1192 2455 1333 2545; x_wconf 84' lang='lat' dir='ltr'><strong>lege</strong></span> <span class='ocrx_word' id='word_1_161' title='bbox 1362 2457 1810 2528; x_wconf 85' lang='lat' dir='ltr'><strong>constituenda</strong></span> <span class='ocrx_word' id='word_1_162' title='bbox 1866 2459 2122 2532; x_wconf 79' lang='lat' dir='ltr'><strong>misceri</strong></span> <span class='ocrx_word' id='word_1_163' title='bbox 2171 2466 2400 2551; x_wconf 85' lang='lat' dir='ltr'><strong>potest,</strong></span> <span class='ocrx_word' id='word_1_164' title='bbox 2453 2463 2676 2530; x_wconf 85' lang='lat' dir='ltr'><strong>malum</strong></span> 
     </span>
     <span class='ocr_line' id='line_1_20' title="bbox 434 2569 2674 2670; baseline 0.001 -30"><span class='ocrx_word' id='word_1_165' title='bbox 434 2599 470 2640; x_wconf 76' lang='grc' dir='ltr'><strong>α</strong></span> <span class='ocrx_word' id='word_1_166' title='bbox 497 2573 599 2642; x_wconf 79' lang='lat' dir='ltr'><strong>vel</strong></span> <span class='ocrx_word' id='word_1_167' title='bbox 628 2573 858 2642; x_wconf 87' lang='lat' dir='ltr'><strong>inutile</strong></span> <span class='ocrx_word' id='word_1_168' title='bbox 896 2592 1014 2664; x_wconf 88' lang='lat' dir='ltr'><strong>pro</strong></span> <span class='ocrx_word' id='word_1_169' title='bbox 1064 2569 1234 2640; x_wconf 89' lang='lat' dir='ltr'><strong>bono</strong></span> <span class='ocrx_word' id='word_1_170' title='bbox 1288 2577 1350 2640; x_wconf 90' lang='lat' dir='ltr'><strong>et</strong></span> <span class='ocrx_word' id='word_1_171' title='bbox 1392 2572 1540 2640; x_wconf 80' lang='lat' dir='ltr'><strong>utili</strong></span> <span class='ocrx_word' id='word_1_172' title='bbox 1569 2573 2025 2670; x_wconf 82' lang='lat' dir='ltr'><strong>praecipiendo.</strong></span> <span class='ocrx_word' id='word_1_173' title='bbox 2085 2597 2120 2640; x_wconf 64' lang='lat' dir='ltr'><strong>a</strong></span> <span class='ocrx_word' id='word_1_174' title='bbox 2157 2573 2275 2665; x_wconf 91' lang='lat' dir='ltr'><strong>(De</strong></span> <span class='ocrx_word' id='word_1_175' title='bbox 2328 2574 2674 2666; x_wconf 77' lang='lat' dir='ltr'><strong>Reliqione‚</strong></span> 
     </span>
     <span class='ocr_line' id='line_1_21' title="bbox 430 2685 1463 2778; baseline 0 -22"><span class='ocrx_word' id='word_1_176' title='bbox 430 2695 605 2758; x_wconf 82' lang='lat' dir='ltr'><strong>tomo</strong></span> <span class='ocrx_word' id='word_1_177' title='bbox 638 2687 707 2776; x_wconf 88' lang='lat'><strong>3,</strong></span> <span class='ocrx_word' id='word_1_178' title='bbox 736 2688 854 2756; x_wconf 87' lang='lat' dir='ltr'><strong>lib.</strong></span> <span class='ocrx_word' id='word_1_179' title='bbox 886 2687 953 2770; x_wconf 82' lang='lat'><strong>2,</strong></span> <span class='ocrx_word' id='word_1_180' title='bbox 982 2707 1039 2757; x_wconf 89' lang='lat' dir='ltr'><strong>c.</strong></span> <span class='ocrx_word' id='word_1_181' title='bbox 1074 2686 1182 2773; x_wconf 87' lang='lat'><strong>17,</strong></span> <span class='ocrx_word' id='word_1_182' title='bbox 1216 2709 1286 2755; x_wconf 86' lang='lat' dir='ltr'><strong>n.</strong></span> <span class='ocrx_word' id='word_1_183' title='bbox 1320 2685 1463 2778; x_wconf 83' lang='lat'><strong>20.)</strong></span> 
     </span>
    </p>

    <p class='ocr_par' dir='ltr' id='par_1_5' title="bbox 422 2801 2777 4274">
     <span class='ocr_line' id='line_1_22' title="bbox 514 2801 2675 2898; baseline 0 -25"><span class='ocrx_word' id='word_1_184' title='bbox 514 2803 928 2891; x_wconf 79' lang='lat' dir='ltr'><strong>Addidimus,</strong></span> <span class='ocrx_word' id='word_1_185' title='bbox 956 2814 1019 2870; x_wconf 87' lang='lat' dir='ltr'><strong>et</strong></span> <span class='ocrx_word' id='word_1_186' title='bbox 1041 2801 1163 2870; x_wconf 84' lang='lat' dir='ltr'><strong>sub</strong></span> <span class='ocrx_word' id='word_1_187' title='bbox 1192 2802 1526 2872; x_wconf 79' lang='lat' dir='ltr'><strong>limitibus</strong></span> <span class='ocrx_word' id='word_1_188' title='bbox 1553 2803 1628 2872; x_wconf 82' lang='lat' dir='ltr'><strong>in</strong></span> <span class='ocrx_word' id='word_1_189' title='bbox 1661 2803 2148 2895; x_wconf 81' lang='lat' dir='ltr'><strong>approbatione</strong></span> <span class='ocrx_word' id='word_1_190' title='bbox 2164 2805 2503 2898; x_wconf 78' lang='lat' dir='ltr'><strong>expressis,</strong></span> <span class='ocrx_word' id='word_1_191' title='bbox 2535 2805 2675 2874; x_wconf 85' lang='lat' dir='ltr'><strong>Nam</strong></span> 
     </span>
     <span class='ocr_line' id='line_1_23' title="bbox 430 2917 2677 3010; baseline -0 -22"><span class='ocrx_word' id='word_1_192' title='bbox 430 2919 819 3010; x_wconf 82' lang='lat' dir='ltr'><strong>quandoque</strong></span> <span class='ocrx_word' id='word_1_193' title='bbox 862 2917 1331 3010; x_wconf 85' lang='lat' dir='ltr'><strong>approbantur,</strong></span> <span class='ocrx_word' id='word_1_194' title='bbox 1391 2925 1624 3010; x_wconf 84' lang='lat' dir='ltr'><strong>praeter</strong></span> <span class='ocrx_word' id='word_1_195' title='bbox 1667 2926 1837 2988; x_wconf 86' lang='lat' dir='ltr'><strong>certa</strong></span> <span class='ocrx_word' id='word_1_196' title='bbox 1879 2917 2180 3010; x_wconf 83' lang='lat' dir='ltr'><strong>quaedam</strong></span> <span class='ocrx_word' id='word_1_197' title='bbox 2227 2920 2500 2990; x_wconf 86' lang='lat' dir='ltr'><strong>instituti</strong></span> <span class='ocrx_word' id='word_1_198' title='bbox 2549 2919 2677 2990; x_wconf 89' lang='lat' dir='ltr'><strong>sub-</strong></span> 
     </span>
     <span class='ocr_line' id='line_1_24' title="bbox 436 3033 2777 3127; baseline 0 -25"><span class='ocrx_word' id='word_1_199' title='bbox 436 3035 779 3121; x_wconf 83' lang='lat' dir='ltr'><strong>stantialia,</strong></span> <span class='ocrx_word' id='word_1_200' title='bbox 832 3035 988 3124; x_wconf 82' lang='lat' dir='ltr'><strong>ipsae</strong></span> <span class='ocrx_word' id='word_1_201' title='bbox 1014 3033 1210 3102; x_wconf 87' lang='lat' dir='ltr'><strong>etiam</strong></span> <span class='ocrx_word' id='word_1_202' title='bbox 1244 3035 1314 3102; x_wconf 89' lang='lat' dir='ltr'><strong>in</strong></span> <span class='ocrx_word' id='word_1_203' title='bbox 1360 3042 1692 3102; x_wconf 83' lang='lat' dir='ltr'><strong>extensum</strong></span> <span class='ocrx_word' id='word_1_204' title='bbox 1743 3035 2026 3125; x_wconf 79' lang='lat' dir='ltr'><strong>regu1ae3</strong></span> <span class='ocrx_word' id='word_1_205' title='bbox 2085 3035 2198 3104; x_wconf 90' lang='lat' dir='ltr'><strong>sed</strong></span> <span class='ocrx_word' id='word_1_206' title='bbox 2249 3037 2410 3104; x_wconf 88' lang='lat' dir='ltr'><strong>huic</strong></span> <span class='ocrx_word' id='word_1_207' title='bbox 2449 3035 2676 3127; x_wconf 87' lang='lat' dir='ltr'><strong>regula·</strong></span> <span class='ocrx_word' id='word_1_208' title='bbox 2775 3045 2777 3114; x_wconf 73' lang='lat'>3</span> 
     </span>
     <span class='ocr_line' id='line_1_25' title="bbox 428 3149 2677 3240; baseline -0.002 -22"><span class='ocrx_word' id='word_1_209' title='bbox 428 3171 582 3218; x_wconf 87' lang='lat' dir='ltr'><strong>rum</strong></span> <span class='ocrx_word' id='word_1_210' title='bbox 618 3149 1062 3240; x_wconf 83' lang='lat' dir='ltr'><strong>approbationi</strong></span> <span class='ocrx_word' id='word_1_211' title='bbox 1108 3150 1456 3239; x_wconf 87' lang='lat' dir='ltr'><strong>apponitur</strong></span> <span class='ocrx_word' id='word_1_212' title='bbox 1483 3149 1783 3218; x_wconf 85' lang='lat' dir='ltr'><strong>limitatio</strong></span> <span class='ocrx_word' id='word_1_213' title='bbox 1827 3149 2002 3219; x_wconf 82' lang='lat' dir='ltr'><strong>haec:</strong></span> <span class='ocrx_word' id='word_1_214' title='bbox 2055 3151 2248 3220; x_wconf 90' lang='lat' dir='ltr'><strong>modo</strong></span> <span class='ocrx_word' id='word_1_215' title='bbox 2293 3151 2460 3220; x_wconf 88' lang='lat' dir='ltr'><strong>nihil</strong></span> <span class='ocrx_word' id='word_1_216' title='bbox 2498 3151 2568 3218; x_wconf 91' lang='lat' dir='ltr'><strong>in</strong></span> <span class='ocrx_word' id='word_1_217' title='bbox 2599 3150 2677 3216; x_wconf 90' lang='lat' dir='ltr'><strong>eis</strong></span> 
     </span>
     <span class='ocr_line' id='line_1_26' title="bbox 430 3263 2672 3360; baseline 0.002 -30"><span class='ocrx_word' id='word_1_218' title='bbox 430 3265 849 3360; x_wconf 80' lang='lat' dir='ltr'><strong>inhonestum</strong></span> <span class='ocrx_word' id='word_1_219' title='bbox 904 3265 1011 3350; x_wconf 88' lang='lat' dir='ltr'><strong>sit,</strong></span> <span class='ocrx_word' id='word_1_220' title='bbox 1064 3271 1127 3334; x_wconf 88' lang='lat' dir='ltr'><strong>et</strong></span> <span class='ocrx_word' id='word_1_221' title='bbox 1176 3263 1574 3333; x_wconf 85' lang='lat' dir='ltr'><strong>Tridentinis</strong></span> <span class='ocrx_word' id='word_1_222' title='bbox 1623 3265 2065 3334; x_wconf 83' lang='lat' dir='ltr'><strong>sanctionibus</strong></span> <span class='ocrx_word' id='word_1_223' title='bbox 2121 3268 2548 3336; x_wconf 85' lang='lat' dir='ltr'><strong>contrarium.</strong></span> <span class='ocrx_word' id='word_1_224' title='bbox 2601 3263 2672 3346; x_wconf 69' lang='lat' dir='ltr'><strong>De</strong></span> 
     </span>
     <span class='ocr_line' id='line_1_27' title="bbox 430 3378 2670 3469; baseline 0.001 -26"><span class='ocrx_word' id='word_1_225' title='bbox 430 3379 655 3466; x_wconf 89' lang='lat' dir='ltr'><strong>quoin</strong></span> <span class='ocrx_word' id='word_1_226' title='bbox 699 3380 1068 3469; x_wconf 84' lang='lat' dir='ltr'><strong>exemplum</strong></span> <span class='ocrx_word' id='word_1_227' title='bbox 1105 3378 1498 3448; x_wconf 86' lang='lat' dir='ltr'><strong>adducemus</strong></span> <span class='ocrx_word' id='word_1_228' title='bbox 1525 3379 2038 3469; x_wconf 80' lang='lat' dir='ltr'><strong>congregationis</strong></span> <span class='ocrx_word' id='word_1_229' title='bbox 2074 3381 2394 3450; x_wconf 84' lang='lat' dir='ltr'><strong>Fratrum</strong></span> <span class='ocrx_word' id='word_1_230' title='bbox 2424 3381 2670 3449; x_wconf 75' lang='lat' dir='ltr'><strong>Schola·</strong></span> 
     </span>
     <span class='ocr_line' id='line_1_28' title="bbox 430 3491 2671 3586; baseline 0 -26"><span class='ocrx_word' id='word_1_231' title='bbox 430 3513 582 3560; x_wconf 80' lang='lat' dir='ltr'><strong>rum</strong></span> <span class='ocrx_word' id='word_1_232' title='bbox 608 3491 1138 3562; x_wconf 76' lang='lat' dir='ltr'><strong>Christianarum</strong></span> <span class='ocrx_word' id='word_1_233' title='bbox 1180 3495 1728 3584; x_wconf 85' lang='lat' dir='ltr'><strong>approbationem.</strong></span> <span class='ocrx_word' id='word_1_234' title='bbox 1792 3493 1899 3564; x_wconf 92' lang='lat' dir='ltr'><strong>Sic</strong></span> <span class='ocrx_word' id='word_1_235' title='bbox 1929 3515 2162 3586; x_wconf 89' lang='lat' dir='ltr'><strong>nempe</strong></span> <span class='ocrx_word' id='word_1_236' title='bbox 2191 3496 2474 3566; x_wconf 83' lang='lat' dir='ltr'><strong>decrevit</strong></span> <span class='ocrx_word' id='word_1_237' title='bbox 2494 3494 2671 3564; x_wconf 88' lang='lat' dir='ltr'><strong>Bene·</strong></span> 
     </span>
     <span class='ocr_line' id='line_1_29' title="bbox 428 3605 2670 3701; baseline -0 -26"><span class='ocrx_word' id='word_1_238' title='bbox 428 3609 643 3677; x_wconf 87' lang='lat' dir='ltr'><strong>dictus</strong></span> <span class='ocrx_word' id='word_1_239' title='bbox 691 3605 847 3675; x_wconf 88' lang='lat' dir='ltr'>X111</span> <span class='ocrx_word' id='word_1_240' title='bbox 896 3611 1347 3678; x_wconf 87' lang='lat' dir='ltr'><strong>constitutione</strong></span> <span class='ocrx_word' id='word_1_241' title='bbox 1394 3610 1469 3677; x_wconf 84' lang='lat' dir='ltr'><strong>in</strong></span> <span class='ocrx_word' id='word_1_242' title='bbox 1520 3609 1908 3700; x_wconf 80' lang='lat' dir='ltr'><strong>Apostolica</strong></span> <span class='ocrx_word' id='word_1_243' title='bbox 1955 3610 2258 3701; x_wconf 89' lang='lat' dir='ltr'><strong>(septimo</strong></span> <span class='ocrx_word' id='word_1_244' title='bbox 2284 3611 2574 3680; x_wconf 85' lang='lat' dir='ltr'><strong>calendas</strong></span> <span class='ocrx_word' id='word_1_245' title='bbox 2597 3611 2670 3676; x_wconf 80' lang='lat' dir='ltr'><strong>ie-</strong></span> 
     </span>
     <span class='ocr_line' id='line_1_30' title="bbox 426 3722 2668 3817; baseline -0.002 -25"><span class='ocrx_word' id='word_1_246' title='bbox 426 3724 677 3792; x_wconf 88' lang='lat' dir='ltr'><strong>bruarii</strong></span> <span class='ocrx_word' id='word_1_247' title='bbox 722 3722 945 3793; x_wconf 79' lang='lat'>1724:</span> <span class='ocrx_word' id='word_1_248' title='bbox 1010 3747 1046 3788; x_wconf 76' lang='grc' dir='ltr'><strong>α</strong></span> <span class='ocrx_word' id='word_1_249' title='bbox 1108 3723 1259 3792; x_wconf 88' lang='lat' dir='ltr'><strong>Pius</strong></span> <span class='ocrx_word' id='word_1_250' title='bbox 1320 3723 1436 3793; x_wconf 88' lang='lat' dir='ltr'><strong>Dei</strong></span> <span class='ocrx_word' id='word_1_251' title='bbox 1489 3725 1775 3793; x_wconf 80' lang='lat' dir='ltr'><strong>famulus</strong></span> <span class='ocrx_word' id='word_1_252' title='bbox 1823 3724 2101 3795; x_wconf 85' lang='lat' dir='ltr'><strong>Joannes</strong></span> <span class='ocrx_word' id='word_1_253' title='bbox 2173 3724 2459 3817; x_wconf 84' lang='lat' dir='ltr'><strong>Baptista</strong></span> <span class='ocrx_word' id='word_1_254' title='bbox 2503 3727 2572 3794; x_wconf 89' lang='lat' dir='ltr'><strong>de</strong></span> <span class='ocrx_word' id='word_1_255' title='bbox 2621 3723 2668 3789; x_wconf 87' lang='lat' dir='ltr'><strong>la</strong></span> 
     </span>
     <span class='ocr_line' id='line_1_31' title="bbox 434 3838 2663 3929; baseline 0 -24"><span class='ocrx_word' id='word_1_256' title='bbox 434 3867 467 3905; x_wconf 72' lang='grc' dir='ltr'><strong>α</strong></span> <span class='ocrx_word' id='word_1_257' title='bbox 494 3839 775 3910; x_wconf 63' lang='lat' dir='ltr'><strong>Saliam.</strong></span> <span class='ocrx_word' id='word_1_258' title='bbox 810 3838 1139 3929; x_wconf 90' lang='lat' dir='ltr'><strong>quoddam</strong></span> <span class='ocrx_word' id='word_1_259' title='bbox 1167 3839 1536 3908; x_wconf 83' lang='lat' dir='ltr'><strong>institutum</strong></span> <span class='ocrx_word' id='word_1_260' title='bbox 1561 3841 1683 3909; x_wconf 89' lang='lat' dir='ltr'><strong>sub</strong></span> <span class='ocrx_word' id='word_1_261' title='bbox 1712 3840 1898 3910; x_wconf 86' lang='lat' dir='ltr'><strong>titulo</strong></span> <span class='ocrx_word' id='word_1_262' title='bbox 1941 3843 2259 3908; x_wconf 80' lang='lat' dir='ltr'><strong>Fratrum</strong></span> <span class='ocrx_word' id='word_1_263' title='bbox 2299 3841 2663 3909; x_wconf 77' lang='lat' dir='ltr'><strong>Scholarum</strong></span> 
     </span>
     <span class='ocr_line' id='line_1_32' title="bbox 434 3953 2664 4046; baseline 0 -26"><span class='ocrx_word' id='word_1_264' title='bbox 434 3981 467 4021; x_wconf 78' lang='grc' dir='ltr'>α</span> <span class='ocrx_word' id='word_1_265' title='bbox 510 3954 1048 4024; x_wconf 75' lang='lat' dir='ltr'><strong>Christianarum</strong></span> <span class='ocrx_word' id='word_1_266' title='bbox 1092 3962 1644 4046; x_wconf 87' lang='lat' dir='ltr'><strong>nuncupatorum,</strong></span> <span class='ocrx_word' id='word_1_267' title='bbox 1691 3960 1754 4021; x_wconf 87' lang='lat' dir='ltr'><strong>et</strong></span> <span class='ocrx_word' id='word_1_268' title='bbox 1797 3955 1921 4024; x_wconf 90' lang='lat' dir='ltr'><strong>sub</strong></span> <span class='ocrx_word' id='word_1_269' title='bbox 1951 3955 2122 4024; x_wconf 78' lang='lat' dir='ltr'><strong>inira</strong></span> <span class='ocrx_word' id='word_1_270' title='bbox 2163 3955 2421 4045; x_wconf 85' lang='lat' dir='ltr'><strong>scriptis</strong></span> <span class='ocrx_word' id='word_1_271' title='bbox 2459 3953 2664 4045; x_wconf 80' lang='lat' dir='ltr'><strong>regulis</strong></span> 
     </span>
     <span class='ocr_line' id='line_1_33' title="bbox 430 4067 2775 4159; baseline -0.001 -26"><span class='ocrx_word' id='word_1_272' title='bbox 430 4091 465 4134; x_wconf 85' lang='lat'>«</span> <span class='ocrx_word' id='word_1_273' title='bbox 498 4089 611 4159; x_wconf 87' lang='lat' dir='ltr'><strong>per</strong></span> <span class='ocrx_word' id='word_1_274' title='bbox 680 4068 899 4139; x_wconf 88' lang='lat' dir='ltr'><strong>sedem</strong></span> <span class='ocrx_word' id='word_1_275' title='bbox 976 4067 1413 4159; x_wconf 82' lang='lat' dir='ltr'><strong>Apostolicam</strong></span> <span class='ocrx_word' id='word_1_276' title='bbox 1474 4069 1910 4159; x_wconf 88' lang='lat' dir='ltr'><strong>approbandis</strong></span> <span class='ocrx_word' id='word_1_277' title='bbox 1987 4075 2051 4138; x_wconf 88' lang='lat' dir='ltr'><strong>et</strong></span> <span class='ocrx_word' id='word_1_278' title='bbox 2109 4069 2658 4138; x_wconf 86' lang='lat' dir='ltr'><strong>confirmandis....</strong></span> <span class='ocrx_word' id='word_1_279' title='bbox 2773 4097 2775 4150; x_wconf 68' lang='lat'>2</span> 
     </span>
     <span class='ocr_line' id='line_1_34' title="bbox 422 4179 2658 4274; baseline -0 -26"><span class='ocrx_word' id='word_1_280' title='bbox 422 4209 456 4248; x_wconf 76' lang='grc' dir='ltr'><strong>α</strong></span> <span class='ocrx_word' id='word_1_281' title='bbox 486 4183 897 4272; x_wconf 78' lang='lat' dir='ltr'><strong>fundavit...,</strong></span> <span class='ocrx_word' id='word_1_282' title='bbox 928 4182 1221 4252; x_wconf 79' lang='lat' dir='ltr'><strong>videlicet</strong></span> <span class='ocrx_word' id='word_1_283' title='bbox 1252 4181 1338 4274; x_wconf 88' lang='lat' dir='ltr'><strong>(et</strong></span> <span class='ocrx_word' id='word_1_284' title='bbox 1358 4182 1454 4250; x_wconf 76' lang='lat' dir='ltr'><strong>ibi</strong></span> <span class='ocrx_word' id='word_1_285' title='bbox 1476 4179 1868 4251; x_wconf 81' lang='lat' dir='ltr'><strong>describitur</strong></span> <span class='ocrx_word' id='word_1_286' title='bbox 1897 4195 2041 4252; x_wconf 87' lang='lat' dir='ltr'><strong>tota</strong></span> <span class='ocrx_word' id='word_1_287' title='bbox 2057 4183 2449 4274; x_wconf 74' lang='lat' dir='ltr'><strong>requlamm</strong></span> <span class='ocrx_word' id='word_1_288' title='bbox 2475 4181 2658 4259; x_wconf 79' lang='lat' dir='ltr'><strong>series,</strong></span> 
     </span>
    </p>
   </div>
   <div class='ocr_carea' id='block_1_5' title="bbox 418 4300 2662 4394">
    <p class='ocr_par' dir='ltr' id='par_1_6' title="bbox 418 4300 2662 4394">
     <span class='ocr_line' id='line_1_35' title="bbox 418 4300 2662 4394; baseline 0 -26"><span class='ocrx_word' id='word_1_289' title='bbox 418 4323 454 4364; x_wconf 68' lang='grc' dir='ltr'><strong>«ι</strong></span> <span class='ocrx_word' id='word_1_290' title='bbox 486 4315 629 4372; x_wconf 83' lang='lat' dir='ltr'><strong>tum</strong></span> <span class='ocrx_word' id='word_1_291' title='bbox 652 4300 1079 4392; x_wconf 79' lang='lat' dir='ltr'><strong>subjicitur).·</strong></span> <span class='ocrx_word' id='word_1_292' title='bbox 1120 4301 1249 4372; x_wconf 87' lang='lat' dir='ltr'><strong>Nos</strong></span> <span class='ocrx_word' id='word_1_293' title='bbox 1296 4303 1580 4392; x_wconf 82' lang='lat' dir='ltr'><strong>igitur...</strong></span> <span class='ocrx_word' id='word_1_294' title='bbox 1633 4302 2002 4372; x_wconf 85' lang='lat' dir='ltr'><strong>institutum</strong></span> <span class='ocrx_word' id='word_1_295' title='bbox 2045 4311 2108 4372; x_wconf 89' lang='lat' dir='ltr'><strong>et</strong></span> <span class='ocrx_word' id='word_1_296' title='bbox 2157 4302 2419 4394; x_wconf 82' lang='lat' dir='ltr'><strong>regulas</strong></span> <span class='ocrx_word' id='word_1_297' title='bbox 2461 4303 2662 4390; x_wconf 87' lang='lat' dir='ltr'><strong>hujus·</strong></span> 
     </span>
    </p>
   </div>
  </div>
 </body>
</html>
