2834 4959
1101 356 1255 404 PARS
1301 357 1523 406 Prima,
2331 355 2359 408 1
2378 353 2465 408 55

206 503 238 543 α
267 479 344 546 ait
365 497 566 568 penes
601 475 750 544 ilios
794 475 988 546 fuisse
1017 479 1397 570 scripturas,
1434 485 1698 570 apparet
1731 479 1867 571 ipsa
1907 501 2045 548 esse
2081 479 2459 570 Evangelia,

201 619 230 658 ιι
261 601 314 661 et
357 591 828 682 Apostolorum
881 593 1118 683 scripta
1135 645 1156 678 ,
1207 600 1270 662 et
1317 596 1741 686 expositiones
1797 596 2105 685 quasdam
2162 602 2453 666 veterum

197 735 226 774 ι
255 707 750 800 Prophetarum,
779 709 1150 799 cujusmodi
1189 709 1404 800 plures
1435 713 1507 779 in
1528 709 1811 802 Epistola
1836 712 1913 779 ad
1942 711 2243 780 Hebraeos
2280 711 2457 782 aliis-

201 851 230 890 α
261 847 381 916 qne
422 822 732 915 pluribus
781 821 987 894 Pauli
1033 823 1336 915 Epistoiis
1389 825 1858 895 continentur..
1871 824 2138 896 .Multa
2194 847 2455 918 quoque

207 963 241 1005 α
265 940 458 1010 alia...
499 946 1000 1040 commemorat3
1047 942 1156 1010 sed
1185 940 1326 1008 haec
1367 940 1645 1010 maxime
1674 877 2071 1033 excerpenda
2100 963 2232 1010 esse
2272 942 2453 1029 duxi,

213 1079 248 1119 n
272 1052 494 1144 quibus
539 1053 984 1124 ecclesiasticae
1027 1055 1388 1148 disciplinas
1448 1055 1777 1126 character
1824 1056 2033 1126 oculis
2083 1057 2450 1148 subjicitur.

215 1195 254 1244 ς
275 1167 441 1248 Quod
489 1169 546 1238 si
590 1171 744 1258 quis
779 1185 866 1238 ea
913 1181 1061 1260 quae
1117 1171 1372 1240 recitata
1422 1177 1599 1258 sunt,
1630 1168 2013 1262 disciplinae
2068 1171 2456 1260 evangelicae

221 1297 256 1340 ι(
287 1295 674 1366 nequaquam
703 1276 964 1368 propria
989 1299 1149 1361 esse,
1181 1267 1408 1346 verum
1456 1279 1653 1347 etiam
1695 1278 1837 1348 aliis
1880 1285 2108 1369 praeter
2146 1301 2253 1348 eos
2291 1299 2455 1370 quos

221 1414 252 1454 α
279 1389 396 1458 dixi
439 1395 803 1481 competere
855 1409 1037 1482 posse
1087 1393 1427 1479 existimet,
1487 1395 1543 1462 is
1602 1395 2023 1463 convincatur
2072 1393 2299 1463 saltem
2348 1415 2450 1462 se-

218 1529 250 1570 α
275 1506 600 1595 quentibus
633 1503 926 1576 Philonis
972 1507 1209 1592 verbis,
1258 1509 1330 1577 in
1371 1489 1639 1599 quihus,
1694 1511 2050 1578 dummodo
2084 1531 2311 1600 aequus
2353 1531 2457 1580 re-

210 1647 240 1686 «
259 1643 402 1690 rum
437 1621 792 1691 assumatur
827 1623 936 1710 sit,
985 1644 1126 1692 rem
1161 1631 1336 1693 extra
1381 1628 1881 1694 controversiam
1910 1628 2181 1716 positam
2227 1626 2457 1716 depre-

209 1759 242 1802 ιι
263 1737 512 1806 hendet.
569 1761 608 1802 ιο
663 1736 812 1806 Post
855 1739 1014 1823 haec,
1065 1740 1256 1808 citato
1297 1739 1590 1809 Philonis
1656 1741 2023 1810 testimonio
2079 1741 2156 1808 de
2211 1740 2459 1829 insigni

208 1853 704 1944 therapeutarum
752 1855 1177 1945 temperantia
1229 1880 1245 1921 ε
1303 1881 1337 1920 α
1379 1855 1534 1938 HaS,
1594 1855 1831 1944 inquit,
1888 1853 2183 1922 Philonis
2234 1855 2460 1922 dictio-

226 1991 259 2035 ιι
281 1989 398 2037 nes
436 1970 760 2059 perspicue
808 1976 870 2038 et
928 1971 1088 2039 citra
1139 1959 1642 2038 controversiam
1688 1969 1769 2037 de
1816 1973 2047 2036 nostrae
2106 1967 2463 2054 Religionis

219 2107 255 2147 et
281 2083 644 2154 bominibus
689 2086 968 2176 prolatas
1002 2085 1427 2156 arbitramur.
1479 2085 1665 2166 Quod
1706 2083 1763 2153 si
1806 2083 1954 2174 quis
2000 2081 2213 2150 adhuc
2260 2081 2462 2174 perti-

219 2200 504 2268 «naciter
559 2201 664 2270 his
704 2202 1014 2292 refragari
1065 2202 1364 2288 voluerit,
1420 2205 1475 2272 is
1530 2199 2077 2282 manifestioribus
2131 2198 2467 2268 convictus

219 2328 248 2368 α
271 2305 542 2390 indiciis,
569 2329 719 2399 quae
745 2329 878 2377 non
905 2309 1062 2378 alibi
1104 2331 1301 2400 quam
1347 2311 1416 2378 in
1460 2308 1820 2380 Christiana
1850 2307 2205 2376 secundum
2241 2305 2462 2374 Evan-

221 2443 248 2483 ι
275 2420 514 2508 getium
571 2423 886 2512 religione
953 2425 1391 2515 reperiuntur,
1461 2417 1883 2516 pertinaciam
1954 2443 2143 2491 suam
2202 2419 2464 2486 tandem

225 2557 256 2596 a
278 2535 544 2624 abjiciat.
577 2535 694 2606 Ait
721 2536 923 2628 igitur
945 2537 1156 2621 Philo,
1189 2561 1343 2608 cum
1371 2539 1475 2606 his
1516 2539 1673 2608 viris
1701 2540 1781 2608 de
1822 2537 2062 2628 quihus
2098 2541 2195 2604 est
2220 2553 2461 2616 Serme,

229 2671 262 2712 α
282 2654 497 2722 vasari
523 2653 720 2721 etiam
765 2653 1060 2741 feminas,
1107 2675 1388 2744 quarum
1422 2653 1727 2745 plurimae
1755 2654 2121 2742 grandaevae
2146 2657 2299 2719 sunt
2335 2651 2471 2717 vir-

231 2785 263 2829 tt
284 2765 465 2854 gines,
519 2789 670 2859 quae
719 2766 1066 2838 castitatem
1117 2789 1250 2836 non
1309 2768 1709 2851 necessitate,
1759 2771 1837 2835 ut
1901 2765 2238 2834 nonnullae
2292 2762 2468 2851 apud

227 2901 260 2943 t
279 2884 530 2970 gentiles
587 2883 940 2954 sacerdotes
963 2935 984 2968 ,
1051 2883 1160 2952 sed
1215 2881 1412 2951 libera
1482 2884 1695 2976 potius
1750 2885 1976 2972 sponte
2024 2878 2468 2956 servaverunt,

229 3019 264 3058 ι
285 3007 523 3090 propter
557 3019 850 3069 amorem
892 3018 966 3070 ac
1016 2999 1414 3070 desiderium
1455 2998 1896 3090 sapientise...
1943 2991 2117 3075 Quid
2166 2993 2473 3080 praeterea

237 3110 384 3182 «hic
414 3117 642 3184 attinet
685 3136 1192 3185 commemorare
1255 3123 1487 3200 coetuS,
1541 3121 1603 3184 et
1658 3114 1955 3184 virorum
2017 3106 2176 3175 hinc
2203 3157 2223 3190 ,
2292 3103 2473 3172 illinc

243 3250 276 3291 a
295 3231 628 3302 mulierum
676 3253 964 3302 seorsum
1021 3232 1398 3322 degentium
1449 3228 1925 3300 exercitationes
1949 3276 1969 3306 ‚
2035 3241 2268 3311 easque
2326 3237 2473 3309 quae

248 3362 282 3407 α
308 3345 634 3419 etiamnum
665 3347 840 3440 apud
879 3369 998 3417 nos
1027 3349 1095 3416 in
1135 3371 1261 3417 usu
1305 3353 1459 3416 sunt
1496 3347 1895 3416 asceses‘t....
1929 3340 2205 3430 Insuper
2234 3335 2475 3427 gradus

243 3480 276 3522 α
299 3461 754 3550 praesidentium
803 3463 1149 3550 describit,
1217 3482 1445 3531 eorum
1515 3461 1823 3530 videlicet·
1877 3456 1991 3546 qui
2051 3449 2477 3523 ecclesiastica

239 3597 272 3640 α
293 3575 510 3651 obeunt
537 3579 799 3666 munia,-
833 3578 1284 3669 diaconiasque
1319 3584 1382 3646 et
1420 3577 1845 3668 Episcopatus
1886 3572 2139 3664 apicem
2167 3563 2479 3636 omnibus

241 3713 272 3754 ι
293 3700 422 3764 ante
445 3703 835 3766 stantem...
886 3694 1226 3765 Philonem
1253 3695 1561 3785 denique,
1591 3694 1753 3763 dum
1782 3691 1922 3760 haec
1958 3685 2290 3765 scriberet,
2339 3679 2476 3769 pri-

243 3830 276 3872 «
297 3831 414 3882 mos
441 3808 586 3884 ill'os
609 3811 996 3902 evangelicae
1037 3813 1342 3882 doctrinae
1372 3811 1817 3903 praedicatores
1842 3813 1907 3878 et
1945 3821 2159 3874 mores
2185 3797 2481 3889 primum

245 3947 276 3988 α
305 3925 374 3996 ab
402 3930 726 4024 Apostolis
749 3930 1052 4001 traditos·
1033 3951 1104 3999 m
1141 3935 1358 3998 mente
1390 3929 1873 4018 habuisse,un1
1751 3922 2115 4009 unicuique
2140 3922 2233 3984 est
2270 3915 2483 3984 mani-

247 4071 278 4112 «
297 4049 535 4128 festum.
563 4081 604 4124 s>
631 4055 968 4127 Hactenus
990 4055 1308 4126 Eusebius
1331 4055 1453 4147 (1).
1566 4101 1571 4108 .

315 4164 520 4260 Sagaei
549 4174 709 4244 huic
749 4172 1266 4266 historiographo
1292 4172 1720 4264 adstipulatur
1754 4165 1823 4238 S.
1858 4161 2320 4253 HieronymuS,
2351 4156 2479 4226 cri-

306 4435 362 4499 (1)
379 4439 503 4496 nist.
537 4441 777 4509 examii.
803 4446 853 4508 ²,
880 4453 991 4506 cap.
1019 4443 1082 4495 ιε
1102 4443 1156 4494 et
1177 4443 1253 4504 ιτ,
1287 4451 1398 4505 pag.
1427 4440 1491 4492 ss
1518 4435 1751 4499 etseqq..
1774 4431 1897 4486 emt.
1920 4431 2092 4485 vates.
2126 4427 2309 4491 Paris„
2342 4423 2489 4476 1659.
