2834 4959
1151 365 1303 414 PARS
1345 365 1565 413 'mum
1573 394 1588 413 .
2366 363 2401 418 3
2410 361 2445 416 8
2458 363 2481 417 1

179 513 354 562 nem
385 515 408 576 ;
459 511 610 581 qnae
652 487 998 558 declaratio
1031 507 1326 556 concessa
1361 495 1477 556 est.
1516 485 1597 555 Et
1636 492 1853 556 temen
1892 488 2201 578 antiquus
2240 494 2493 562 monia·

175 609 374 676 lium
435 604 940 676 Carmelitarum
995 606 1348 670 conventus
1372 651 1394 685 ,
1446 600 1761 670 alienatus
1814 623 1891 670 ac
1945 602 2191 672 deletus
2259 605 2484 678 fuerat.

181 723 382 813 Ergo
436 743 556 813 per
611 719 1068 789 alienationem
1139 716 1681 786 monasteriorum
1748 718 1815 785 in
1882 720 2270 789 concordato
2333 723 2492 791 anni

185 838 380 907 1801
443 821 788 914 sancitam]
847 853 981 902 non
1031 832 1358 922 suppressi
1381 837 1560 907 ,sunt
1608 831 1939 922 regulares
1986 855 2109 904 nec
2160 843 2492 928 perempta

185 955 506 1045 ipsorum
528 953 702 1042 jura.
736 947 1050 1039 Alioquin
1079 968 1212 1017 non
1241 953 1453 1038 posset
1484 968 1619 1017 esse
1645 947 1827 1017 locus
1852 951 2279 1020 restituendis
2310 956 2490 1044 ipso-

191 1089 373 1136 rum
403 1063 848 1146 conventibus»,
879 1064 988 1130 sed
1020 1061 1214 1130 novis
1241 1061 1551 1130 duntaxat
1576 1061 1925 1152 etiqendis.

309 1181 644 1251 Probatur
693 1179 762 1248 4⁰
811 1199 894 1246 ex
937 1177 1416 1246 reclamatione
1455 1176 1835 1246 Cardinalis
1904 1183 2219 1273 Capraroe
2256 1195 2489 1252 contra

203 1291 735 1368 undecimumeoe
755 1292 1064 1362 articulis
1085 1291 1447 1382 orqanicis.
1478 1331 1573 1346 -
1600 1293 1673 1361 ln
1696 1294 1819 1362 hoc
1846 1295 2121 1364 articulo
2139 1319 2491 1388 suppressa

201 1414 658 1482 decernuntur
681 1409 910 1478 omnia
937 1409 1252 1478 instituta
1269 1407 1735 1498 ecclesiastica,
1762 1413 2039 1503 exceptis
2064 1414 2361 1504 capitulis
2385 1437 2489 1484 ca-

202 1527 614 1597 thedralibus
666 1531 730 1594 et
773 1523 1163 1594 seminariis.
1219 1523 1312 1593 De
1363 1547 1493 1614 qua
1530 1527 1983 1618 suppressione
2018 1528 2113 1596 sic
2163 1529 2481 1616 queritur,

197 1643 374 1714 sedis
437 1639 826 1733 Apostolicae
881 1639 1174 1722 nominc,
1236 1637 1539 1730 praefatus
1602 1639 1960 1709 Cardinalis
2014 1640 2295 1732 Legatus
2345 1642 2483 1732 (1):

207 1785 244 1828 α
285 1757 466 1828 Num
502 1756 654 1824 satis
703 1752 1098 1837 considerate
1145 1773 1521 1844 processum
1569 1758 1663 1821 est
1698 1753 1777 1821 ad
1820 1755 2139 1844 ejusmodi
2190 1741 2513 1846 suppra-⁹

208 1901 250 1944 a
297 1877 554 1943 sionem
569 1873 630 1938 ⁶?-
660 1868 855 1938 Plura
917 1868 1282 1938 istiusmodi
1343 1869 1640 1936 instituta
1703 1868 2019 1936 evidentis
2070 1876 2256 1938 erant
2311 1870 2487 1936 utili·

214 2014 254 2052 a
305 1987 455 2056 tatis
486 2009 504 2054 ε
551 1985 660 2053 illa
685 1983 964 2075 populus
997 1982 1222 2072 magni
1257 1983 1553 2060 faciebat,
1596 1987 1821 2073 utpote
1860 2003 2009 2072 quae
2050 1985 2193 2073 ejus
2218 1984 2490 2051 necessi-

213 2129 257 2168 oe
299 2107 460 2172 tates
498 2101 924 2170 sublevarent.
973 2085 1096 2166 Illa
1119 2105 1404 2167 erexerat
1430 2099 1659 2188 pietas,
1698 2098 2075 2167 solemniter
2100 2099 2483 2177 sanciverat,

210 2243 246 2284 α
293 2216 456 2308 ipsis
500 2215 764 2306 regibus
803 2213 1194 2305 petentibus,
1237 2212 1548 2282 Ecclesia.
1594 2213 1812 2304 Hujus
1846 2212 2061 2304 ἱρέων
2086 2212 2295 2281 solius
2340 2225 2487 2280 erat

212 2359 248 2400 «
293 2355 526 2428 eorum
563 2331 900 2400 decernere
935 2329 1483 2421 suppressionem.
1532 2355 1571 2397 1>
1609 2328 1917 2421 (Epistola
1964 2327 2327 2399 cardinalis
2360 2325 2483 2395 'Ca-

203 2469 438 2540 prarae,
458 2447 540 2517 ad
561 2446 936 2545 ministrum
951 2444 1180 2514 Galliae
1192 2443 1580 2534 Talleyrand
1598 2443 1863 2528 directa,
1875 2444 1959 2512 18
1976 2443 2239 2533 augusti
2261 2439 2484 2534 1803.)

203 2566 374 2635 Cum
409 2585 582 2634 anno
625 2561 796 2632 1803
847 2566 1158 2651 queratur
1192 2560 1561 2651 Apostolica
1604 2561 1811 2643 sedes,
1860 2561 2033 2650 quod
2068 2559 2483 2629 Gubernium

207 2678 608 2770 gallicanum
659 2677 1101 2744 institutorum
1150 2674 1609 2763 religiosorum
1652 2675 2171 2762 suppressionem
2212 2681 2381 2742 atten
2390 2679 2485 2742 ta·-

211 2792 403 2879 verit,
433 2792 708 2883 proiecto
735 2789 1150 2858 manifestum
1177 2788 1357 2871 facit,
1385 2785 1685 2854 instituta
1708 2786 1829 2852 ista
1850 2804 1983 2854 non
2008 2785 2205 2854 tuisse
2232 2786 2335 2852 Pii
2360 2786 2480 2856 VIl

208 2909 586 2980 auctoritate
607 2927 778 2976 auno
805 2905 970 2974 1801
1007 2923 1370 2994 suppressa.

289 3023 468 3114 Ergo
503 3043 722 3090 revera
747 3043 864 3112 pro
889 3019 1252 3089 indubitato
1282 2989 1635 3086 tenendum
1680 3021 1805 3100 est,
1852 3033 1969 3104 per
2020 3013 2479 3082 concordatum

205 3138 362 3208 anni
419 3135 619 3223 1801,
691 3143 802 3204 aut
859 3136 1112 3204 decreta
1173 3131 1539 3224 Apostolica
1586 3128 1743 3198 inde
1808 3133 2048 3213 secuta,
2114 3127 2488 3198 nullatenus

205 3273 586 3345 suppressos
631 3251 828 3319 fuisse
872 3249 1226 3338 regulareS,
1264 3268 1388 3329 nec
1422 3246 1781 3336 quidquam
1824 3243 2153 3313 sublatum
2192 3243 2271 3312 de
2314 3245 2485 3336 ipso-

207 3391 362 3437 rum
384 3365 646 3458 juribus
669 3371 732 3434 et
745 3365 1129 3456 privilegiis,
1149 3369 1382 3455 praeter
1407 3361 1623 3431 solum
1641 3363 1753 3451 jus
1778 3359 1849 3428 in
1874 3358 2045 3429 hona
2074 3353 2481 3454 temporalia,

208 3481 280 3552 in
313 3483 444 3550 vim
471 3481 630 3550 dicti
657 3478 1028 3549 concordati
1059 3477 1352 3567 legitime
1377 3476 1676 3544 alienata.

294 3597 674 3666 Pxorosmo
705 3595 806 3663 11⁸.
839 3633 928 3648 —
959 3598 1307 3663 Decretum
1341 3589 1728 3660 Cardinalis
1758 3589 2075 3680 Capraroe
2103 3592 2270 3659 anni
2310 3591 2479 3661 1803

199 3712 542 3803 requlares
557 3731 970 3798 concernens,
992 3729 1108 3776 nec
1120 3729 1226 3775 eos
1237 3706 1625 3799 suppressit,
1646 3727 1765 3774 nec
1778 3727 2009 3774 eorum
2023 3704 2185 3795 jura
2206 3716 2328 3772 aut
2337 3705 2487 3796 pri-

205 3810 456 3916 uileqia
489 3825 784 3893 sustulit.
819 3861 910 3878 —
942 3823 1082 3892 Hoc
1116 3843 1236 3892 suo
1274 3822 1529 3890 decreto
1568 3821 1697 3890 diei
1732 3821 1777 3888 4
1798 3820 1977 3912 J‘unii
2022 3818 2225 3900 1803,
2264 3819 2479 3889 decla-

201 3940 374 4008 ravit
411 3939 708 4031 praeiatus
761 3938 1123 4009 cardinalis
1174 3936 1477 4027 Legatus,
1535 3961 1571 4003 tt
1612 3936 1693 4005 de
1732 3957 2027 4027 expresso
2074 3935 2379 4006 mandato
2420 3944 2483 4006 et

209 4081 246 4124 α
289 4057 664 4126 auctoritate
697 4053 1130 4138 Sanctissimi,
1177 4073 1405 4122 omnes
1457 4057 1521 4120 et
1568 4051 1863 4141 singulos
1908 4051 2249 4143 utriusque
2294 4075 2481 4124 sexus

266 4329 782 4394 (1)Reelamauonem
819 4329 959 4380 ulam
999 4331 1216 4396 reperies
1249 4332 1304 4382 in
1335 4330 1443 4382 vita
1464 4327 1641 4381 Leonis
1672 4325 1751 4377 xli
1781 4329 1985 4380 auctore
2033 4327 2243 4392 Art'aud,
2280 4337 2398 4382 tom.
2428 4336 2479 4393 2,

201 4429 312 4484 ρος.
347 4421 458 4477 124,
493 4419 620 4472 edit.
649 4419 876 4472 Bruxelt.
915 4421 1060 4472 1823.
