2834 4959
1359 281 1447 294 -·
1492 265 1603 310 vm
1646 281 1735 294 —··

403 402 535 480 sed
587 427 678 480 ex
735 399 1182 506 aliquorum
1243 400 1433 481 forte
1490 401 1793 482 levitate
1851 409 1925 481 et
1985 400 2535 506 imprudentia,
2590 403 2667 482 in

406 559 531 614 me
593 530 931 632 excitata,
986 541 1069 611 ut
1125 531 1220 612 ad
1283 530 1760 612 Sanctissimi
1816 532 2165 614 notitiam
2216 534 2671 640 perferretur

405 665 983 768 procurandum
1020 663 1477 744 existimavi.
1536 755 1540 760 ,

513 795 995 904 Quapropter
1081 797 1848 879 Reverendissimum
1938 797 2450 895 Fioramonti‚
2547 797 2673 903 qui

403 929 881 1010 clarissimus
954 931 1320 1010 Praelatus
1376 931 1773 1012 Sanctitati
1836 931 2012 1013 Suae
2068 958 2206 1038 pro
2256 930 2517 1011 latinis
2562 931 2678 1010 lit-

403 1060 588 1140 teris
676 1089 722 1141 a
811 1062 1118 1142 seeretis
1195 1072 1330 1160 est,
1414 1064 1513 1143 de
1590 1065 1754 1162 tota?
1828 1090 1912 1145 re
1994 1063 2406 1144 certiorem
2491 1062 2713 1159 feei„

281 1258 284 1262 Α
404 1219 682 1301 rogans
728 1202 813 1273 ut
857 1221 1039 1276 cum
1087 1185 1603 1276 Sanctissimo'
1638 1197 1965 1277 verbum
2016 1197 2324 1277 faceret.
2386 1197 2679 1275 Interea
2819 1280 2820 1294 Ν

403 1335 661 1408 autem
738 1327 832 1407 ad
919 1330 1287 1408 eumdem
1358 1321 2124 1410 Reverendissimum
2202 1327 2675 1410 Fioramonti

405 1459 692 1540 litteras
747 1460 1022 1541 direxit
1077 1461 1761 1542 Eminentissimus
1826 1461 2259 1542 Cardinalis
2312 1464 2671 1555 Gousset‚

407 1591 811 1671 Remensis
868 1591 1556 1699 ArchiepiseopuS,
1642 1593 2040 1674 veritatem
2120 1593 2519 1696 sciscitans
2590 1594 2679 1673 de

407 1721 784 1828 praedietis
844 1724 1316 1824 rumoribUS,
1377 1726 1518 1830 qui
1579 1725 1782 1806 eirea
1856 1751 1984 1806 me
2030 1735 2106 1806 et
2170 1725 2455 1832 scripta
2520 1749 2689 1806 mea

405 1855 1006 1962 spargebantur,
1071 1857 1368 1964 quique
1417 1883 1581 1939 non
1650 1883 1961 1965 parvam
2018 1857 2134 1965 (ut
2179 1855 2686 1967 significabat)

405 1985 549 2065 sibi
579 1988 1080 2070 mirationem
1105 1998 1535 2070 moverant.
2696 2069 2709 2079 .

517 2121 627 2200 De
693 2146 848 2224 quo
919 2121 1227 2228 negotio
1297 2147 1479 2202 eum
1556 2122 1907 2228 praefatus
1982 2123 2698 2205 Reverendissimus

409 2250 886 2332 Fioramonti
935 2254 1181 2336 semel
1232 2264 1306 2336 et
1360 2254 1645 2335 iterum
1700 2279 1880 2335 cum
1940 2254 2448 2338 Sanctissimo
2502 2257 2695 2366 egis·

407 2391 546 2480 set,
593 2385 980 2492 rescripsit
1015 2389 1112 2468 ad
1153 2386 1882 2469 Eminentissimum
1912 2387 2415 2470 Cardinalem
2450 2393 2703 2472 Gous-
2820 2484 2823 2502 2

407 2522 546 2612 set,
595 2516 784 2597 falsa
834 2545 1142 2623 prorsus
1181 2546 1342 2601 esse
1391 2521 1533 2600 ista
1572 2523 1668 2602 de
1722 2543 1848 2601 me
1886 2545 2168 2627 sparsa,
2219 2524 2706 2631 subjungens
2820 2527 2823 2630 f

411 2657 496 2727 ut
525 2649 719 2729 mihi
752 2655 1054 2733 animos
1083 2653 1420 2735 adderet.

519 2782 637 2860 Ad
671 2807 798 2861 me
828 2787 1088 2864 alitem
1114 2784 1393 2866 direxit
1420 2795 1828 2892 sequentes
1863 2785 2153 2866 litteras
2189 2815 2208 2864 ε

517 2921 562 2992 I
565 2917 1046 2996 llustrzlssime
1097 2945 1188 2998 ac
1249 2919 1687 2999 Reverendo
1746 2918 2101 2998 Domine.
2164 2961 2272 2978 -—
2338 2920 2470 2998 Ad
2514 2923 2705 3018 alia,

412 3077 586 3154 quse
623 3075 670 3128 a
707 3061 779 3128 te
819 3051 1468 3131 Immanissonum
1504 3061 1587 3130 in
1632 3051 1947 3131 modum
1980 3051 2183 3130 dono
2218 3058 2489 3156 accepi
2525 3077 2711 3157 ope·-

413 3209 596 3260 rum
652 3197 966 3264 tuorum
1023 3186 1527 3288 exemplaria,
1590 3209 1853 3263 reeens
1907 3209 2123 3262 nune
2164 3185 2463 3264 aceedit
2508 3187 2716 3290 quod

415 3321 592 3397 item
637 3347 686 3400 a
736 3331 806 3398 te
862 3329 972 3397 est
1019 3317 1116 3398 de
1167 3317 1506 3398 Parocho
1552 3329 1963 3397 exaratum
1976 3378 1993 3396 .
2048 3317 2266 3393 Sorte
2310 3319 2605 3397 accidit
2635 3327 2719 3397 ut

413 3451 552 3529 hoe
601 3456 737 3530 υίω
793 3463 1118 3556 accepto,
1168 3449 1749 3531 adnotationem
1792 3450 2101 3555 leqerim
2150 3450 2301 3552 ipsi
2334 3454 2717 3552 proemis-

412 3609 609 3682 sam,
652 3587 738 3662 in
768 3611 922 3688 qua
959 3583 1052 3663 de
1094 3587 1191 3662 iz‘s
1241 3585 1817 3680 animadvertis,
1874 3607 2046 3687 quoe
2078 3581 2279 3660 mihi
2308 3587 2555 3664 etiam
2598 3587 2719 3664 die

422 3717 516 3796 15
537 3719 741 3820 julii
769 3720 1123 3821 promimi
1155 3719 1769 3823 szynifi'caveras,
1818 3717 1985 3809 Qua
2032 3738 2223 3794 sane
2278 3738 2519 3794 omne
2574 3719 2723 3796 du-

417 3849 626 3928 bium
691 3827 1082 3953 aufertur,
1147 3863 1218 3928 et
1270 3863 1408 3930 tua
1458 3854 1707 3955 maqis·
1746 3859 1963 3956 patet
2018 3845 2205 3926 Sedi
2266 3847 2727 3950 Apostolieae

419 3984 939 4064 addictissimo
973 3985 1354 4066 voluntas,
1393 3985 1589 4063 Cum
1632 3983 2003 4087 Pontifici
2030 3979 2370 4060 Maximo
2412 4007 2724 4061 munus

421 4119 735 4196 nomine
798 4129 930 4198 tuo
995 4119 1244 4222 operis·
1292 4117 1800 4220 prom-mentis>=
1860 4113 2103 4194 obtuli
2154 4111 2252 4192 de
2316 4113 2355 4191 J
2364 4111 2671 4193 udieiis
2700 4175 2721 4212 ‚

281 4273 285 4278 ·
419 4251 628 4353 quod
681 4249 846 4354 Ipse
914 4256 1206 4358 eoeeepit
1255 4251 1821 4355 benzynzlsszme,
1884 4247 1979 4328 de
2030 4247 2127 4326 iis
2182 4269 2356 4350 quoe
2418 4245 2541 4325 ad
2606 4269 2733 4326 me
