2834 4959
1126 332 1279 381 mas
1317 334 1556 381 mmm.
2341 343 2412 399 42
2433 344 2466 399 7

174 483 339 533 men
396 480 621 531 coram
676 455 970 525 saeculari
1028 461 1326 547 potestate
1377 459 1588 528 varios
1655 464 1834 529 actus
1897 462 2173 537 dominii
2225 484 2462 545 exerat.

166 578 353 647 Nam
382 598 505 668 per
532 577 685 645 istos
710 578 919 659 actus,
951 592 1083 641 non
1118 570 1244 641 sibi
1266 572 1638 643 dominium
1667 577 1970 666 acquirit,
2005 583 2118 651 sed
2158 604 2460 659 commu..

165 692 397 761 nitati.
436 689 523 757 Et
564 685 987 778 quantumvis
1016 685 1114 755 lex
1140 685 1490 769 saeculariS,
1537 710 1671 757 non
1701 696 2176 779 communitati,
2204 700 2314 769 sed
2343 704 2468 793 ipsi

166 810 489 899 religioso
542 806 917 876 dominium
964 805 1228 889 tribuat,
1280 812 1493 877 tamen
1539 808 1746 879 facere
1799 814 2024 903 nequit
2081 823 2154 885 ut
2211 820 2346 911 ipse
2391 826 2473 894 sit

164 946 416 994 revera
460 928 523 994 et
562 924 637 991 in
671 922 1064 991 conscientia
1116 922 1445 991 dominus.
1491 922 1678 995 Unde
1723 925 1871 996 licet
1919 931 2240 1019 ejusmodi
2289 945 2468 1011 actus

166 1039 532 1109 videantur
577 1058 715 1107 esse
759 1044 939 1109 actus
982 1037 1287 1127 dominii,
1342 1047 1404 1107 et
1454 1038 1607 1108 tates
1659 1061 1698 1109 a
1743 1041 1882 1132 lege
1929 1048 2222 1117 saeculari
2277 1074 2472 1146 repu-

176 1162 443 1239 tentur,
482 1155 555 1221 in
580 1174 651 1221 re
677 1160 895 1223 tamen
922 1152 1092 1222 nihil
1118 1154 1296 1221 atiud
1325 1161 1480 1224 sunt
1505 1175 1702 1243 quam
1754 1158 1918 1227 meri
1965 1165 2146 1231 actus
2185 1166 2471 1239 admini-

176 1269 549 1352 strationis,
588 1291 699 1361 per
750 1290 913 1358 quos
966 1268 1135 1337 bona
1174 1268 1299 1337 sibi
1342 1270 1622 1359 acquirit
1673 1278 1734 1339 et
1781 1272 1860 1341 de
1911 1275 2138 1345 iisdem
2189 1281 2474 1373 disponit

186 1387 663 1455 communitas.

291 1501 442 1573 VH.
475 1502 741 1586 Quando
766 1501 867 1573 lex
894 1502 1218 1571 saecutaris
1242 1500 1469 1571 Galliae
1495 1502 1682 1571 desiit
1717 1512 1860 1573 vota
1917 1510 2300 1581 monialium
2329 1521 2474 1584 tan-

184 1642 401 1713 quam
430 1619 745 1689 solemnia
775 1626 839 1688 et
870 1616 1145 1689 dominii
1187 1614 1678 1709 incapacitatem
1708 1620 2076 1705 inducentia
2099 1646 2470 1719 agnoscere,

186 1758 331 1807 non
360 1737 511 1806 ideo
532 1736 782 1805 sublata
804 1740 899 1804 est
925 1742 1223 1803 votorum
1262 1732 1530 1813 illorum
1563 1736 1957 1806 solemnitas.
1989 1741 2058 1808 ld
2089 1746 2231 1811 erui
2275 1753 2478 1837 potest

184 1875 271 1923 ex
317 1874 634 1943 responso
668 1850 879 1921 Sacrae
918 1850 1417 1920 Poenitentiariae
1451 1850 1576 1917 diei
1628 1850 1708 1919 13
1755 1852 2057 1922 februarii
2110 1857 2305 1944 ¹841,
2347 1884 2476 1950 quo

184 1968 285 2039 ad
304 1967 857 2037 Cenomanensem
880 1966 1276 2057 Episcopum
1304 1965 1677 2035 rescribitur
1713 1992 1727 2034 ε
1762 1968 2116 2059 Moniales,
2147 1995 2296 2061 quae
2323 1989 2480 2045 ante

196 2082 653 2153 Gallicanam
686 2081 1259 2173 perturbationem
1300 2079 1662 2149 solemnem
1707 2081 1808 2149 rel
1811 2082 2098 2173 iqiosam
2109 2088 2438 2177 professio
2451 2128 2482 2141 -

186 2222 353 2269 nem
380 2199 741 2277 emiserint,
768 2194 1319 2287 veras‘reliqiosas
1342 2216 1476 2265 esse
1499 2196 1592 2289 (in
1614 2196 1820 2267 diario
1852 2199 2086 2267 L’Ami
2111 2200 2190 2269 de
2231 2202 2303 2271 la
2325 2204 2480 2274 reli-

190 2318 389 2408 qion,
418 2338 487 2385 n.
521 2314 725 2402 3423,
751 2314 833 2385 13
864 2315 1025 2383 avril
1058 2312 1280 2401 1841).
1315 2312 1411 2380 lbi
1441 2314 1618 2381 enim
1658 2336 1844 2381 veras
1867 2314 2216 2406 reliqiosas
2243 2319 2483 2391 intelli-

194 2435 295 2526 git
327 2431 531 2502 Sacra
570 2428 1051 2499 Poenitentiaria
1078 2450 1207 2513 eas,
1240 2450 1522 2519 quarum
1557 2436 1702 2499 vota
1735 2430 2050 2500 solemnia
2076 2439 2233 2502 sunt
2264 2461 2280 2504 ε
2311 2438 2484 2526 quod

192 2555 381 2641 patet
422 2568 500 2616 ex
554 2551 863 2637 usurpato
906 2546 990 2614 ab
1038 2546 1261 2614 eadem
1310 2542 1379 2612 S.
1441 2542 1917 2614 Poenitentiaria
1955 2548 2262 2639 loquendi
2297 2553 2489 2621 modo

196 2666 426 2756 quoad
446 2664 605 2733 alias
630 2661 857 2739 Galliae
888 2660 1220 2748 monialae,
1252 2678 1537 2749 quarum
1562 2665 1708 2725 vota
1739 2666 1812 2725 ut
1847 2662 2170 2751 simplicia
2189 2666 2490 2736 duntaxat

200 2780 439 2851 habet.
465 2777 627 2848 Nam
650 2779 719 2847 in
750 2777 877 2846 alio
894 2796 1196 2868 responso
1214 2773 1294 2842 ad
1313 2772 1618 2841 eumdem
1649 2770 2202 2844 Cenomanensem
2231 2776 2492 2867 Episco-

194 2918 407 2990 pum,
441 2894 486 2963 2
510 2896 794 2985 januarii
838 2892 1037 2975 1836,
1082 2894 1165 2962 de
1211 2910 1528 2959 novarum
1557 2887 1875 2977 ejusmodi
1915 2890 2304 2958 monialium
2339 2912 2492 2961 con·

194 3012 518 3084 ventibus
544 3012 831 3081 dixerat:
858 3012 915 3079 Α
955 3006 1103 3077 sede
1132 3010 1183 3076 A
1187 3006 1540 3099 postolica‚
1573 3002 1846 3072 attentis
1880 3003 2328 3095 peculiaribus
2363 3008 2491 3075 cir-

196 3140 523 3199 cum-stan
531 3128 669 3208 tiis,
696 3114 833 3196 n‘on
854 3137 1181 3216 tanquam
1204 3120 1464 3192 ordines
1489 3142 1634 3190 vere
1656 3130 1720 3189 et
1737 3121 2014 3212 proprie
2036 3119 2355 3211 reliqiosi,
2381 3123 2497 3191 sed

196 3246 313 3315 uti
357 3244 831 3337 piissimarum
872 3239 1155 3329 familiae
1204 3238 1617 3329 seminarum
1667 3235 2092 3305 aestimantur
2133 3236 2228 3327 (in
2289 3238 2492 3309 diario

196 3359 457 3431 L‘Ami
480 3357 561 3427 de
604 3358 679 3426 la
715 3356 1024 3449 reliqion‚
1053 3362 1229 3425 tomo
1256 3353 1367 3439 88,
1410 3372 1560 3443 pag.
1583 3350 1766 3439 405).
1798 3348 1982 3429 Quod
2015 3357 2228 3421 autem
2257 3353 2490 3424 harum

195 3478 651 3571 posteriorum
671 3481 811 3543 vota
828 3477 1131 3563 agnoscat
1150 3476 1464 3559 tanquam
1487 3467 1608 3535 sim
1617 3466 1829 3557 plicia,
1847 3464 2058 3555 palam
2085 3469 2250 3537 saciu
2261 3476 2332 3537 nt
2357 3472 2494 3541 haec

192 3594 513 3687 ejusdem
547 3589 613 3660 S.
650 3587 1141 3659 Poenitentiariae
1166 3584 1355 3654 verba
1526 3580 1896 3675 Respondet
1919 3604 1942 3651 .·
1969 3584 2196 3655 Novas
2226 3584 2494 3653 Gallia-

192 3742 368 3789 rum
387 3714 739 3797 moniales,
765 3734 911 3805 quoe
928 3710 1311 3780 institutum
1338 3704 1616 3797 aliquod
1630 3706 2008 3798 reliqiosum
2026 3718 2386 3793 sectantur,
2421 3708 2496 3777 in

196 3855 349 3926 quo
364 3831 731 3901 secundum
754 3830 895 3920 ejus
922 3824 1437 3919 acceptationem
1461 3836 1526 3893 et
1543 3822 2096 3916 approbationem
2115 3822 2200 3891 ab
2223 3826 2274 3891 A
2278 3838 2503 3916 posto-

198 3948 357 4018 lica
382 3944 533 4015 sede
546 3949 836 4038 factam,
847 3939 1686 4037 professionemsolemnem
1705 3960 1784 4007 ac
1801 3938 2124 4008 solemnia
2147 3950 2306 4006 vota
2315 3940 2504 4007 emit-

198 4078 351 4133 tere
378 4062 717 4149 deberent,
746 4071 811 4129 et
836 4056 1269 4129 nihilominus
1289 4077 1415 4146 per
1445 4066 1823 4143 temporum
1851 4052 2384 4121 circumstantias
2403 4062 2505 4121 at-

198 4202 341 4272 que
358 4200 451 4248 ex
466 4176 775 4269 praefatis
800 4172 1174 4243 rationibus
1202 4181 1356 4238 vota
1384 4166 1726 4255 duntaxat
1753 4166 2090 4258 simplicia
2119 4166 2314 4235 modo
2343 4190 2511 4239 nun-

198 4306 506 4388 cupant,
536 4292 857 4362 moniales
878 4290 1174 4383 profecto
1204 4286 1396 4371 istae,
1431 4283 1590 4353 licet
1613 4282 1916 4352 maxima
1947 4282 2514 4355 commendatione

200 4412 455 4502 diqnoe
481 4408 639 4479 sint.
654 4460 669 4477 .
684 4460 699 4479 .
722 4460 741 4499 ,
764 4408 947 4501 ipsas
972 4416 1197 4474 tamen
1224 4404 1298 4471 in
1324 4398 1554 4470 ardeae
1581 4422 1662 4469 ac
1695 4398 2019 4493 reliqione
2045 4422 2172 4470 sua
2197 4422 2346 4471 vere
2363 4423 2518 4495 pro-

472 4532 524 4582 1.
2164 4524 2233 4579 ιτ
