2834 4959
1138 342 1293 391 PARS
1336 342 1578 391 TERTIA·
2378 336 2412 393 3
2423 338 2454 392 7
2469 336 2504 393 5

223 498 261 541 ιι
284 479 389 541 tor
428 465 771 537 humiliter
813 463 997 553 petit,
1050 462 1226 553 quod
1272 462 1592 533 Sanctitas
1625 462 1854 533 Vestra
1900 462 2228 532 declarare
2269 464 2502 555 digne-

220 612 257 654 α
280 594 397 656 tur
443 583 571 651 hoc
612 600 731 649 suo
780 578 1105 669 proposito
1152 580 1259 669 agi
1307 578 1389 648 de
1431 578 1818 649 monasterio
1863 576 2280 663 restituendo,
2332 582 2507 669 quod

221 728 259 770 α
284 700 480 771 nullo
506 700 657 789 jure
681 694 782 765 vis
820 699 1181 786 praepotens
1226 694 1584 777 deleverat3
1625 716 1708 764 ne
1736 694 1809 763 in
1847 693 1972 763 hac
2015 694 2508 764 reaedificatione

220 844 257 884 α
290 814 609 905 religiosae
632 812 864 881 domus
888 811 1102 899 stricte
1125 809 1468 901 exig-antur
1488 832 1637 901 quae
1661 831 1777 901 pro
1803 810 1990 879 novis
2019 808 2512 886 fundationibus

226 958 269 998 a
294 930 493 1001 Sacra
535 926 961 1017 congregatio
989 945 1186 1017 super
1240 926 1516 1017 negotiis
1559 924 1692 995 EE.
1747 931 1810 995 et
1851 923 1984 993 RR.
2025 926 2366 1017 praeposita
2405 924 2510 994 die

226 1074 265 1114 α
300 1048 382 1115 17
410 1046 567 1115 maii
600 1042 801 1129 1603,
836 1048 899 1109 et
938 1040 1043 1110 die
1075 1040 1163 1109 10
1184 1040 1411 1131 aprilis
1444 1041 1616 1111 1614
1649 1042 1955 1113 decrevit.
1997 1038 2184 1121 Quod
2210 1060 2326 1131 pro
2353 1060 2507 1129 gra-

224 1186 263 1227 «
290 1161 411 1249 tia,
440 1164 566 1228 etc.
2235 1226 2248 1231 -

318 1300 355 1343 ιι
376 1274 473 1343 Ex
496 1272 825 1343 audientia
862 1270 1295 1360 sanctissimi,
1328 1271 1548 1341 habita
1574 1271 1656 1341 ab
1689 1271 1860 1340 infra
1889 1271 2130 1362 scripto
2173 1270 2510 1339 secretario

228 1414 265 1456 a
294 1386 831 1478 congregationis
874 1386 1351 1479 Episcoporum
1396 1393 1459 1456 et
1501 1387 1904 1478 regularium
1923 1440 1942 1472 ‚
1989 1386 2112 1457 sub
2157 1386 2262 1455 die
2309 1385 2353 1454 8
2397 1406 2513 1455 au-

238 1528 277 1570 a
306 1506 477 1593 gusti
519 1502 717 1585 1834,
760 1501 1079 1572 Sanctitas
1104 1502 1259 1591 Sua,
1302 1508 1540 1576 attenta
1581 1504 1887 1574 relatione
1913 1500 1990 1571 P.
2024 1500 2350 1593 praepositi
2397 1522 2512 1591 ge·-

230 1644 267 1687 «
298 1619 533 1689 neralis
606 1617 895 1699 Ordinis,
966 1617 1250 1709 benigne
1318 1618 1586 1705 annuit3
1642 1625 1706 1688 et
1778 1624 2114 1710 propterea
2182 1616 2515 1686 mandavit

226 1760 265 1805 α
290 1735 617 1807 committi
656 1733 973 1826 Episcopo
1020 1734 1345 1825 Brugensi
1390 1739 1487 1817 ut,
1537 1736 1704 1803 veris
1741 1733 2162 1803 existentibus
2205 1733 2504 1813 narratis,

228 1877 266 1920 ιι
302 1852 385 1921 de
423 1850 855 1940 intelligentia
903 1848 979 1919 P.
1024 1850 1251 1919 vicarii
1294 1848 1611 1939 generalis
1655 1847 2152 1917 carmelitarum
2182 1846 2510 1914 excalcea-

233 1990 277 2032 α
300 1971 551 2051 torum,
596 1964 675 2031 ad
712 1966 1087 2034 monasterii
1118 1964 1589 2034 restitutionem
1635 1962 1882 2053 praefati
1922 1959 2190 2030 Ordinis
2235 1960 2306 2026 in
2347 1958 2507 2025 civi-

232 2104 271 2144 «
307 2083 435 2148 tate
462 2076 653 2169 Ypris
692 2100 809 2169 pro
844 2099 963 2147 suo
1007 2078 1274 2147 arbitrio
1302 2084 1365 2148 et
1390 2075 1780 2147 conscientia
1819 2073 2142 2157 deveniat,
2194 2071 2265 2137 in
2307 2089 2510 2159 eoque

230 2222 267 2262 α
294 2196 785 2287 superiorissam
813 2247 833 2285 ‚
885 2196 1199 2265 moniales
1248 2201 1311 2285 et
1356 2195 1634 2263 famulas
1680 2192 1924 2263 eisdem
1970 2190 2253 2261 addictas
2309 2187 2512 2255 intro-

233 2336 269 2378 «
296 2312 517 2397 ducat,
567 2312 951 2381 novitiatum
991 2312 1310 2399 instituat,
1350 2311 1803 2403 probatasque,
1847 2307 2110 2377 servatis
2153 2300 2504 2380 servandiS,

174 2424 183 2429 “
230 2450 267 2492 α
293 2426 373 2497 ad
417 2426 725 2496 habitum
774 2436 836 2495 et
873 2426 1029 2496 dein
1075 2428 1157 2495 ad
1206 2428 1666 2520 professionem
1721 2424 2037 2512 admittat,
2085 2424 2268 2513 Juxta
2313 2416 2508 2487 Ordi-

234 2568 269 2609 α
296 2544 405 2613 nis
449 2543 935 2613 constitutiones
975 2549 1040 2613 et
1074 2544 1448 2613 monasterii
1480 2544 1758 2633 regulas,
1803 2540 2198 2630 servatisque
2241 2535 2322 2604 iis
2365 2554 2508 2602 om-

233 2684 271 2724 a
295 2658 495 2727 nibus
538 2662 725 2749 juxta
780 2664 1153 2750 temporum
1180 2712 1197 2745 ,
1255 2640 1684 2749 personarum
1738 2661 1802 2723 et
1857 2658 2156 2725 locorum
2215 2652 2504 2721 circum-

241 2798 279 2837 «
306 2774 589 2861 stantiae,
618 2796 766 2865 quae
793 2775 885 2843 in
925 2774 1308 2864 hujusmodi
1354 2768 1894 2841 monasteriorum
1929 2765 2507 2857 repristinationes,

238 2912 274 2955 α
305 2887 675 2959 clausuram
734 2896 799 2959 et
843 2892 1269 2959 monasticam
1311 2884 1790 2957 observantiam
1839 2904 1878 2949 a
1922 2874 2507 2949 Constitutionibus

234 3029 269 3071 α
296 3004 689 3097 Apostolicis
742 3011 807 3074 et
849 3005 1123 3075 decretis
1183 3001 1572 3073 sacrosancti
1622 2996 1884 3068 concilii
1940 2991 2308 3063 Tridentini
2357 3012 2510 3061 san-

235 3146 271 3188 a
298 3122 589 3191 ctissime
628 3122 1163 3212 praescribuntur.
1209 3158 1301 3172 --
1339 3116 1584 3188 Romae.
1633 3152 1726 3167 -
1757 3114 1832 3185 C.
1880 3110 2072 3213 Card.
2105 3106 2508 3189 Odescalcbi‚

232 3253 269 3295 α
302 3228 493 3319 praef.
526 3264 617 3279 —
658 3226 717 3295 J.
772 3226 1080 3318 Archiep.
1129 3224 1399 3317 Ephes.,
1441 3228 1663 3294 secret.
1715 3258 1806 3274 —
1833 3214 2375 3290 Concordantiam
2419 3219 2511 3279 at-

238 3372 273 3413 «ι
298 3352 499 3415 testor
522 3366 673 3414 cum
703 3344 1005 3433 originali
1040 3369 1057 3412 ε
1097 3342 1175 3413 F.
1209 3342 1574 3412 Brocardus
1601 3362 1640 3411 a
1665 3336 1734 3409 S.
1762 3335 2068 3406 Theresia
2094 3334 2166 3405 C.
2199 3332 2276 3403 D.
2305 3352 2512 3403 secre-

236 3485 271 3527 a
298 3462 539 3531 tarius.
568 3484 605 3527 n

324 3575 621 3666 Quisque
662 3576 813 3644 satis
858 3596 935 3644 ex
979 3575 1107 3645 hoc
1148 3574 1461 3665 rescripto
1499 3570 1828 3664 perspicit,
1874 3590 1952 3639 ex
1983 3568 2358 3661 spoliatione
2399 3583 2513 3631 seu

226 3690 621 3761 alienatione
659 3689 920 3761 aedificii
962 3689 1313 3760 materialis
1362 3687 1636 3758 minime
1676 3686 1921 3757 aboleri
1965 3686 2075 3775 jus
2139 3675 2515 3750 communi-

228 3808 411 3889 tatis,
469 3814 663 3897 atque
712 3805 871 3881 adeo
912 3807 1023 3896 jus
1071 3805 1500 3897 conquirendi
1544 3824 1968 3875 communem
2025 3795 2514 3869 habitationem.

234 3920 313 3987 in
346 3939 471 4007 qua
516 3902 843 4009 regulares
882 3919 1065 4010 juxta
1110 3926 1345 3989 statuta
1372 3919 1640 3990 Ordinis
1688 3920 1791 3988 sui
1845 3918 2068 3987 vacent
2105 3912 2241 3981 suis
2290 3904 2522 3978 officiis

228 4040 295 4103 et
346 4032 749 4122 ministeriis,
806 4056 953 4126 quae
985 4057 1061 4105 ex
1110 4036 1486 4128 praescripto
1534 4036 1776 4127 regulae
1827 4031 2106 4125 propriae
2157 4022 2522 4118 peragenda

228 4160 408 4217 sunt.

323 4260 703 4333 Pnorosrrio
739 4264 882 4336 ΙΨ.
924 4304 1015 4319 -
1042 4269 1385 4338 Romanus
1427 4265 1744 4357 Pontifex
1785 4259 2205 4355 reqularium
2235 4254 2526 4346 alicujus

232 4375 537 4448 civitatis
578 4382 1064 4453 monasterium
1108 4384 1442 4467 alienans,
1493 4404 1630 4452 non
1671 4376 2025 4450 censendus
2081 4385 2175 4443 est
2213 4373 2525 4465 privatos
