2834 4959
1030 361 1179 410 mas
1226 365 1517 414 saeuum.
2279 359 2398 418 241

165 481 311 552 novi
349 479 599 548 ordinis
648 477 947 569 reliqiosi
994 483 1542 574 approbationem
1591 493 1658 551 et
1713 482 2288 557 introductionem.
2320 527 2409 544 -

163 597 497 688 propositio
526 596 893 684 praecedens
936 600 1208 668 omnino
1236 611 1409 670 certa
1445 604 1540 669 est
1567 606 1630 666 et
1661 599 1978 686 tenenda3
2021 607 2083 668 et
2126 604 2240 692 qui
2265 626 2410 676 eam

70 707 77 718 '
164 718 581 806 impugnaret,
618 734 657 780 a
702 733 857 780 sana
886 712 1179 784 doctrina
1225 716 1453 808 procul
1493 714 1692 784 dubio
1731 713 2028 786 aberrare
2055 721 2412 792 censendus

166 831 340 897 foret.
380 829 459 896 At
506 849 789 918 praesens
830 830 1025 898 thesis
1053 853 1181 899 non
1213 834 1297 899 ita
1336 837 1429 900 est
1455 837 1628 900 extra
1663 851 1925 899 omnem
1965 835 2232 903 omnino
2257 858 2414 908 con-

164 945 519 1012 troversiam
573 944 800 1032 posita.
844 939 1107 1012 Etenim
1136 943 1337 1034 aliqui
1374 947 1666 1020 doctores
1696 947 2098 1016 admiserunt
2124 951 2416 1024 absolute

170 1079 350 1150 posse
372 1059 751 1148 contingere,
800 1063 876 1126 ut
924 1057 1093 1149 Papa
1138 1069 1327 1142 erret,
1360 1061 1595 1130 utilem
1623 1062 2046 1132 existimando
2072 1067 2226 1134 novi
2263 1068 2422 1140 reli-

170 1173 331 1261 giosi
376 1173 603 1242 ordinis
646 1173 1038 1243 erectionem
1092 1173 1255 1263 (vide
1288 1173 1692 1262 Sum-esium,
1737 1174 1880 1244 loco
1921 1178 2138 1259 citato,
2169 1201 2238 1248 n.
2272 1181 2412 1274 22).

57 1373 59 1376 y
172 1288 503 1378 Contigisse
520 1293 741 1356 autem
776 1287 1125 1378 aliquando
1150 1311 1434 1360 errorem
1457 1291 1872 1380 eiuscemodi,
1895 1313 1940 1392 ‘a
1967 1293 2148 1363 nullo
2171 1297 2420 1387 reperio

57 1407 59 1472 ἶ
172 1405 426 1489 dietum,
470 1409 905 1496 praeterquam
956 1426 997 1472 a
1038 1403 1389 1475 Melchiore
1432 1405 1632 1490 Cane,
1683 1405 1763 1476 de
1810 1428 1940 1496 quo
1997 1407 2092 1476 sic
2163 1411 2424 1482 adnotat

172 1519 481 1589 Suaresius
510 1544 533 1588 ε
573 1544 611 1586 α
638 1517 843 1605 Cano,
886 1539 1021 1588 non
1050 1526 1303 1590 tantum
1332 1522 1409 1593 de
1439 1520 1750 1611 possibili,
1779 1523 1890 1590 sed
1917 1523 2112 1594 etiam
2135 1524 2214 1596 de
2255 1526 2424 1598 facto

180 1665 205 1702 α
238 1639 557 1728 loquitur3
586 1643 831 1706 etcum
854 1641 1027 1704 tanta
1064 1637 1584 1724 exaggeratione,
1611 1643 1689 1706 ut
1712 1639 1806 1706 sic
1834 1640 2074 1708 scribat
2103 1665 2121 1708 ε
2171 1644 2256 1710 In
2299 1643 2424 1712 hoc

176 1777 203 1812 α
233 1753 461 1820 saeculo
503 1764 649 1820 tam
691 1751 927 1820 multoe
954 1763 1115 1820 sunt
1138 1752 1489 1842 reliqiones
1525 1775 1568 1819 a
1606 1755 1888 1823 Summe
1916 1756 2242 1844 Pontifiee
2269 1780 2428 1827 eon-

180 1893 209 1930 «
240 1868 551 1954 firmatae,
582 1879 661 1934 ut
706 1866 824 1957 qui
864 1889 977 1934 eas
1021 1887 1242 1932 omnes
1277 1867 1453 1933 tueri
1493 1865 1808 1952 voluerit,
1853 1880 2175 1958 tanquam
2199 1872 2428 1939 Eccle-

189 2006 221 2042 ιι
254 1980 363 2046 sia»
406 1980 507 2047 vel
550 1981 769 2067 utiles,
820 1981 926 2048 vel
962 1979 1387 2059 necessarias,
1439 1979 1545 2048 hio
1571 1979 2064 2071 imprudentiae,
2099 2004 2180 2049 ne
2205 1980 2430 2050 dicam

186 2096 540 2164 «stultitiae
560 2098 855 2185 nomine,
890 2097 1051 2188 jure
1083 2097 1341 2187 optimo
1366 2096 1646 2164 summis
1673 2096 2046 2166 rationibus
2085 2109 2429 2190 arquetm.

186 2235 215 2272 α
242 2209 355 2278 Ubi
382 2214 587 2296 tacite,
619 2218 743 2280 eta
772 2213 1048 2294 fortiori,
1104 2210 1275 2300 ipsos
1320 2209 1668 2280 Pontifices
1715 2211 2049 2294 SummoS,
2081 2214 2196 2302 qui
2223 2218 2436 2304 poste-

188 2351 215 2387 «
241 2327 429 2395 riores
442 2328 795 2417 religiones
807 2329 1308 2408 confirmarunt,
1334 2327 1788 2418 imprudentiae
1803 2336 1864 2397 et
1887 2329 2167 2399 stultitiae
2183 2333 2429 2419 arguit:

190 2469 217 2506 α
242 2464 383 2512 nam
437 2444 495 2512 si
550 2445 843 2536 ipsarum
890 2442 1250 2512 defensores
1304 2443 1498 2512 talem
1549 2449 1770 2514 notam
1827 2451 2186 2533 merentur,
2229 2444 2436 2514 multo

193 2580 225 2618 ιι
248 2559 437 2645 magia
478 2557 609 2648 ipsi
656 2557 1011 2629 conditores
1041 2579 1149 2624 seu
1180 2555 1501 2626 authores,
1534 2557 1624 2624 At
1643 2558 1756 2626 hic
1779 2561 2198 2646 gravissimus
2226 2581 2438 2630 exces-

199 2693 229 2730 α
257 2691 354 2738 sus
372 2679 481 2759 est,
514 2674 780 2764 nequid
806 2676 1018 2764 majus
1046 2673 1283 2740 dicam.
1314 2695 1349 2736 x>
1386 2672 1506 2762 (De
1526 2669 1880 2760 Reliqione,
1907 2680 2078 2742 tomo
2106 2676 2174 2762 3,
2211 2675 2328 2743 lib.
2363 2675 2433 2758 2,

192 2805 322 2874 cap.
363 2788 455 2878 ¹21,
494 2810 566 2858 n.
604 2788 747 2879 22.)
780 2787 923 2869 Quo
954 2790 1305 2878 praenotato
1332 2785 1413 2852 de
1455 2783 1774 2852 contraria
1797 2788 2268 2855 nonnullorum
2295 2789 2441 2875 opi-

192 2902 389 2986 nione,
434 2905 723 2976 dicimus
769 2925 983 2972 errare
1026 2923 1159 2972 non
1214 2921 1397 2990 posse
1443 2897 1816 2966 Romanum
1868 2897 2275 2984 Pontificem,
2327 2921 2442 2990 op-

192 3021 507 3106 portunam
586 3025 654 3089 et
725 3020 957 3088 utilem
1022 3015 1448 3089 existimando
1513 3033 1696 3091 novae
1753 3013 2034 3104 alicujus
2105 3015 2440 3104 religionis

186 3136 691 3224 approbationem
732 3141 797 3208 et
840 3133 1409 3204 introductionem.
1464 3129 1634 3200 Nam
1679 3129 1734 3200 si
1780 3131 1904 3199 hac
1949 3129 2020 3198 in
2061 3153 2131 3199 re
2177 3131 2440 3201 fallere-

194 3253 313 3328 tur,
352 3272 552 3320 novus
599 3249 683 3319 ab
726 3250 864 3340 ipso
912 3249 1301 3340 approbatus
1344 3245 1688 3334 religiosus
1731 3245 1911 3331 ordo,
1963 3251 2182 3336 utpote
2218 3244 2443 3317 Eccle-

194 3357 297 3428 siae
331 3366 610 3448 nocivus,
638 3349 747 3433 vel'
776 3365 999 3433 saltem
1032 3363 1309 3446 inutilis,
1348 3383 1484 3431 non
1513 3367 1676 3429 esset
1705 3361 1864 3448 quid
1895 3359 2030 3427 Deo
2071 3371 2435 3456 acceptum.

190 3471 351 3568 E'r30
390 3501 507 3550 nec
554 3485 719 3548 esset
762 3479 1041 3569 practice
1068 3485 1265 3544 status
1318 3475 1397 3543 ad
1453 3473 1911 3564 perfectionem
1969 3478 2436 3566 acquirendam

192 3591 465 3666 idoneus.
526 3597 702 3684 Ergo
742 3615 989 3668 novum
1037 3592 1219 3660 hunc
1260 3589 1558 3658 ordinem
1601 3589 1918 3658 universis
1964 3589 2264 3657 fidelibus
2296 3611 2446 3680 pro-

192 3712 465 3794 ponendo
514 3718 829 3800 tanquam
889 3715 1123 3776 statum
1181 3704 1615 3796 perfectioniS,
1668 3725 1776 3774 eos
1841 3703 2180 3794 deciperet.
2255 3703 2440 3792 Item,

194 3821 313 3889 hoc
361 3827 489 3915 ipso
541 3826 716 3918 quod
772 3845 1015 3893 novum
1068 3822 1233 3889 illud
1282 3821 1653 3888 institutum
1698 3819 1932 3890 inutile
1975 3825 2085 3888 aut
2140 3820 2448 3888 nocivum

196 3933 473 4012 Ecclesiae
517 3945 704 4024 foret,
758 3961 892 4009 non
954 3945 1164 4030 posset
1211 3937 1339 4006 dici
1390 3935 1772 4028 simpliciter
1817 3940 1878 4002 et
1927 3934 2106 4002 omni
2160 3954 2233 4000 ex
2275 3937 2450 4022 parte
2555 3931 2564 3942 “

196 4054 520 4129 honestum
576 4066 639 4128 et
688 4063 1035 4127 sanctum:
1082 4075 1235 4144 ergo
1281 4075 1460 4122 error
1513 4052 1584 4119 in
1629 4052 1980 4139 ipsummet
2011 4047 2340 4135 judicium
2373 4049 2452 4116 de

200 4175 334 4240 novi
370 4174 611 4246 ordinis
637 4175 969 4243 honestate
1012 4169 1311 4257 caderet3
1341 4168 1513 4257 quod
1545 4183 1956 4252 nequaquam
1986 4160 2240 4230 admitti
2273 4183 2453 4254 posse

198 4287 375 4358 modo
399 4291 745 4382 probatum
768 4295 885 4360 est.
921 4285 1106 4358 Unde
1136 4305 1397 4375 prorsus
1421 4276 1928 4366 derelinquenda
1970 4279 2192 4348 minus
2247 4280 2456 4349 consi·

459 4415 507 4462 1.
2107 4400 2170 4447 16
