2834 4959
1115 360 1268 407 PARS
1309 360 1569 418 QUARTA.
2344 358 2379 412 6
2392 358 2423 413 3
2434 358 2469 413 3

213 488 468 557 «tionis
523 506 640 578 per
699 482 1229 574 quinquennium
1285 482 1590 567 inductae,
1644 490 1705 551 et
1770 484 1915 554 ideo
1972 489 2089 577 qui
2156 506 2299 557 vere
2340 510 2473 557 non

209 630 247 672 «
275 602 641 687 ratificavit,
689 622 823 669 non
863 598 1062 667 teneri
1107 600 1178 667 in
1227 599 1366 667 foro
1401 601 1813 669 conscientiae
1844 604 1914 669 in
1970 602 2279 692 religione
2326 626 2472 695 per·-

210 745 248 789 α
277 740 593 804 severare,
663 738 786 785 nec
833 716 914 784 ad
973 713 1039 782 id
1104 714 1376 805 obligari
1434 716 1713 805 potuisse
1768 738 1805 785 a
1866 718 2177 798 concilio;
2247 740 2475 789 verum

209 862 252 903 α
277 836 474 905 etiam
518 833 798 903 affirmat
839 815 1206 900 credentem
1253 854 1318 899 se
1361 853 1499 900 esse
1540 832 1805 904 nulliter
1844 834 2230 924 professum,
2282 834 2475 903 etiam

211 978 253 1018 α
281 951 494 1041 elapso
533 949 988 1039 quinquennio
1039 968 1244 1039 posse,
1295 946 1559 1015 dimisso
1606 947 1855 1032 habitu,
1902 953 2041 1017 tuta
2086 950 2479 1020 conscientia

213 1093 250 1133 α
285 1068 506 1155 sugere
552 1087 588 1133 a
634 1064 1034 1152 religione...
1091 1062 1416 1151 Amplius,
1460 1086 1528 1130 n.
1575 1063 1661 1131 10
1694 1070 1757 1131 et
1783 1063 1897 1151 23,
1930 1068 2178 1149 asserit,
2232 1066 2311 1133 ad
2355 1066 2477 1135 hoc

217 1208 252 1249 (ι
281 1188 368 1250 ut·
409 1180 675 1249 nulliter
734 1179 1060 1270 professus
1113 1184 1451 1247 censeatur
1510 1179 1825 1248 ratificare
1886 1200 2071 1247 suam
2141 1180 2479 1273 professio·

217 1323 252 1363 α
285 1318 466 1384 nem,
537 1296 893 1363 necessario
943 1294 1415 1384 expectandum
1496 1315 1631 1363 esse
1689 1295 1943 1385 lapsum
2006 1296 2472 1385 quinquennii3

220 1438 255 1481 tt
284 1432 406 1481 nec
458 1410 539 1479 ad
572 1411 637 1481 id
689 1410 986 1479 sufficere
1031 1416 1210 1478 actus
1239 1408 1700 1499 professorum,
1742 1411 1991 1479 etiamsi
2032 1410 2191 1479 sciat
2234 1411 2477 1501 profes·

217 1552 256 1595 α
285 1529 538 1597 sionem
589 1544 950 1618 expressam
1007 1522 1200 1591 fuisse
1251 1522 1542 1607 nullam3
1601 1523 1967 1591 existimans
2019 1520 2477 1614 professionem

219 1668 254 1711 t(
287 1641 546 1711 tacitam
582 1661 714 1708 non
749 1639 976 1708 induci
1009 1659 1124 1729 per
1149 1642 1328 1706 actus
1353 1638 1812 1728 professorum,
1844 1636 2106 1728 quando
2152 1638 2477 1729 praecessit

220 1782 256 1823 e<
284 1756 594 1848 professio
613 1773 902 1845 expressa
925 1754 1104 1823 irrita
1135 1776 1153 1822 t
1175 1758 1394 1822 contra
1410 1760 1651 1822 textum
1670 1759 1965 1845 apertum
1994 1754 2067 1820 in
2088 1774 2228 1842 cap.
2264 1753 2291 1819 1
2321 1751 2471 1843 (ibix

223 1896 260 1937 α
286 1870 394 1939 vel
436 1870 498 1937 si
534 1892 738 1960 quam
771 1870 964 1960 prius
998 1871 1275 1958 fecerat,
1333 1880 1561 1936 ratam
1594 1868 1901 1935 habuisse
1938 1864 2243 1949 videtum
2296 1872 2483 1955 atque

228 2005 266 2051 α
293 1985 390 2052 ibi
429 1984 680 2075 omnes)
723 1982 800 2052 de
841 1984 1308 2077 ReqularibuS,
1341 1985 1412 2052 in
1465 1983 1531 2051 6.
1578 1983 1790 2064 Quam
1844 1983 2099 2050 tacitam
2148 1981 2483 2070 professio-

231 2122 268 2166 α
295 2118 448 2167 nem
466 2098 922 2168 Tridentinum
947 2100 1296 2169 concilium
1313 2120 1445 2168 non
1456 2098 1741 2185 sustulit,
1758 2104 1829 2166 ut
1854 2099 2089 2189 saepius
2112 2095 2301 2165 Sacra
2320 2094 2487 2164 Con-

231 2238 267 2281 «
295 2216 585 2305 greg-atio
630 2214 989 2285 declaravit.
1044 2214 1246 2300 ldem,
1302 2238 1369 2283 n.
1414 2216 1523 2300 1¹,
1578 2219 1941 2283 constanter
1976 2212 2253 2281 affirmat
2284 2211 2484 2280 nulli-

231 2354 266 2397 α
297 2335 394 2398 ter
429 2330 812 2420 professum,
846 2332 1040 2401 etiam
1067 2332 1284 2424 elapso
1329 2330 1802 2422 quinquennio,
1834 2328 1983 2397 licet
2022 2325 2281 2395 sciverit
2301 2345 2487 2393 suam

231 2470 268 2511 <t
296 2445 752 2536 professionem
800 2446 995 2515 fuisse
1050 2449 1328 2534 nullam,
1382 2455 1598 2515 tamen
1645 2446 1701 2515 si
1748 2466 1891 2514 eam
1940 2445 2073 2512 non
2124 2442 2484 2528 ratificavit,

231 2587 268 2625 α
295 2582 478 2651 posse
519 2568 802 2632 cessante
841 2560 1144 2631 scandalo
1183 2564 1403 2652 (etiam
1451 2562 1689 2628 omissa
1724 2558 2203 2642 reclamatione,
2250 2564 2315 2625 et
2362 2576 2493 2623 non

235 2700 274 2742 t(
305 2674 594 2746 deductis
633 2678 726 2769 (1)
752 2698 968 2773 coram
997 2674 1364 2765 Ordinario)
1395 2676 1617 2763 fugam
1648 2676 1934 2762 arripere
1966 2678 2029 2741 et
2066 2692 2329 2738 uxorem
2373 2670 2496 2737 du-

231 2814 270 2855 «
301 2810 464 2879 cere,
518 2784 580 2859 ei
621 2814 754 2861 non
806 2794 1010 2861 teneri
1057 2792 1266 2861 redire
1303 2792 1383 2859 ad
1434 2787 1943 2869 monasterium,
1990 2804 2109 2851 nec
2158 2802 2293 2849 esse
2344 2802 2497 2869 apo-

237 2932 274 2973 «
303 2912 526 2977 statam
540 2935 560 2994 ;
617 2908 801 2977 nulla
842 2910 1060 2979 habita
1106 2910 1351 2978 ratione
1389 2905 1615 2975 saltem
1659 2901 1791 2971 voti
1832 2895 2271 2973 continentiae,
2324 2889 2494 2980 quod

235 3046 274 3088 α
303 3023 467 3091 inest
490 3025 868 3113 professioni
901 3026 1096 3093 etiam
1122 3025 1342 3108 nullae,
1373 3025 1559 3112 juxta
1590 3029 1831 3086 textum
1859 3014 1927 3083 in
1966 3011 2172 3102 capite
2210 3004 2496 3091 Quidam

241 3162 278 3201 «
311 3136 412 3227 (de
438 3141 872 3208 Conuersione
912 3142 1479 3231 conjuqatorum),
1509 3135 1623 3204 ubi
1654 3134 1750 3201 sic
1790 3133 2021 3199 docent
2048 3124 2491 3202 Innocentius,
2546 3169 2551 3175 -

237 3278 274 3318 α
301 3226 376 3322 tic
404 3257 616 3323 caeteri
663 3257 1026 3325 canonistae.
1062 3256 1399 3336 Quinimo,
1435 3274 1503 3319 n.
1552 3248 1660 3334 13,
1696 3246 1889 3317 tradit
1928 3241 2270 3335 praelatum
2302 3258 2497 3326 regu-

239 3394 276 3432 «
305 3368 504 3437 larem
567 3390 750 3460 posse
801 3371 997 3439 etiam
1043 3372 1260 3461 elapso
1312 3363 1761 3458 quinquennio
1807 3358 2078 3427 nulliter
2134 3356 2495 3448 professum

240 3508 276 3550 α
305 3484 548 3553 occulte
600 3484 946 3567 dimittere,
996 3487 1050 3554 si
1097 3491 1345 3554 constet
1388 3481 1517 3550 sibi
1558 3481 1639 3549 de
1682 3476 1945 3545 veritate
1992 3495 2123 3541 non
2170 3473 2497 3539 ratificatae

237 3622 276 3663 α
304 3600 746 3689 professionis3
781 3600 1002 3669 dicens
1038 3621 1170 3669 non
1193 3601 1443 3668 obstare
1480 3594 1860 3675 concilium,
1902 3590 2057 3680 quia
2083 3586 2287 3655 solum
2334 3604 2499 3673 prae-

239 3738 276 3779 «
303 3714 459 3803 cipit
475 3718 818 3806 superiori,
845 3738 926 3785 ne
944 3717 1159 3784 audiat
1180 3715 1250 3782 in
1271 3716 1427 3806 soro
1446 3722 1717 3781 externo
1730 3729 1761 3793 ;
1786 3726 1931 3797 quae
1962 3710 2179 3772 tamen
2208 3699 2403 3768 verba
2430 3698 2501 3765 in

239 3852 276 3891 «
304 3828 454 3916 foro
483 3841 777 3915 externa,
811 3854 932 3901 nec
951 3853 1228 3921 usquam
1253 3829 1324 3897 in
1347 3851 1425 3897 eo
1446 3829 1699 3895 decreto
1720 3822 2155 3913 reperiuntur,
2174 3838 2293 3883 nec
2316 3815 2503 3882 tacite

238 3965 278 4007 α
305 3938 968 4031 subintelliguntur...
1025 3944 1128 4029 Et,
1165 3968 1230 4013 n.
1269 3943 1380 4027 32,
1430 3944 1493 4010 in
1526 3941 1569 4007 4
1597 3946 1855 4030 quaest„
1886 3942 2111 4003 contra
2136 3929 2505 4039 declaratio-

239 4080 278 4123 «
307 4078 459 4125 nem
501 4054 908 4129 Sanctissimi
941 4059 1022 4128 D.
1065 4059 1146 4128 N.
1193 4058 1444 4129 Urbani
1486 4062 1549 4124 et
1590 4054 1801 4124 Saerae
1828 4044 2379 4139 Congregationis‚
2418 4043 2507 4109 ait

239 4198 278 4240 α
305 4172 552 4246 dictum
608 4184 804 4267 caput
852 4176 936 4246 19
987 4199 1120 4247 non
1171 4174 1721 4267 comprehendere
1768 4166 2072 4237 habentes
2119 4169 2503 4253 perpetuum

296 4430 356 4493 (1)
385 4430 608 4485 Subaudi
631 4452 644 4484 ε
677 4434 962 4487 rationibus
981 4436 1102 4487 mair.
