<?xml version="1.0" encoding="UTF-8"?>
<!DOCTYPE html PUBLIC "-//W3C//DTD XHTML 1.0 Transitional//EN"
    "http://www.w3.org/TR/xhtml1/DTD/xhtml1-transitional.dtd">
<html xmlns="http://www.w3.org/1999/xhtml" xml:lang="en" lang="en">
 <head>
  <title>
</title>
<meta http-equiv="Content-Type" content="text/html;charset=utf-8" />
  <meta name='ocr-system' content='tesseract 3.04.00' />
  <meta name='ocr-capabilities' content='ocr_page ocr_carea ocr_par ocr_line ocrx_word'/>
</head>
<body>
  <div class='ocr_page' id='page_1' title='image "./tractatusdejure01unkngoog_0198.png"; bbox 0 0 2834 4959; ppageno 0'>
   <div class='ocr_carea' id='block_1_1' title="bbox 437 317 2693 561">
    <p class='ocr_par' dir='ltr' id='par_1_1' title="bbox 437 317 2693 561">
     <span class='ocr_line' id='line_1_1' title="bbox 437 317 2144 412; baseline -0.003 -14"><span class='ocrx_word' id='word_1_1' title='bbox 437 343 464 398; x_wconf 75' lang='lat'><strong>1</strong></span> <span class='ocrx_word' id='word_1_2' title='bbox 487 343 567 398; x_wconf 90' lang='lat'><strong>80</strong></span> <span class='ocrx_word' id='word_1_3' title='bbox 925 317 934 328; x_wconf 55' lang='lat'><em>⁶</em></span> <span class='ocrx_word' id='word_1_4' title='bbox 1027 349 1368 412; x_wconf 53' lang='lat' dir='ltr'><strong>mAcTarus</strong></span> <span class='ocrx_word' id='word_1_5' title='bbox 1413 349 1495 394; x_wconf 81' lang='lat' dir='ltr'><strong>m:</strong></span> <span class='ocrx_word' id='word_1_6' title='bbox 1532 347 1681 394; x_wconf 70' lang='lat' dir='ltr'><strong>mna</strong></span> <span class='ocrx_word' id='word_1_7' title='bbox 1730 347 2144 394; x_wconf 68' lang='lat' dir='ltr'><strong>assummum.</strong></span> 
     </span>
     <span class='ocr_line' id='line_1_2' title="bbox 437 465 2693 561; baseline 0 -21"><span class='ocrx_word' id='word_1_8' title='bbox 437 470 656 540; x_wconf 85' lang='lat' dir='ltr'><strong>deruis</strong></span> <span class='ocrx_word' id='word_1_9' title='bbox 695 466 996 560; x_wconf 74' lang='lat' dir='ltr'><strong>populis?</strong></span> <span class='ocrx_word' id='word_1_10' title='bbox 1041 469 1129 536; x_wconf 78' lang='lat' dir='ltr'><strong>At</strong></span> <span class='ocrx_word' id='word_1_11' title='bbox 1167 473 1300 538; x_wconf 83' lang='lat' dir='ltr'><strong>toto</strong></span> <span class='ocrx_word' id='word_1_12' title='bbox 1353 467 1515 536; x_wconf 88' lang='lat' dir='ltr'><strong>coelo</strong></span> <span class='ocrx_word' id='word_1_13' title='bbox 1562 487 1737 536; x_wconf 88' lang='lat' dir='ltr'><strong>erras</strong></span> <span class='ocrx_word' id='word_1_14' title='bbox 1786 492 1802 534; x_wconf 76' lang='grc' dir='ltr'><strong>ε</strong></span> <span class='ocrx_word' id='word_1_15' title='bbox 1848 485 2005 534; x_wconf 87' lang='lat' dir='ltr'><strong>nam</strong></span> <span class='ocrx_word' id='word_1_16' title='bbox 2044 472 2108 534; x_wconf 84' lang='lat' dir='ltr'><strong>et</strong></span> <span class='ocrx_word' id='word_1_17' title='bbox 2151 465 2459 536; x_wconf 82' lang='lat' dir='ltr'><strong>hodierni</strong></span> <span class='ocrx_word' id='word_1_18' title='bbox 2496 472 2693 561; x_wconf 91' lang='lat' dir='ltr'><strong>populi</strong></span> 
     </span>
    </p>
   </div>
   <div class='ocr_carea' id='block_1_2' title="bbox 325 582 2693 674">
    <p class='ocr_par' dir='ltr' id='par_1_2' title="bbox 325 582 2693 674">
     <span class='ocr_line' id='line_1_3' title="bbox 325 582 2693 674; baseline 0.001 -22"><span class='ocrx_word' id='word_1_19' title='bbox 325 593 332 600; x_wconf 81' lang='grc'>’</span> <span class='ocrx_word' id='word_1_20' title='bbox 435 585 764 674; x_wconf 83' lang='lat' dir='ltr'><strong>religiosos</strong></span> <span class='ocrx_word' id='word_1_21' title='bbox 805 583 1040 673; x_wconf 86' lang='lat' dir='ltr'><strong>maj0ri</strong></span> <span class='ocrx_word' id='word_1_22' title='bbox 1082 582 1487 651; x_wconf 81' lang='lat' dir='ltr'><strong>veneratione</strong></span> <span class='ocrx_word' id='word_1_23' title='bbox 1538 586 2063 673; x_wconf 80' lang='lat' dir='ltr'><strong>prosequuntur3</strong></span> <span class='ocrx_word' id='word_1_24' title='bbox 2112 587 2179 650; x_wconf 89' lang='lat' dir='ltr'><strong>et</strong></span> <span class='ocrx_word' id='word_1_25' title='bbox 2226 583 2466 672; x_wconf 84' lang='lat' dir='ltr'><strong>majori</strong></span> <span class='ocrx_word' id='word_1_26' title='bbox 2514 586 2693 674; x_wconf 82' lang='lat' dir='ltr'><strong>profe·</strong></span> 
     </span>
    </p>
   </div>
   <div class='ocr_carea' id='block_1_3' title="bbox 429 696 2742 4478">
    <p class='ocr_par' dir='ltr' id='par_1_3' title="bbox 431 696 2688 1942">
     <span class='ocr_line' id='line_1_4' title="bbox 435 696 2686 791; baseline -0.001 -20"><span class='ocrx_word' id='word_1_27' title='bbox 435 707 536 772; x_wconf 86' lang='lat' dir='ltr'><strong>oto</strong></span> <span class='ocrx_word' id='word_1_28' title='bbox 574 701 810 767; x_wconf 83' lang='lat' dir='ltr'><strong>virtute</strong></span> <span class='ocrx_word' id='word_1_29' title='bbox 849 699 929 768; x_wconf 87' lang='lat' dir='ltr'><strong>ad</strong></span> <span class='ocrx_word' id='word_1_30' title='bbox 975 715 1222 767; x_wconf 89' lang='lat' dir='ltr'><strong>munus</strong></span> <span class='ocrx_word' id='word_1_31' title='bbox 1265 696 1691 788; x_wconf 86' lang='lat' dir='ltr'><strong>apostolieum</strong></span> <span class='ocrx_word' id='word_1_32' title='bbox 1738 702 1905 766; x_wconf 87' lang='lat' dir='ltr'><strong>recte</strong></span> <span class='ocrx_word' id='word_1_33' title='bbox 1936 698 2399 785; x_wconf 79' lang='lat' dir='ltr'><strong>exequendum</strong></span> <span class='ocrx_word' id='word_1_34' title='bbox 2450 700 2686 791; x_wconf 84' lang='lat' dir='ltr'><strong>pollent,</strong></span> 
     </span>
     <span class='ocr_line' id='line_1_5' title="bbox 436 809 2688 908; baseline -0 -24"><span class='ocrx_word' id='word_1_35' title='bbox 436 817 552 908; x_wconf 89' lang='lat' dir='ltr'><strong>qui</strong></span> <span class='ocrx_word' id='word_1_36' title='bbox 593 816 1002 905; x_wconf 86' lang='lat' dir='ltr'><strong>reliquerunt</strong></span> <span class='ocrx_word' id='word_1_37' title='bbox 1038 815 1258 884; x_wconf 88' lang='lat' dir='ltr'><strong>omnia</strong></span> <span class='ocrx_word' id='word_1_38' title='bbox 1296 820 1371 888; x_wconf 90' lang='lat' dir='ltr'><strong>ut</strong></span> <span class='ocrx_word' id='word_1_39' title='bbox 1406 812 1741 881; x_wconf 83' lang='lat' dir='ltr'>Christum</span> <span class='ocrx_word' id='word_1_40' title='bbox 1787 818 2238 900; x_wconf 80' lang='lat' dir='ltr'><strong>sequerentur.</strong></span> <span class='ocrx_word' id='word_1_41' title='bbox 2286 809 2551 882; x_wconf 84' lang='lat' dir='ltr'><strong>Jesnitas</strong></span> <span class='ocrx_word' id='word_1_42' title='bbox 2588 815 2688 882; x_wconf 87' lang='lat' dir='ltr'><strong>de-</strong></span> 
     </span>
     <span class='ocr_line' id='line_1_6' title="bbox 433 925 2687 1020; baseline -0.003 -18"><span class='ocrx_word' id='word_1_43' title='bbox 433 932 699 1002; x_wconf 88' lang='lat' dir='ltr'><strong>finiebat</strong></span> <span class='ocrx_word' id='word_1_44' title='bbox 734 930 1087 1000; x_wconf 85' lang='lat' dir='ltr'><strong>modernus</strong></span> <span class='ocrx_word' id='word_1_45' title='bbox 1121 929 1413 1020; x_wconf 91' lang='lat' dir='ltr'><strong>quidam,</strong></span> <span class='ocrx_word' id='word_1_46' title='bbox 1456 925 1821 996; x_wconf 80' lang='lat' dir='ltr'><strong><em>sacerdotes</em></strong></span> <span class='ocrx_word' id='word_1_47' title='bbox 1888 925 1962 994; x_wconf 80' lang='lat' dir='ltr'><strong>in</strong></span> <span class='ocrx_word' id='word_1_48' title='bbox 2002 927 2419 1018; x_wconf 79' lang='lat' dir='ltr'><strong>superlativo</strong></span> <span class='ocrx_word' id='word_1_49' title='bbox 2454 929 2547 1018; x_wconf 87' lang='lat' dir='ltr'><strong>(oe</strong></span> <span class='ocrx_word' id='word_1_50' title='bbox 2570 939 2687 998; x_wconf 87' lang='lat' dir='ltr'><strong>sont</strong></span> 
     </span>
     <span class='ocr_line' id='line_1_7' title="bbox 432 1042 2680 1138; baseline -0.001 -23"><span class='ocrx_word' id='word_1_51' title='bbox 432 1048 544 1116; x_wconf 89' lang='lat' dir='ltr'><strong>des</strong></span> <span class='ocrx_word' id='word_1_52' title='bbox 583 1047 824 1138; x_wconf 74' lang='lat' dir='ltr'><strong>pretres</strong></span> <span class='ocrx_word' id='word_1_53' title='bbox 857 1068 942 1114; x_wconf 89' lang='lat' dir='ltr'><strong>au</strong></span> <span class='ocrx_word' id='word_1_54' title='bbox 981 1043 1365 1136; x_wconf 86' lang='lat' dir='ltr'><strong>superlatit&#39;).</strong></span> <span class='ocrx_word' id='word_1_55' title='bbox 1413 1042 1483 1113; x_wconf 89' lang='lat' dir='ltr'><strong>Si</strong></span> <span class='ocrx_word' id='word_1_56' title='bbox 1512 1044 1842 1111; x_wconf 79' lang='lat' dir='ltr'><strong>variorum</strong></span> <span class='ocrx_word' id='word_1_57' title='bbox 1868 1043 2183 1112; x_wconf 86' lang='lat' dir='ltr'>ordinum</span> <span class='ocrx_word' id='word_1_58' title='bbox 2211 1043 2533 1133; x_wconf 81' lang='lat' dir='ltr'><strong>regulares</strong></span> <span class='ocrx_word' id='word_1_59' title='bbox 2556 1067 2680 1114; x_wconf 86' lang='lat' dir='ltr'><strong>cum</strong></span> 
     </span>
     <span class='ocr_line' id='line_1_8' title="bbox 433 1158 2687 1233; baseline -0.001 0"><span class='ocrx_word' id='word_1_60' title='bbox 433 1163 851 1233; x_wconf 78' lang='lat' dir='ltr'><strong>saeoularibus</strong></span> <span class='ocrx_word' id='word_1_61' title='bbox 905 1161 1340 1231; x_wconf 83' lang='lat' dir='ltr'><strong>sacerdotibus</strong></span> <span class='ocrx_word' id='word_1_62' title='bbox 1393 1159 1655 1228; x_wconf 87' lang='lat' dir='ltr'><strong>relative</strong></span> <span class='ocrx_word' id='word_1_63' title='bbox 1709 1159 1789 1227; x_wconf 88' lang='lat' dir='ltr'><strong>ad</strong></span> <span class='ocrx_word' id='word_1_64' title='bbox 1850 1159 2017 1227; x_wconf 86' lang='lat' dir='ltr'><strong>sacri</strong></span> <span class='ocrx_word' id='word_1_65' title='bbox 2076 1158 2429 1228; x_wconf 88' lang='lat' dir='ltr'><strong>ministerii</strong></span> <span class='ocrx_word' id='word_1_66' title='bbox 2488 1164 2687 1230; x_wconf 84' lang='lat' dir='ltr'><strong>exerci-</strong></span> 
     </span>
     <span class='ocr_line' id='line_1_9' title="bbox 433 1272 2683 1368; baseline -0.001 -22"><span class='ocrx_word' id='word_1_67' title='bbox 433 1280 602 1346; x_wconf 86' lang='lat' dir='ltr'><strong>tium</strong></span> <span class='ocrx_word' id='word_1_68' title='bbox 630 1277 948 1358; x_wconf 84' lang='lat' dir='ltr'><strong>conferas,</strong></span> <span class='ocrx_word' id='word_1_69' title='bbox 989 1274 1163 1344; x_wconf 90' lang='lat' dir='ltr'><strong>nihil</strong></span> <span class='ocrx_word' id='word_1_70' title='bbox 1199 1274 1378 1343; x_wconf 87' lang='lat' dir='ltr'><strong>aliud</strong></span> <span class='ocrx_word' id='word_1_71' title='bbox 1414 1272 1815 1342; x_wconf 80' lang='lat' dir='ltr'><strong>discriminis</strong></span> <span class='ocrx_word' id='word_1_72' title='bbox 1843 1273 2124 1366; x_wconf 80' lang='lat' dir='ltr'><strong>reperies</strong></span> <span class='ocrx_word' id='word_1_73' title='bbox 2180 1274 2435 1364; x_wconf 85' lang='lat' dir='ltr'><strong>(attenta</strong></span> <span class='ocrx_word' id='word_1_74' title='bbox 2460 1280 2683 1368; x_wconf 81' lang='lat' dir='ltr'><strong>propria</strong></span> 
     </span>
     <span class='ocr_line' id='line_1_10' title="bbox 431 1389 2681 1482; baseline -0 -21"><span class='ocrx_word' id='word_1_75' title='bbox 431 1393 768 1482; x_wconf 87' lang='lat' dir='ltr'><strong>utriusque</strong></span> <span class='ocrx_word' id='word_1_76' title='bbox 795 1396 994 1460; x_wconf 89' lang='lat' dir='ltr'><strong>status</strong></span> <span class='ocrx_word' id='word_1_77' title='bbox 1021 1389 1406 1482; x_wconf 76' lang='lat' dir='ltr'><strong>aptitudine)</strong></span> <span class='ocrx_word' id='word_1_78' title='bbox 1447 1411 1651 1479; x_wconf 88' lang='lat' dir='ltr'><strong>quam</strong></span> <span class='ocrx_word' id='word_1_79' title='bbox 1696 1389 1872 1480; x_wconf 89' lang='lat' dir='ltr'><strong>quod</strong></span> <span class='ocrx_word' id='word_1_80' title='bbox 1914 1389 2209 1480; x_wconf 76' lang='lat' dir='ltr'><strong>religiosi</strong></span> <span class='ocrx_word' id='word_1_81' title='bbox 2248 1389 2589 1462; x_wconf 76' lang='lat' dir='ltr'><strong>sacerdotes</strong></span> <span class='ocrx_word' id='word_1_82' title='bbox 2628 1395 2681 1460; x_wconf 84' lang='lat' dir='ltr'><strong>in</strong></span> 
     </span>
     <span class='ocr_line' id='line_1_11' title="bbox 433 1503 2682 1599; baseline -0.001 -22"><span class='ocrx_word' id='word_1_83' title='bbox 433 1507 836 1599; x_wconf 79' lang='lat' dir='ltr'><strong>superlativo</strong></span> <span class='ocrx_word' id='word_1_84' title='bbox 877 1505 1167 1574; x_wconf 78' lang='lat' dir='ltr'><strong>existant.</strong></span> <span class='ocrx_word' id='word_1_85' title='bbox 1223 1504 1437 1594; x_wconf 84' lang='lat' dir='ltr'><strong>Atque</strong></span> <span class='ocrx_word' id='word_1_86' title='bbox 1477 1503 1545 1572; x_wconf 89' lang='lat' dir='ltr'><strong>id</strong></span> <span class='ocrx_word' id='word_1_87' title='bbox 1590 1525 1629 1573; x_wconf 88' lang='lat' dir='ltr'><strong>a</strong></span> <span class='ocrx_word' id='word_1_88' title='bbox 1664 1503 1993 1573; x_wconf 85' lang='lat' dir='ltr'><strong>modernis</strong></span> <span class='ocrx_word' id='word_1_89' title='bbox 2033 1505 2307 1598; x_wconf 83' lang='lat' dir='ltr'><strong>populis</strong></span> <span class='ocrx_word' id='word_1_90' title='bbox 2334 1529 2455 1576; x_wconf 88' lang='lat' dir='ltr'><strong>non</strong></span> <span class='ocrx_word' id='word_1_91' title='bbox 2492 1511 2682 1577; x_wconf 86' lang='lat' dir='ltr'><strong>minus</strong></span> 
     </span>
     <span class='ocr_line' id='line_1_12' title="bbox 433 1619 2679 1714; baseline 0 -24"><span class='ocrx_word' id='word_1_92' title='bbox 433 1643 634 1714; x_wconf 89' lang='lat' dir='ltr'><strong>quam</strong></span> <span class='ocrx_word' id='word_1_93' title='bbox 660 1621 742 1692; x_wconf 87' lang='lat' dir='ltr'><strong>ab</strong></span> <span class='ocrx_word' id='word_1_94' title='bbox 775 1620 1060 1712; x_wconf 83' lang='lat' dir='ltr'><strong>antiquis</strong></span> <span class='ocrx_word' id='word_1_95' title='bbox 1097 1621 1262 1689; x_wconf 87' lang='lat' dir='ltr'><strong>bene</strong></span> <span class='ocrx_word' id='word_1_96' title='bbox 1297 1619 1593 1710; x_wconf 79' lang='lat' dir='ltr'><strong>dignosci</strong></span> <span class='ocrx_word' id='word_1_97' title='bbox 1628 1621 2027 1710; x_wconf 82' lang='lat' dir='ltr'><strong>experientia</strong></span> <span class='ocrx_word' id='word_1_98' title='bbox 2068 1627 2365 1691; x_wconf 82' lang='lat' dir='ltr'><strong>testatur.</strong></span> <span class='ocrx_word' id='word_1_99' title='bbox 2406 1621 2679 1692; x_wconf 87' lang='lat' dir='ltr'><strong>Ubicum-</strong></span> 
     </span>
     <span class='ocr_line' id='line_1_13' title="bbox 433 1735 2678 1829; baseline -0.001 -23"><span class='ocrx_word' id='word_1_100' title='bbox 433 1759 560 1829; x_wconf 88' lang='lat' dir='ltr'><strong>que</strong></span> <span class='ocrx_word' id='word_1_101' title='bbox 583 1737 758 1806; x_wconf 86' lang='lat' dir='ltr'><strong>enim</strong></span> <span class='ocrx_word' id='word_1_102' title='bbox 795 1741 1042 1806; x_wconf 83' lang='lat' dir='ltr'><strong>exstant</strong></span> <span class='ocrx_word' id='word_1_103' title='bbox 1065 1735 1421 1825; x_wconf 82' lang='lat' dir='ltr'><strong>regulares,</strong></span> <span class='ocrx_word' id='word_1_104' title='bbox 1452 1736 1765 1804; x_wconf 87' lang='lat' dir='ltr'><strong>libentius</strong></span> <span class='ocrx_word' id='word_1_105' title='bbox 1792 1735 1876 1804; x_wconf 91' lang='lat' dir='ltr'><strong>ad</strong></span> <span class='ocrx_word' id='word_1_106' title='bbox 1904 1757 2015 1806; x_wconf 87' lang='lat' dir='ltr'><strong>eos</strong></span> <span class='ocrx_word' id='word_1_107' title='bbox 2042 1759 2257 1828; x_wconf 88' lang='lat' dir='ltr'><strong>quam</strong></span> <span class='ocrx_word' id='word_1_108' title='bbox 2288 1739 2368 1807; x_wconf 84' lang='lat' dir='ltr'><strong>ad</strong></span> <span class='ocrx_word' id='word_1_109' title='bbox 2394 1737 2678 1807; x_wconf 84' lang='lat' dir='ltr'><strong>saeculares</strong></span> 
     </span>
     <span class='ocr_line' id='line_1_14' title="bbox 433 1849 1493 1942; baseline -0.005 -22"><span class='ocrx_word' id='word_1_110' title='bbox 433 1852 832 1942; x_wconf 72' lang='lat' dir='ltr'><strong>presbyteros</strong></span> <span class='ocrx_word' id='word_1_111' title='bbox 865 1849 1084 1920; x_wconf 87' lang='lat' dir='ltr'><strong>fideles</strong></span> <span class='ocrx_word' id='word_1_112' title='bbox 1119 1856 1493 1920; x_wconf 88' lang='lat' dir='ltr'><strong>recurrunt.</strong></span> 
     </span>
    </p>

    <p class='ocr_par' dir='ltr' id='par_1_4' title="bbox 429 1966 2742 3418">
     <span class='ocr_line' id='line_1_15' title="bbox 519 1966 2675 2057; baseline -0.001 -21"><span class='ocrx_word' id='word_1_113' title='bbox 519 1967 703 2048; x_wconf 83' lang='lat' dir='ltr'><strong>Quod</strong></span> <span class='ocrx_word' id='word_1_114' title='bbox 733 1969 788 2038; x_wconf 87' lang='lat' dir='ltr'><strong>si</strong></span> <span class='ocrx_word' id='word_1_115' title='bbox 833 1973 1080 2036; x_wconf 90' lang='lat' dir='ltr'><strong>amotos</strong></span> <span class='ocrx_word' id='word_1_116' title='bbox 1105 1967 1328 2057; x_wconf 88' lang='lat' dir='ltr'><strong>cupias</strong></span> <span class='ocrx_word' id='word_1_117' title='bbox 1371 1966 1673 2054; x_wconf 87' lang='lat' dir='ltr'><strong>antiquos</strong></span> <span class='ocrx_word' id='word_1_118' title='bbox 1706 1966 2112 2055; x_wconf 80' lang='lat' dir='ltr'><strong>regularium</strong></span> <span class='ocrx_word' id='word_1_119' title='bbox 2168 1968 2445 2048; x_wconf 88' lang='lat' dir='ltr'><strong>ordines,</strong></span> <span class='ocrx_word' id='word_1_120' title='bbox 2484 1971 2549 2035; x_wconf 89' lang='lat' dir='ltr'><strong>ut</strong></span> <span class='ocrx_word' id='word_1_121' title='bbox 2582 1985 2675 2034; x_wconf 92' lang='lat' dir='ltr'><strong>no-</strong></span> 
     </span>
     <span class='ocr_line' id='line_1_16' title="bbox 430 2082 2669 2176; baseline -0 -27"><span class='ocrx_word' id='word_1_122' title='bbox 430 2103 544 2150; x_wconf 84' lang='lat' dir='ltr'><strong>vos</strong></span> <span class='ocrx_word' id='word_1_123' title='bbox 571 2083 944 2165; x_wconf 76' lang='lat' dir='ltr'><strong>substituaS,</strong></span> <span class='ocrx_word' id='word_1_124' title='bbox 985 2082 1321 2176; x_wconf 70' lang='lat' dir='ltr'><strong>hodiernis</strong></span> <span class='ocrx_word' id='word_1_125' title='bbox 1353 2082 1645 2150; x_wconf 87' lang='lat' dir='ltr'><strong>moribus</strong></span> <span class='ocrx_word' id='word_1_126' title='bbox 1672 2082 1881 2172; x_wconf 84' lang='lat' dir='ltr'><strong>magis</strong></span> <span class='ocrx_word' id='word_1_127' title='bbox 1905 2083 2445 2164; x_wconf 80' lang='lat' dir='ltr'><strong>accommodatos„</strong></span> <span class='ocrx_word' id='word_1_128' title='bbox 2479 2083 2669 2150; x_wconf 86' lang='lat' dir='ltr'><strong>iterum</strong></span> 
     </span>
     <span class='ocr_line' id='line_1_17' title="bbox 431 2195 2667 2288; baseline -0 -22"><span class='ocrx_word' id='word_1_129' title='bbox 431 2197 650 2266; x_wconf 87' lang='lat' dir='ltr'><strong>inania</strong></span> <span class='ocrx_word' id='word_1_130' title='bbox 687 2198 851 2265; x_wconf 89' lang='lat' dir='ltr'><strong>mihi</strong></span> <span class='ocrx_word' id='word_1_131' title='bbox 882 2197 1117 2272; x_wconf 75' lang='lat' dir='ltr'><strong>videris</strong></span> <span class='ocrx_word' id='word_1_132' title='bbox 1163 2197 1487 2287; x_wconf 83' lang='lat' dir='ltr'><strong>persequi.</strong></span> <span class='ocrx_word' id='word_1_133' title='bbox 1542 2195 1653 2264; x_wconf 91' lang='lat' dir='ltr'><strong>lsti</strong></span> <span class='ocrx_word' id='word_1_134' title='bbox 1700 2198 1878 2266; x_wconf 89' lang='lat' dir='ltr'><strong>enim</strong></span> <span class='ocrx_word' id='word_1_135' title='bbox 1924 2199 2079 2268; x_wconf 81' lang='lat' dir='ltr'><strong>novi</strong></span> <span class='ocrx_word' id='word_1_136' title='bbox 2116 2201 2383 2270; x_wconf 85' lang='lat' dir='ltr'><strong>ordines</strong></span> <span class='ocrx_word' id='word_1_137' title='bbox 2423 2199 2532 2266; x_wconf 85' lang='lat' dir='ltr'><strong>tria</strong></span> <span class='ocrx_word' id='word_1_138' title='bbox 2561 2219 2667 2288; x_wconf 82' lang='lat' dir='ltr'><strong>per·</strong></span> 
     </span>
     <span class='ocr_line' id='line_1_18' title="bbox 433 2309 2665 2404; baseline 0 -26"><span class='ocrx_word' id='word_1_139' title='bbox 433 2318 626 2403; x_wconf 87' lang='lat' dir='ltr'><strong>petua</strong></span> <span class='ocrx_word' id='word_1_140' title='bbox 671 2319 841 2398; x_wconf 82' lang='lat' dir='ltr'><strong>vota,</strong></span> <span class='ocrx_word' id='word_1_141' title='bbox 889 2313 1060 2380; x_wconf 88' lang='lat' dir='ltr'><strong>sicut</strong></span> <span class='ocrx_word' id='word_1_142' title='bbox 1105 2311 1384 2401; x_wconf 82' lang='lat' dir='ltr'><strong>antiqui,</strong></span> <span class='ocrx_word' id='word_1_143' title='bbox 1438 2309 1773 2380; x_wconf 87' lang='lat' dir='ltr'><strong>habebunt</strong></span> <span class='ocrx_word' id='word_1_144' title='bbox 1828 2337 1843 2379; x_wconf 74' lang='grc' dir='ltr'>ε</span> <span class='ocrx_word' id='word_1_145' title='bbox 1898 2313 2054 2382; x_wconf 88' lang='lat' dir='ltr'><strong>alias</strong></span> <span class='ocrx_word' id='word_1_146' title='bbox 2102 2335 2147 2382; x_wconf 88' lang='lat' dir='ltr'><strong>a</strong></span> <span class='ocrx_word' id='word_1_147' title='bbox 2197 2321 2393 2384; x_wconf 85' lang='lat' dir='ltr'><strong>status</strong></span> <span class='ocrx_word' id='word_1_148' title='bbox 2436 2313 2665 2404; x_wconf 81' lang='lat' dir='ltr'><strong>religiosi</strong></span> 
     </span>
     <span class='ocr_line' id='line_1_19' title="bbox 429 2423 2665 2519; baseline -0.003 -22"><span class='ocrx_word' id='word_1_149' title='bbox 429 2429 702 2498; x_wconf 84' lang='lat' dir='ltr'><strong>essentia</strong></span> <span class='ocrx_word' id='word_1_150' title='bbox 747 2425 1125 2496; x_wconf 87' lang='lat' dir='ltr'><strong>deficerent.</strong></span> <span class='ocrx_word' id='word_1_151' title='bbox 1184 2423 1344 2495; x_wconf 81' lang='lat' dir='ltr'><strong>ltem</strong></span> <span class='ocrx_word' id='word_1_152' title='bbox 1395 2431 1509 2495; x_wconf 89' lang='lat' dir='ltr'><strong>aut</strong></span> <span class='ocrx_word' id='word_1_153' title='bbox 1556 2426 2097 2519; x_wconf 65' lang='lat' dir='ltr'><strong>contemplativae,</strong></span> <span class='ocrx_word' id='word_1_154' title='bbox 2153 2437 2267 2501; x_wconf 90' lang='lat' dir='ltr'><strong>aut</strong></span> <span class='ocrx_word' id='word_1_155' title='bbox 2320 2432 2541 2516; x_wconf 83' lang='lat' dir='ltr'><strong>mixtae,</strong></span> <span class='ocrx_word' id='word_1_156' title='bbox 2584 2432 2665 2495; x_wconf 85' lang='lat' dir='ltr'><strong>aut</strong></span> 
     </span>
     <span class='ocr_line' id='line_1_20' title="bbox 438 2541 2663 2646; baseline -0.002 -34"><span class='ocrx_word' id='word_1_157' title='bbox 438 2545 662 2612; x_wconf 66' lang='lat' dir='ltr'><strong>activas</strong></span> <span class='ocrx_word' id='word_1_158' title='bbox 692 2543 840 2646; x_wconf 57' lang='lat' dir='ltr'><strong>yitae</strong></span> <span class='ocrx_word' id='word_1_159' title='bbox 889 2541 1300 2630; x_wconf 82' lang='lat' dir='ltr'><strong>addicentur3</strong></span> <span class='ocrx_word' id='word_1_160' title='bbox 1353 2543 1423 2612; x_wconf 90' lang='lat' dir='ltr'><strong>in</strong></span> <span class='ocrx_word' id='word_1_161' title='bbox 1466 2564 1595 2632; x_wconf 89' lang='lat' dir='ltr'><strong>quo</strong></span> <span class='ocrx_word' id='word_1_162' title='bbox 1638 2542 1857 2612; x_wconf 86' lang='lat' dir='ltr'><strong>adhuc</strong></span> <span class='ocrx_word' id='word_1_163' title='bbox 1896 2543 2068 2613; x_wconf 90' lang='lat' dir='ltr'><strong>nihil</strong></span> <span class='ocrx_word' id='word_1_164' title='bbox 2116 2569 2388 2616; x_wconf 75' lang='lat' dir='ltr'><strong>novum.</strong></span> <span class='ocrx_word' id='word_1_165' title='bbox 2442 2545 2582 2614; x_wconf 88' lang='lat' dir='ltr'><strong>ltem</strong></span> <span class='ocrx_word' id='word_1_166' title='bbox 2614 2545 2663 2608; x_wconf 89' lang='lat' dir='ltr'><strong>in</strong></span> 
     </span>
     <span class='ocr_line' id='line_1_21' title="bbox 433 2657 2665 2748; baseline 0 -22"><span class='ocrx_word' id='word_1_167' title='bbox 433 2657 615 2726; x_wconf 89' lang='lat' dir='ltr'><strong>novis</strong></span> <span class='ocrx_word' id='word_1_168' title='bbox 663 2657 1000 2726; x_wconf 87' lang='lat' dir='ltr'><strong>ordinibus</strong></span> <span class='ocrx_word' id='word_1_169' title='bbox 1051 2657 1397 2728; x_wconf 87' lang='lat' dir='ltr'><strong>sancienda</strong></span> <span class='ocrx_word' id='word_1_170' title='bbox 1456 2659 1579 2727; x_wconf 89' lang='lat' dir='ltr'><strong>erit</strong></span> <span class='ocrx_word' id='word_1_171' title='bbox 1639 2659 1921 2748; x_wconf 63' lang='lat' dir='ltr'><strong>praelatis</strong></span> <span class='ocrx_word' id='word_1_172' title='bbox 1973 2660 2323 2732; x_wconf 88' lang='lat' dir='ltr'><strong>obediendi</strong></span> <span class='ocrx_word' id='word_1_173' title='bbox 2370 2661 2487 2748; x_wconf 81' lang='lat' dir='ltr'><strong>lex,</strong></span> <span class='ocrx_word' id='word_1_174' title='bbox 2536 2663 2665 2726; x_wconf 77' lang='lat' dir='ltr'><strong>certa</strong></span> 
     </span>
     <span class='ocr_line' id='line_1_22' title="bbox 435 2753 2742 2876; baseline -0.003 -34"><span class='ocrx_word' id='word_1_175' title='bbox 435 2773 736 2866; x_wconf 84' lang='lat' dir='ltr'><strong>quaedam</strong></span> <span class='ocrx_word' id='word_1_176' title='bbox 795 2774 944 2843; x_wconf 78' lang='lat' dir='ltr'><strong>vitae</strong></span> <span class='ocrx_word' id='word_1_177' title='bbox 997 2775 1327 2866; x_wconf 86' lang='lat' dir='ltr'><strong>asperitas,</strong></span> <span class='ocrx_word' id='word_1_178' title='bbox 1379 2781 1445 2845; x_wconf 88' lang='lat' dir='ltr'><strong>et</strong></span> <span class='ocrx_word' id='word_1_179' title='bbox 1502 2776 1836 2844; x_wconf 83' lang='lat' dir='ltr'><strong>variorum</strong></span> <span class='ocrx_word' id='word_1_180' title='bbox 1898 2798 2016 2867; x_wconf 88' lang='lat' dir='ltr'><strong>pro</strong></span> <span class='ocrx_word' id='word_1_181' title='bbox 2056 2779 2383 2876; x_wconf 34' lang='lat' dir='ltr'><strong>&#39;cujusque</strong></span> <span class='ocrx_word' id='word_1_182' title='bbox 2441 2769 2661 2844; x_wconf 87' lang='lat' dir='ltr'><strong>instituti</strong></span> <span class='ocrx_word' id='word_1_183' title='bbox 2741 2753 2742 2764; x_wconf 37' lang='lat'>¹</span> 
     </span>
     <span class='ocr_line' id='line_1_23' title="bbox 433 2886 2661 2979; baseline 0 -25"><span class='ocrx_word' id='word_1_184' title='bbox 433 2886 567 2955; x_wconf 90' lang='lat' dir='ltr'><strong>fine</strong></span> <span class='ocrx_word' id='word_1_185' title='bbox 591 2887 1062 2956; x_wconf 75' lang='lat' dir='ltr'><strong>exercitiorum·</strong></span> <span class='ocrx_word' id='word_1_186' title='bbox 1078 2887 1416 2958; x_wconf 86' lang='lat' dir='ltr'><strong>ordinatio.</strong></span> <span class='ocrx_word' id='word_1_187' title='bbox 1468 2886 1597 2956; x_wconf 90' lang='lat' dir='ltr'><strong>Sed</strong></span> <span class='ocrx_word' id='word_1_188' title='bbox 1632 2893 1695 2956; x_wconf 91' lang='lat' dir='ltr'><strong>et</strong></span> <span class='ocrx_word' id='word_1_189' title='bbox 1738 2888 1861 2958; x_wconf 89' lang='lat' dir='ltr'><strong>hoc</strong></span> <span class='ocrx_word' id='word_1_190' title='bbox 1917 2889 2173 2979; x_wconf 89' lang='lat' dir='ltr'><strong>antiqui</strong></span> <span class='ocrx_word' id='word_1_191' title='bbox 2210 2891 2461 2960; x_wconf 71' lang='lat' dir='ltr'><strong>ordines</strong></span> <span class='ocrx_word' id='word_1_192' title='bbox 2507 2887 2661 2955; x_wconf 76' lang='lat' dir='ltr'><strong>mim-</strong></span> 
     </span>
     <span class='ocr_line' id='line_1_24' title="bbox 435 3001 2664 3102; baseline -0.002 -32"><span class='ocrx_word' id='word_1_193' title='bbox 435 3001 558 3071; x_wconf 87' lang='lat' dir='ltr'><strong>bili</strong></span> <span class='ocrx_word' id='word_1_194' title='bbox 613 3002 924 3092; x_wconf 85' lang='lat' dir='ltr'><strong>sapientia</strong></span> <span class='ocrx_word' id='word_1_195' title='bbox 982 3002 1364 3102; x_wconf 80' lang='lat' dir='ltr'><strong>dispositum</strong></span> <span class='ocrx_word' id='word_1_196' title='bbox 1422 3002 1767 3094; x_wconf 87' lang='lat' dir='ltr'><strong>possident.</strong></span> <span class='ocrx_word' id='word_1_197' title='bbox 1842 3001 2077 3094; x_wconf 83' lang='lat' dir='ltr'><strong>Utique</strong></span> <span class='ocrx_word' id='word_1_198' title='bbox 2142 3005 2399 3074; x_wconf 79' lang='lat' dir='ltr'><strong>excitari</strong></span> <span class='ocrx_word' id='word_1_199' title='bbox 2448 3001 2664 3093; x_wconf 78' lang='lat' dir='ltr'><strong>possunt</strong></span> 
     </span>
     <span class='ocr_line' id='line_1_25' title="bbox 435 3105 2661 3209; baseline -0.005 -23"><span class='ocrx_word' id='word_1_200' title='bbox 435 3119 589 3186; x_wconf 78' lang='lat' dir='ltr'><strong>novi</strong></span> <span class='ocrx_word' id='word_1_201' title='bbox 613 3105 872 3187; x_wconf 83' lang='lat' dir='ltr'><strong>ordines</strong></span> <span class='ocrx_word' id='word_1_202' title='bbox 911 3115 1216 3186; x_wconf 80' lang='lat' dir='ltr'><strong>Ecclesiae</strong></span> <span class='ocrx_word' id='word_1_203' title='bbox 1247 3117 1431 3186; x_wconf 81' lang='lat' dir='ltr'><strong>valde</strong></span> <span class='ocrx_word' id='word_1_204' title='bbox 1464 3116 1657 3186; x_wconf 89' lang='lat' dir='ltr'><strong>utiles</strong></span> <span class='ocrx_word' id='word_1_205' title='bbox 1692 3140 1711 3186; x_wconf 75' lang='lat' dir='ltr'><strong>t</strong></span> <span class='ocrx_word' id='word_1_206' title='bbox 1751 3122 1849 3188; x_wconf 88' lang='lat' dir='ltr'><strong>ast</strong></span> <span class='ocrx_word' id='word_1_207' title='bbox 1883 3117 2041 3187; x_wconf 91' lang='lat' dir='ltr'><strong>inde</strong></span> <span class='ocrx_word' id='word_1_208' title='bbox 2086 3139 2223 3190; x_wconf 91' lang='lat' dir='ltr'><strong>non</strong></span> <span class='ocrx_word' id='word_1_209' title='bbox 2264 3119 2535 3209; x_wconf 85' lang='lat' dir='ltr'><strong>sequitur</strong></span> <span class='ocrx_word' id='word_1_210' title='bbox 2568 3109 2661 3178; x_wconf 87' lang='lat' dir='ltr'><strong>uti·</strong></span> 
     </span>
     <span class='ocr_line' id='line_1_26' title="bbox 434 3218 2657 3326; baseline -0.004 -27"><span class='ocrx_word' id='word_1_211' title='bbox 434 3231 526 3300; x_wconf 63' lang='lat' dir='ltr'><strong>les</strong></span> <span class='ocrx_word' id='word_1_212' title='bbox 555 3233 729 3302; x_wconf 89' lang='lat' dir='ltr'><strong>haud</strong></span> <span class='ocrx_word' id='word_1_213' title='bbox 757 3255 894 3304; x_wconf 89' lang='lat' dir='ltr'><strong>esse</strong></span> <span class='ocrx_word' id='word_1_214' title='bbox 922 3235 1249 3326; x_wconf 87' lang='lat' dir='ltr'><strong>antiquos,</strong></span> <span class='ocrx_word' id='word_1_215' title='bbox 1297 3242 1410 3302; x_wconf 90' lang='lat' dir='ltr'><strong>aut</strong></span> <span class='ocrx_word' id='word_1_216' title='bbox 1436 3233 1763 3303; x_wconf 86' lang='lat' dir='ltr'><strong>modernis</strong></span> <span class='ocrx_word' id='word_1_217' title='bbox 1800 3234 2198 3324; x_wconf 88' lang='lat' dir='ltr'><strong>populorum</strong></span> <span class='ocrx_word' id='word_1_218' title='bbox 2224 3233 2503 3304; x_wconf 85' lang='lat' dir='ltr'><strong>moribus</strong></span> <span class='ocrx_word' id='word_1_219' title='bbox 2524 3218 2657 3296; x_wconf 87' lang='lat' dir='ltr'><strong>haud</strong></span> 
     </span>
     <span class='ocr_line' id='line_1_27' title="bbox 442 3347 978 3418; baseline 0.004 -4"><span class='ocrx_word' id='word_1_220' title='bbox 442 3347 978 3418; x_wconf 85' lang='lat' dir='ltr'><strong>accommodatos.</strong></span> 
     </span>
    </p>

    <p class='ocr_par' dir='ltr' id='par_1_5' title="bbox 435 3447 2661 4366">
     <span class='ocr_line' id='line_1_28' title="bbox 532 3447 2661 3552; baseline -0.003 -22"><span class='ocrx_word' id='word_1_221' title='bbox 532 3462 676 3547; x_wconf 85' lang='lat' dir='ltr'><strong>Ast,</strong></span> <span class='ocrx_word' id='word_1_222' title='bbox 732 3463 976 3552; x_wconf 87' lang='lat' dir='ltr'><strong>inquis,</strong></span> <span class='ocrx_word' id='word_1_223' title='bbox 1037 3461 1374 3533; x_wconf 83' lang='lat' dir='ltr'><strong>offendunt</strong></span> <span class='ocrx_word' id='word_1_224' title='bbox 1442 3461 1911 3532; x_wconf 88' lang='lat' dir='ltr'><strong>modernorum</strong></span> <span class='ocrx_word' id='word_1_225' title='bbox 1984 3464 2234 3552; x_wconf 86' lang='lat' dir='ltr'><strong>oculos,</strong></span> <span class='ocrx_word' id='word_1_226' title='bbox 2263 3472 2537 3532; x_wconf 82' lang='lat' dir='ltr'><strong>.externa</strong></span> <span class='ocrx_word' id='word_1_227' title='bbox 2572 3447 2661 3518; x_wconf 71' lang='lat' dir='ltr'><strong>&#39;illa</strong></span> 
     </span>
     <span class='ocr_line' id='line_1_29' title="bbox 437 3561 2660 3670; baseline -0.007 -25"><span class='ocrx_word' id='word_1_228' title='bbox 437 3577 864 3646; x_wconf 75' lang='lat' dir='ltr'><strong>vetustiorum</strong></span> <span class='ocrx_word' id='word_1_229' title='bbox 895 3577 1204 3648; x_wconf 88' lang='lat' dir='ltr'><strong>ordinum</strong></span> <span class='ocrx_word' id='word_1_230' title='bbox 1233 3578 1567 3669; x_wconf 83' lang='lat' dir='ltr'><strong>asperitas,</strong></span> <span class='ocrx_word' id='word_1_231' title='bbox 1604 3579 1881 3646; x_wconf 82' lang='lat' dir='ltr'><strong>vestium</strong></span> <span class='ocrx_word' id='word_1_232' title='bbox 1916 3579 2205 3668; x_wconf 88' lang='lat' dir='ltr'><strong>squalor,</strong></span> <span class='ocrx_word' id='word_1_233' title='bbox 2245 3577 2475 3670; x_wconf 88' lang='lat' dir='ltr'><strong>pedum</strong></span> <span class='ocrx_word' id='word_1_234' title='bbox 2509 3561 2660 3636; x_wconf 89' lang='lat' dir='ltr'><strong>nudi·</strong></span> 
     </span>
     <span class='ocr_line' id='line_1_30' title="bbox 435 3677 2654 3783; baseline -0.005 -21"><span class='ocrx_word' id='word_1_235' title='bbox 435 3697 555 3778; x_wconf 67' lang='grc'><strong>135,</strong></span> <span class='ocrx_word' id='word_1_236' title='bbox 604 3697 668 3761; x_wconf 87' lang='lat' dir='ltr'><strong>et</strong></span> <span class='ocrx_word' id='word_1_237' title='bbox 717 3692 863 3761; x_wconf 80' lang='lat' dir='ltr'><strong>aliae</strong></span> <span class='ocrx_word' id='word_1_238' title='bbox 913 3692 1182 3780; x_wconf 86' lang='lat' dir='ltr'><strong>similes,</strong></span> <span class='ocrx_word' id='word_1_239' title='bbox 1257 3713 1336 3762; x_wconf 84' lang='lat' dir='ltr'><strong>ex</strong></span> <span class='ocrx_word' id='word_1_240' title='bbox 1377 3692 1619 3783; x_wconf 88' lang='lat' dir='ltr'><strong>quibus</strong></span> <span class='ocrx_word' id='word_1_241' title='bbox 1667 3692 1851 3762; x_wconf 83' lang='lat' dir='ltr'><strong>facile</strong></span> <span class='ocrx_word' id='word_1_242' title='bbox 1906 3691 2225 3764; x_wconf 76' lang='lat' dir='ltr'><strong>vilescunt</strong></span> <span class='ocrx_word' id='word_1_243' title='bbox 2273 3677 2654 3763; x_wconf 70' lang='lat' dir='ltr'><strong>observantie·</strong></span> 
     </span>
     <span class='ocr_line' id='line_1_31' title="bbox 438 3785 2657 3899; baseline -0.008 -23"><span class='ocrx_word' id='word_1_244' title='bbox 438 3806 556 3876; x_wconf 83' lang='lat' dir='ltr'><strong>Ast</strong></span> <span class='ocrx_word' id='word_1_245' title='bbox 582 3828 701 3897; x_wconf 84' lang='lat' dir='ltr'><strong>ego</strong></span> <span class='ocrx_word' id='word_1_246' title='bbox 737 3807 917 3876; x_wconf 87' lang='lat' dir='ltr'><strong>hune</strong></span> <span class='ocrx_word' id='word_1_247' title='bbox 963 3807 1180 3898; x_wconf 88' lang='lat' dir='ltr'><strong>ipsum</strong></span> <span class='ocrx_word' id='word_1_248' title='bbox 1224 3806 1487 3876; x_wconf 74' lang='lat' dir='ltr'><strong>vivendi</strong></span> <span class='ocrx_word' id='word_1_249' title='bbox 1532 3807 1847 3897; x_wconf 77' lang='lat' dir='ltr'><strong>rigorem,</strong></span> <span class='ocrx_word' id='word_1_250' title='bbox 1890 3809 2007 3899; x_wconf 91' lang='lat' dir='ltr'><strong>qui</strong></span> <span class='ocrx_word' id='word_1_251' title='bbox 2046 3810 2151 3880; x_wconf 80' lang='lat' dir='ltr'><strong>vel</strong></span> <span class='ocrx_word' id='word_1_252' title='bbox 2192 3827 2271 3878; x_wconf 81' lang='lat' dir='ltr'><strong>ex</strong></span> <span class='ocrx_word' id='word_1_253' title='bbox 2306 3805 2447 3874; x_wconf 83' lang='lat' dir='ltr'><strong>visu</strong></span> <span class='ocrx_word' id='word_1_254' title='bbox 2476 3785 2657 3866; x_wconf 81' lang='lat' dir='ltr'><strong>mundi</strong></span> 
     </span>
     <span class='ocr_line' id='line_1_32' title="bbox 438 3906 2655 4014; baseline -0.005 -23"><span class='ocrx_word' id='word_1_255' title='bbox 438 3922 774 3992; x_wconf 87' lang='lat' dir='ltr'><strong>stultitiam</strong></span> <span class='ocrx_word' id='word_1_256' title='bbox 829 3927 896 3990; x_wconf 93' lang='lat' dir='ltr'><strong>et</strong></span> <span class='ocrx_word' id='word_1_257' title='bbox 949 3923 1326 4013; x_wconf 82' lang='lat' dir='ltr'><strong>pravitatem</strong></span> <span class='ocrx_word' id='word_1_258' title='bbox 1383 3921 1627 4012; x_wconf 85' lang='lat' dir='ltr'><strong>arguit,</strong></span> <span class='ocrx_word' id='word_1_259' title='bbox 1684 3922 1877 3992; x_wconf 88' lang='lat' dir='ltr'><strong>hodie</strong></span> <span class='ocrx_word' id='word_1_260' title='bbox 1924 3924 2331 4014; x_wconf 87' lang='lat' dir='ltr'><strong>potissimum</strong></span> <span class='ocrx_word' id='word_1_261' title='bbox 2378 3914 2577 3984; x_wconf 80' lang='lat' dir='ltr'><strong>utilem</strong></span> <span class='ocrx_word' id='word_1_262' title='bbox 2610 3906 2655 3967; x_wconf 71' lang='lat'><strong>0¹</strong></span> 
     </span>
     <span class='ocr_line' id='line_1_33' title="bbox 439 4021 2657 4127; baseline -0 -24"><span class='ocrx_word' id='word_1_263' title='bbox 439 4038 867 4106; x_wconf 86' lang='lat' dir='ltr'><strong>necessarium</strong></span> <span class='ocrx_word' id='word_1_264' title='bbox 923 4036 1240 4108; x_wconf 87' lang='lat' dir='ltr'><strong>existimo.</strong></span> <span class='ocrx_word' id='word_1_265' title='bbox 1286 4036 1368 4106; x_wconf 89' lang='lat' dir='ltr'><strong>Et</strong></span> <span class='ocrx_word' id='word_1_266' title='bbox 1413 4036 1607 4127; x_wconf 87' lang='lat' dir='ltr'><strong>plane</strong></span> <span class='ocrx_word' id='word_1_267' title='bbox 1650 4039 1926 4110; x_wconf 87' lang='lat' dir='ltr'><strong>assentio</strong></span> <span class='ocrx_word' id='word_1_268' title='bbox 1972 4037 2317 4109; x_wconf 81' lang='lat' dir='ltr'><strong>reverendo</strong></span> <span class='ocrx_word' id='word_1_269' title='bbox 2362 4021 2657 4102; x_wconf 75' lang='lat' dir='ltr'><strong>Guillelm⁰</strong></span> 
     </span>
     <span class='ocr_line' id='line_1_34' title="bbox 437 4136 2654 4245; baseline 0 -25"><span class='ocrx_word' id='word_1_270' title='bbox 437 4147 672 4235; x_wconf 87' lang='lat' dir='ltr'><strong>Faber,</strong></span> <span class='ocrx_word' id='word_1_271' title='bbox 718 4152 834 4242; x_wconf 89' lang='lat' dir='ltr'><strong>qui</strong></span> <span class='ocrx_word' id='word_1_272' title='bbox 877 4152 956 4222; x_wconf 88' lang='lat' dir='ltr'><strong>de</strong></span> <span class='ocrx_word' id='word_1_273' title='bbox 998 4152 1332 4245; x_wconf 87' lang='lat' dir='ltr'><strong>aptissimo</strong></span> <span class='ocrx_word' id='word_1_274' title='bbox 1377 4151 1761 4222; x_wconf 62' lang='lat' dir='ltr'><strong>reducendae</strong></span> <span class='ocrx_word' id='word_1_275' title='bbox 1796 4153 1878 4222; x_wconf 90' lang='lat' dir='ltr'><strong>ad</strong></span> <span class='ocrx_word' id='word_1_276' title='bbox 1920 4153 2119 4231; x_wconf 70' lang='lat' dir='ltr'><strong>fidam</strong></span> <span class='ocrx_word' id='word_1_277' title='bbox 2154 4148 2511 4223; x_wconf 76' lang='lat' dir='ltr'><strong>catholicam</strong></span> <span class='ocrx_word' id='word_1_278' title='bbox 2550 4136 2654 4203; x_wconf 71' lang='lat' dir='ltr'><strong>An·</strong></span> 
     </span>
     <span class='ocr_line' id='line_1_35' title="bbox 439 4265 2628 4366; baseline 0.002 -30"><span class='ocrx_word' id='word_1_279' title='bbox 439 4267 589 4356; x_wconf 85' lang='lat' dir='ltr'><strong>gliae</strong></span> <span class='ocrx_word' id='word_1_280' title='bbox 613 4265 854 4351; x_wconf 82' lang='lat' dir='ltr'><strong>medio,</strong></span> <span class='ocrx_word' id='word_1_281' title='bbox 886 4267 1030 4338; x_wconf 82' lang='lat' dir='ltr'><strong>haec</strong></span> <span class='ocrx_word' id='word_1_282' title='bbox 1056 4289 1269 4360; x_wconf 85' lang='lat' dir='ltr'><strong>nuper</strong></span> <span class='ocrx_word' id='word_1_283' title='bbox 1295 4267 1641 4340; x_wconf 84' lang='lat' dir='ltr'><strong>adnotabat</strong></span> <span class='ocrx_word' id='word_1_284' title='bbox 1684 4293 1703 4338; x_wconf 71' lang='lat' dir='ltr'>a</span> <span class='ocrx_word' id='word_1_285' title='bbox 2618 4353 2628 4366; x_wconf 32' lang='grc' dir='ltr'>ι</span> 
     </span>
    </p>

    <p class='ocr_par' dir='ltr' id='par_1_6' title="bbox 537 4357 2651 4478">
     <span class='ocr_line' id='line_1_36' title="bbox 537 4357 2651 4478; baseline -0.009 -24"><span class='ocrx_word' id='word_1_286' title='bbox 537 4411 574 4454; x_wconf 77' lang='grc' dir='ltr'><strong>α</strong></span> <span class='ocrx_word' id='word_1_287' title='bbox 620 4383 794 4456; x_wconf 85' lang='lat' dir='ltr'><strong>Pour</strong></span> <span class='ocrx_word' id='word_1_288' title='bbox 837 4386 999 4471; x_wconf 87' lang='lat' dir='ltr'><strong>moi,</strong></span> <span class='ocrx_word' id='word_1_289' title='bbox 1037 4388 1106 4477; x_wconf 80' lang='lat' dir='ltr'><strong>je</strong></span> <span class='ocrx_word' id='word_1_290' title='bbox 1159 4384 1327 4456; x_wconf 87' lang='lat' dir='ltr'><strong>crois</strong></span> <span class='ocrx_word' id='word_1_291' title='bbox 1383 4387 1767 4456; x_wconf 72' lang='lat' dir='ltr'><strong>termement</strong></span> <span class='ocrx_word' id='word_1_292' title='bbox 1817 4407 1947 4478; x_wconf 87' lang='lat' dir='ltr'><strong>que</strong></span> <span class='ocrx_word' id='word_1_293' title='bbox 1998 4387 2053 4457; x_wconf 87' lang='lat' dir='ltr'><strong>si</strong></span> <span class='ocrx_word' id='word_1_294' title='bbox 2102 4380 2505 4472; x_wconf 82' lang='lat' dir='ltr'><strong>l’Angleterre</strong></span> <span class='ocrx_word' id='word_1_295' title='bbox 2550 4357 2651 4428; x_wconf 65' lang='lat'>(³0¹¹</span> 
     </span>
    </p>
   </div>
  </div>
 </body>
</html>
