2834 4959
1033 332 1186 380 rans
1232 331 1447 380 rama.
2290 327 2369 388 83

140 451 454 542 quidquam
489 449 678 520 aliud
711 473 868 522 eum
901 451 1116 542 aliqua
1143 453 1707 523 verisimilitudine
1732 456 2101 545 excogitari,
2136 457 2204 526 in
2244 479 2371 548 quo

137 571 214 636 vis
247 567 346 636 iiia
381 567 664 658 reposita
719 568 996 636 dicatur.
1039 568 1241 657 Atqui
1279 569 1439 638 duas
1486 569 1629 638 illas
1665 569 2045 660 hypotheses
2085 594 2217 642 non
2245 597 2377 646 esse

135 682 541 770 admittendas,
593 683 670 750 in
711 681 1162 772 superioribus
1205 684 1621 774 paragraphis
1656 685 1999 775 probatum
2040 697 2157 758 est.
2202 689 2373 782 Ergo

133 797 374 868 dicenda
414 804 502 868 est
546 796 650 867 vis
699 797 821 870 illa
861 805 1008 867 voto
1047 801 1466 888 supervenire
1496 823 1573 869 ex
1602 800 1905 872 Ecelesiae
1955 807 2279 876 voluntate
2306 813 2367 876 et

133 921 370 983 statuto.
1362 992 1372 1002 ι

217 1029 519 1098 vunnim
537 1028 634 1096 2⁰.
665 1067 767 1080 —
801 1031 914 1098 Ex
947 1051 1020 1097 eo
1047 1029 1228 1120 quod
1259 1030 1645 1100 solemnitas
1684 1035 2147 1108 substantialis
2172 1039 2261 1108 sit
2276 1041 2379 1110 in-

135 1145 470 1215 stitutionis
503 1167 690 1214 mere
737 1144 1208 1216 ecclesiastiae.
1237 1147 1601 1218 -Etenim
1632 1154 1949 1242 superiori
1978 1157 2377 1248 paragrapho

135 1261 482 1330 adduximus
524 1260 931 1332 decretalem
981 1261 1296 1332 Bonifaeii
1351 1262 1526 1351 Vni,
1579 1271 1643 1334 et
1676 1266 1973 1356 Gregorii
2017 1269 2171 1342 ΧΙΠ
2218 1293 2378 1342 con-

139 1375 524 1465 stitutionem,
567 1377 646 1446 in
709 1374 952 1464 quibus
998 1399 1289 1467 expresse
1323 1377 1711 1462 declaratur,
1738 1385 1867 1451 voti
1904 1385 2377 1456 solemnitatem

131 1514 202 1559 ea:
233 1495 364 1562 sola
380 1496 876 1576 constitutione
900 1496 1215 1566 Eccleszke
1245 1495 1455 1586 fuisse
1492 1497 1877 1584 inventam;
1904 1509 2095 1594 atque
2132 1503 2378 1574 ibidem

141 1611 516 1698 probavimus
553 1612 765 1682 verba
810 1611 950 1682 haee
986 1613 1067 1681 de
1112 1612 1513 1682 solemnitate
1532 1613 1968 1684 substantiali
1990 1640 2103 1687 seu
2128 1621 2385 1712 proprie

144 1723 284 1794 dicta
314 1747 440 1796 oese
479 1728 940 1816 intelligenda.
973 1726 1118 1796 Jam
1159 1746 1308 1796 vero
1345 1729 1398 1796 si
1452 1728 1820 1813 solemnitas
1848 1732 1931 1799 sit
1966 1734 2385 1806 institutionis

142 1839 568 1932 ecclesiastieae,
600 1863 694 1912 ex
721 1849 960 1912 statuto
1002 1842 1304 1912 Ecclesiae
1333 1844 1629 1932 provenit
1660 1845 1834 1932 quod
1866 1845 1952 1912 sit
1977 1847 2381 1936 solemnitas3

147 1977 212 2024 ac
229 1957 470 2046 proinde
489 1961 560 2030 in
579 1965 832 2028 statuto
861 1958 1162 2028 Ecclesiae
1191 1959 1537 2026 consistere
1575 1957 1847 2026 dicenda
1875 1965 1990 2028 est.

223 2073 473 2162 Objicioe
515 2078 618 2145 1⁰.
679 2111 770 2128 -
799 2073 918 2144 vis
961 2073 1251 2142 irritandi
1271 2075 1667 2166 subsequens
1716 2076 2213 2146 matrimonium
2263 2099 2393 2146 non

141 2197 219 2254 oet
261 2189 632 2262 solemnitas
665 2191 810 2283 ipsa
855 2190 1022 2276 voti,
1079 2189 1186 2261 sed
1232 2189 1496 2260 effectus
1563 2192 1763 2280 hujus
1817 2191 2254 2261 solemnitatis.
2306 2231 2395 2244 --

143 2305 496 2398 Respondet)
531 2309 678 2376 vim
729 2307 923 2378 illam
967 2327 1106 2376 esse
1141 2306 1489 2398 ipsammet
1528 2307 2026 2393 solemnitatem,
2077 2308 2131 2378 si
2164 2315 2387 2399 praeter

147 2419 302 2492 illam
321 2423 496 2494 nihil
517 2423 702 2494 aliud
739 2423 826 2493 sit
855 2423 1034 2513 quod
1061 2422 1192 2492 dici
1226 2421 1429 2490 valeat
1460 2425 1591 2492 voti
1637 2424 2043 2494 solemnitas:
2080 2425 2260 2515 atqui
2304 2426 2393 2494 ita

140 2546 249 2620 est,
279 2560 356 2608 ex
380 2541 686 2631 probatis.
713 2538 908 2628 Ergo.

235 2653 510 2743 Objicies
535 2655 628 2723 2⁶.
676 2693 762 2708 —
807 2655 880 2725 Si
911 2653 1086 2724 dieta
1125 2655 1221 2722 vis
1251 2655 1380 2723 voti
1405 2655 1490 2722 sit
1515 2654 1793 2742 ipsamet
1832 2654 2225 2738 solemnitas,
2259 2677 2393 2726 non

145 2771 512 2858 reponenda
537 2777 632 2842 est
665 2773 1028 2843 solemnitas
1071 2771 1211 2842 hoec
1259 2773 1330 2840 in
1359 2776 1593 2840 statuto
1621 2769 1944 2840 Ecclesiae.
1978 2809 2067 2824 —
2108 2771 2399 2863 Respon-

147 2886 270 2956 deo
297 2911 318 2954 τ
361 2891 720 2981 reponimus
784 2890 1256 2960 solemnitatem
1303 2881 1371 2955 in
1422 2898 1674 2955 statuto
1718 2887 2025 2956 Ecclesu'oe
2078 2899 2401 2978 quatenus

147 3001 349 3072 dante
387 3019 532 3074 voto
565 3008 698 3076 vim
741 3006 964 3092 illam,
1014 3015 1080 3072 et
1120 3003 1192 3071 in
1237 3002 1416 3071 dicta
1467 3002 1538 3071 vi
1578 3003 1719 3070 voti
1757 3013 2081 3093 quatenus
2118 3025 2203 3070 ex
2230 3025 2407 3072 mero

147 3115 448 3188 Ecclest'oe
479 3132 734 3190 statuto
749 3113 1113 3212 provenien
1121 3130 1203 3186 te.

237 3233 508 3324 Objicies
529 3236 623 3307 3⁹.
667 3273 752 3288 -
781 3233 876 3303 Ex
905 3235 1093 3304 dietis
1143 3239 1523 3322 sequeretur
1550 3238 1771 3300 votum
1798 3231 2083 3300 solemne
2112 3231 2407 3302 castitatis

149 3367 276 3416 non
302 3349 552 3422 differre
585 3372 626 3420 a
671 3350 960 3441 simplici
991 3371 1105 3440 per
1159 3347 1408 3438 aliquid
1444 3347 1571 3416 sibi
1600 3348 2055 3434 intrinsecum,
2086 3349 2193 3418 sed
2241 3351 2411 3418 dun-

149 3471 305 3532 taxat·
352 3489 470 3558 per.
493 3472 718 3538 actum
763 3465 1070 3536 Ecclesiae
1119 3465 1242 3554 ipsi
1295 3463 1754 3546 extrinsecum,
1813 3462 1957 3532 lieet
1992 3465 2165 3533 circa
2191 3465 2405 3555 ipsum

153 3589 516 3652 versantem.
547 3619 644 3638 --
689 3581 1092 3672 Respondeo,
1137 3579 1403 3648 concedi
1458 3577 1821 3668 sequelam
1870 3585 2061 3670 atque
2114 3581 2253 3666 ejus
2288 3597 2399 3645 ve-

58 3765 60 3768 ,
153 3692 290 3764 ritas
317 3698 556 3786 patebit
577 3720 657 3768 ex
675 3697 970 3787 sequenti
992 3695 1416 3787 paragrapho.

1205 3943 1358 4036 gv.

161 4127 392 4184 Nonnulla
421 4133 744 4186 deducuntur
779 4132 1057 4192 corollaria,
1111 4130 1176 4181 ad
1213 4132 1372 4194 magis
1413 4128 1811 4194 patefaciendam
1838 4123 2117 4174 doctrinam
2141 4126 2411 4189 expositam

1193 4219 1394 4269 idonea.

239 4393 669 4500 Conuiuium!
686 4393 741 4462 Ι.
777 4429 858 4445 -
899 4395 1129 4462 Potest
1155 4400 1390 4458 votum
1412 4386 1565 4478 fieri
1587 4407 1667 4454 ex
1692 4383 1975 4453 solemni
1984 4381 2297 4474 simplex.
2337 4419 2421 4434 -
