2834 4959
374 338 499 398 232
902 344 1243 396 ‘rme-rarus
1290 343 1369 390 nn
1404 329 1566 391 ’sm
1609 343 2031 392 ascumwn.

368 469 567 539 Porro
608 466 805 537 aliam
854 489 991 538 esse
1031 465 1311 536 Romani
1351 462 1683 533 Pontificis
1727 467 2175 536 auctoritatem
2211 465 2286 534 in
2327 465 2644 539 definien-

374 585 480 670 do,
535 584 733 652 aliam
782 605 931 653 vero
980 585 1051 654 in
1104 579 1500 673 exponendis
1549 580 1906 651 rationibus
1959 580 2200 670 quibus
2253 581 2650 656 definitionis

372 701 604 768 veritas
644 701 985 790 pandatur,
1019 700 1287 768 tradunt
1320 696 1604 786 theologi
1643 695 1811 786 (vide
1853 694 2274 766 Melchiorem
2321 698 2523 788 Cano,
2567 700 2648 768 de

374 814 563 884 Locis
592 815 1016 908 theoloqicis).
1050 814 1259 885 Priori
1288 810 1716 881 infallibilitas
1740 810 2158 897 adscribitur,
2191 833 2328 882 non
2355 814 2520 882 item
2539 836 2650 905 po-

374 930 647 1000 steriori.
686 929 874 998 Absit
912 936 1131 1000 autem
1166 935 1240 998 ut
1276 929 1492 996 dicere
1527 927 1804 995 audeam
1845 925 2268 996 Benedictum
2317 925 2478 998 XIV
2523 929 2648 1018 (etsi

372 1045 839 1131 ratiocinando,
892 1067 1023 1116 non
1072 1041 1462 1132 definiendo)
1523 1063 1561 1110 a
1621 1041 1868 1110 sincera
1934 1042 2228 1110 doctrina
2293 1041 2392 1110 vel
2453 1045 2650 1113 mini·

374 1183 564 1231 mum
610 1163 933 1232 deflexisse
968 1163 1040 1230 in
1080 1159 1536 1230 constitutione
1569 1158 1961 1248 Apostolica.
2017 1157 2092 1226 Id
2139 1162 2394 1227 tantum
2449 1159 2650 1227 adno-

374 1276 547 1365 tabo,
592 1298 725 1346 non
768 1277 1051 1367 potuisse
1094 1295 1201 1344 me
1242 1273 1430 1342 citata
1469 1272 1671 1364 ipsius
1717 1273 1914 1342 verba
1957 1273 2367 1364 praecedentis
2416 1295 2650 1366 propo-

380 1393 629 1462 sitionis
708 1392 1019 1461 doctrinae
1100 1389 1604 1459 accommodare.
1681 1388 1902 1478 Atque
1959 1388 2028 1456 id
2077 1387 2230 1456 inde
2303 1390 2652 1479 contigisse

380 1507 693 1596 suspicor,
742 1506 916 1595 quod
957 1505 1151 1574 verba
1186 1505 1301 1572 illa
1350 1525 1482 1572 non
1523 1503 1686 1571 bene
1727 1502 2178 1573 intellexerim.
2223 1501 2434 1584 Quare
2481 1505 2652 1572 diffi-

378 1619 682 1690 cultatem
738 1621 1133 1692 doctioribus
1183 1618 1592 1689 enodandam
1645 1620 1966 1709 relinquo.
2028 1619 2272 1688 Interea
2333 1639 2484 1687 vero
2556 1619 2652 1688 di-

382 1743 549 1804 ctam
600 1738 1071 1828 praecedentem
1136 1723 1652 1823 conclusionem,
1717 1741 1938 1825 utpote
2002 1719 2416 1804 communius
2479 1753 2652 1802 rece-

381 1858 587 1941 ptam,
642 1859 705 1922 et
766 1852 1213 1944 peremptoriis
1266 1854 1367 1942 (ut
1425 1851 1593 1920 mihi
1649 1851 1924 1942 videtur)
1981 1851 2341 1922 rationibus
2393 1849 2649 1934 tultam,

380 1967 566 2076 liceat
592 1991 745 2039 cum
770 1967 1067 2040 Suaresio
1094 1968 1391 2038 retinere.

1433 2226 1476 2315 g
1521 2223 1628 2294 111.

390 2459 561 2521 Qualis
574 2461 861 2522 requiratur
901 2459 1035 2510 sedis
1078 2460 1371 2524 Apostollcae
1390 2459 1703 2524 approbatio,
1735 2464 1793 2511 ut
1825 2471 2015 2514 novum
2039 2461 2335 2512 institutum
2357 2461 2583 2522 erigatur
2609 2461 2656 2510 in

638 2546 929 2611 religionem
950 2549 1123 2600 stricte
1144 2553 1424 2612 sumptam,
1447 2548 1498 2598 td
1517 2553 1616 2612 est,
1635 2551 1794 2600 trium
1821 2553 2056 2602 votorum
2075 2549 2382 2600 solemnium
2395 2583 2413 2601 .

486 2752 858 2822 Psorosmo
890 2751 963 2820 1².
993 2789 1077 2808 --
1102 2753 1491 2845 Requiritur
1508 2765 1609 2836 ut,
1637 2755 1744 2822 vel
1763 2755 1835 2823 in
1858 2755 2142 2846 ipsamet
2163 2753 2660 2846 approbationis

398 2867 725 2958 formula,
742 2867 849 2936 vel
874 2869 943 2936 in
964 2869 1267 2959 formula
1293 2870 1451 2944 novi
1467 2871 1773 2939 instituti
1799 2870 1874 2940 in
1901 2892 2108 2963 quam
2130 2867 2312 2938 cadit
2339 2868 2663 2960 approba·

400 2981 521 3068 tio,
564 2983 983 3074 exprimatur
1010 2996 1169 3052 vota
1190 2986 1336 3075 sore
1366 2984 1712 3054 solemnia.
1745 3021 1839 3036 —-
1866 2983 2126 3054 Etenim
2155 2984 2210 3052 si
2240 2984 2482 3052 mentio
2507 2984 2663 3050 dun-

400 3100 567 3162 taxat
611 3097 789 3165 fieret
835 3098 914 3166 de
969 3097 1132 3166 votis
1180 3101 1529 3190 perpetuiS,
1587 3099 1827 3190 absque
1879 3099 2014 3169 ulla
2056 3121 2210 3169 voce
2263 3119 2396 3190 qua
2437 3083 2662 3166 eorum

398 3209 767 3280 solemnitas
807 3211 1226 3302 indicaretur,
1274 3214 1602 3284 immerito
1643 3221 1788 3286 vota
1826 3217 1968 3286 haec
2015 3223 2091 3285 ut
2129 3217 2441 3286 solemnia
2473 3213 2664 3282 habe—

401 3331 650 3396 rentur.
710 3327 877 3396 Nam
908 3328 1274 3399 solemnitas
1322 3351 1456 3400 non
1501 3338 1596 3400 est
1632 3333 1712 3402 de
1743 3334 2014 3404 essentia
2049 3340 2375 3416 votorum,
2423 3353 2544 3402 nec
2593 3331 2662 3398 de

401 3440 670 3510 essentia
730 3450 927 3514 status
992 3445 1316 3536 religiosi3
1386 3445 1496 3516 sed
1560 3448 1805 3538 aliquid
1872 3447 2263 3518 accidentale
2331 3446 2492 3516 votis
2557 3465 2662 3514 an-
2786 3539 2787 3542 Ἴ

400 3577 639 3626 nexum
648 3608 669 3629 .,
706 3557 875 3649 Ergo
903 3561 1025 3631 sub
1054 3560 1906 3632 denominatione-votorum
1948 3562 2470 3632 substantialium
2511 3559 2665 3630 reli-

400 3672 643 3760 aionis,
688 3681 799 3744 aut
832 3676 1027 3746 etiam
1054 3683 1350 3748 votorum
1397 3686 1884 3770 perpetuorum,
1927 3699 2062 3748 non
2089 3677 2667 3772 comprehenditur

398 3817 629 3869 eorum
674 3799 1075 3886 solemnitas3
1122 3821 1197 3872 ac
1246 3801 1517 3894 proinde
1567 3809 1643 3872 ut
1685 3804 1871 3886 adsit,
1919 3825 2174 3874 necesse
2213 3809 2312 3874 est
2353 3803 2422 3872 id
2471 3797 2670 3890 expri-
2784 3805 2785 3814 ’

400 3917 519 3986 mi.
580 3919 895 3990 Praeterea
948 3923 1246 3990 votorum
1300 3922 1672 3992 solemnitas
1723 3943 1950 3998 secum
1997 3921 2196 3993 trahit
2245 3919 2670 4013 impedimen-

400 4037 543 4102 tum
586 4035 897 4106 dirimens
932 4038 1357 4108 matrimonii.
1402 4039 1571 4110 Vota
1611 4045 1832 4108 autem
1877 4038 2152 4130 alicujus
2187 4038 2507 4108 societatis
2551 4031 2663 4100 ho-

375 4146 663 4218 minum
695 4173 827 4219 non
853 4151 1090 4222 debent
1122 4155 1393 4238 censeri,
1437 4156 1576 4222 imo
1601 4175 1720 4224 nec
1751 4177 1886 4226 esse
1911 4160 2180 4248 possunt
2217 4151 2664 4245 impedimen-

402 4269 545 4330 tum
591 4263 902 4336 dirimens
964 4269 1391 4355 matrimonii,
1443 4270 1569 4338 nisi
1628 4267 1912 4340 Ecclesia
1975 4270 2042 4339 id
2101 4271 2418 4340 statuerit.
2479 4267 2668 4336 Porro

416 4375 697 4450 Ecclesia
750 4381 1025 4452 decrevit
1074 4385 1337 4474 quidem
1386 4391 1532 4456 vota
1581 4388 1898 4458 solemnia
1949 4389 2086 4460 fore
2129 4385 2668 4478 impedimentum
