2834 4959
1027 357 1182 404 PARS
1227 357 1425 404 plum
1450 387 1467 404 .
2278 351 2401 410 159

133 481 246 552 sed
263 480 548 550 dumeas
573 497 1193 565 commemoramus,
1223 479 1625 548 ostendimus
1648 479 1875 570 utique
1902 487 2223 572 quantum
2252 485 2418 553 absit

131 606 204 666 ut
224 597 568 685 scriptores
593 593 1009 664 ecclesiastici
1049 595 1354 664 unanimi
1387 595 1517 663 fere
1542 615 1858 664 consensu
1882 595 2151 666 doceant
2178 603 2413 668 statum

131 711 498 803 religiosum
531 716 688 778 ante
710 714 1018 800 quartum
1054 730 1204 779 aerae
1227 718 1462 780 nostrae
1499 710 1815 780 saeoulnm
1855 712 1927 779 in
1968 709 2252 784 Ecclesia
2280 737 2413 784 non

132 827 383 912 fuisses]

213 940 602 1008 Pnoeosrrm
633 937 767 1008 ΗΡ.
801 913 1058 1006 -ο-νὲνί
1069 936 1372 1029 reliqiosi
1397 940 1679 1030 suerunt
1699 941 1911 1032 primi
1933 941 2384 1036 Hierosolymi
2398 984 2419 998 ·

139 1068 326 1124 tanae
361 1051 660 1122 Ecclesioe
703 1051 934 1144 fideles
963 1052 1187 1120 multi.
1223 1091 1317 1104 —
1357 1051 1651 1122 Relatum
1696 1055 2013 1126 habemus
2046 1060 2117 1126 in
2146 1060 2421 1130 Actibus

139 1172 596 1264 Apostolorum
629 1172 970 1264 (capitibus
999 1171 1068 1260 2,
1101 1173 1144 1238 4
1185 1177 1253 1239 et
1277 1171 1345 1262 5)
1379 1172 1709 1261 quomodo
1748 1171 1965 1243 fideles
2012 1175 2110 1244 illi
2146 1199 2331 1266 agros
2358 1185 2421 1246 et

141 1288 408 1358 domo‘s'
439 1287 793 1357 venderent
817 1283 842 1372 ,”
867 1291 874 1296 “
897 1291 960 1356 et
1023 1289 1308 1376 pretium
1363 1288 1686 1376 Apostolis
1754 1289 2059 1359 afferrent
2082 1344 2101 1375 ,
2170 1314 2421 1362 necnon

25 1418 27 1423 ’
141 1412 414 1503 singuiis
462 1411 863 1482 divideretur
901 1418 1094 1504 prout
1135 1414 1374 1502 cuique
1417 1433 1583 1502 opus
1640 1422 1797 1481 erat.
1860 1414 2058 1484 Porro
2101 1417 2419 1505 ejusmodi

139 1529 352 1600 fideles
375 1549 568 1598 veros
609 1528 806 1596 fuisse
830 1527 1164 1618 religiosos
1207 1531 1517 1596 evincunt
1562 1531 1967 1598 auctoritates
1994 1535 2414 1619 gravissimae.

143 1644 406 1737 Nempe,

217 1760 272 1827 Ι.
305 1759 400 1827 Ea
433 1762 608 1845 erat,
639 1758 873 1826 saeculo
897 1763 1151 1845 quartu,
1192 1759 1663 1826 monachorum
1707 1757 2241 1850 AEgyptiacorum
2280 1785 2421 1853 per-

143 1877 372 1955 suasio,
403 1879 606 1962 prout
639 1877 990 1938 constater.
1021 1871 1511 1940 collationibus
1540 1871 1838 1939 Cassiani
1867 1872 2026 1963 (cap.
2064 1873 2132 1957 5,
2164 1898 2231 1964 p.
2268 1867 2425 1960 517,Ι

145 1985 298 2054 edit.
349 1984 763 2054 Francofurt.
814 1985 1041 2076 1722),
1089 1988 1206 2054 ubi
1255 1986 1348 2054 sic
1393 1987 1607 2076 legere
1652 1993 1750 2054 est
1792 2009 1810 2054 ε
1861 2009 1897 2052 α
1942 1987 2428 2055 Coenobitarum

156 2127 190 2164 ι
212 2099 560 2192 disciplina
598 2123 638 2170 a
667 2107 954 2190 tempore
991 2103 1470 2190 praedicationis
1511 2100 1900 2192 Apostolicae
1935 2103 2213 2192 sumpsit
2244 2125 2429 2172 exor-

154 2242 190 2283 ι
213 2217 416 2285 dium.
451 2215 629 2285 Nam
657 2215 802 2284 talis
823 2215 1054 2284 exstitit
1070 2217 1138 2284 in
1162 2213 1625 2306 Hierosolymis
1643 2219 1861 2287 omnis
1883 2219 1995 2288 illa
2024 2221 2428 2290 credentium

154 2357 190 2398 ι
211 2332 602 2411 multitudo,
629 2351 778 2421 quae
803 2332 872 2398 in
893 2331 1170 2400 Actibus
1201 2319 1661 2422 Apostolorum
1690 2333 1779 2401 ita
1800 2334 2107 2404 scribitur
2141 2359 2159 2404 t
2193 2335 2437 2404 Multi-

156 2473 190 2515 α
215 2446 476 2518 tudinis
501 2444 912 2516 credentium
933 2457 1077 2515 erat
1101 2468 1213 2514 cor
1229 2470 1467 2536 unum,
1491 2455 1668 2518 etc...
1700 2474 1737 2515 n

233 2555 324 2623 u,
347 2554 600 2624 Eadem
625 2553 884 2644 vigebat
907 2553 1234 2643 persuasio
1271 2558 1477 2656 sancti
1521 2555 1875 2644 Augustini
1908 2563 2219 2647 tempore.
2268 2557 2432 2626 Nam
2468 2585 2477 2593 ·

149 2675 425 2740 sancms
467 2669 819 2752 Possidius‚
871 2667 988 2737 ubi
1023 2671 1310 2737 narravit
1355 2668 1425 2738 S.
1478 2669 1926 2757 Augustinum
1972 2676 2435 2743 monasterium

151 2787 341 2854 intra
367 2783 704 2852 ecclesiam
721 2765 1101 2868 instituisse,
1132 2786 1220 2853 ita
1266 2785 1609 2876 subjungit
1652 2808 1669 2852 ε
1712 2809 1747 2849 α
1771 2783 1849 2853 Et
1885 2807 2037 2854 cum
2082 2787 2201 2856 Dei
2239 2791 2439 2857 servis

163 2925 202 2967 α
227 2898 454 2966 vivere
527 2899 715 2988 coepit
777 2899 1144 2969 secundum
1216 2901 1493 2968 modum
1565 2907 1629 2968 et
1678 2902 1977 2990 regulam
2028 2901 2150 2968 sub
2208 2904 2440 2972 sanctis

159 3039 198 3080 α
223 3013 557 3105 Apostolis
579 3013 1017 3083 constitutam.
1043 3037 1080 3080 ι)
1136 3012 1233 3103 (ln
1279 3013 1429 3082 Vita
1463 3017 1534 3083 S.
1561 3012 1951 3106 Auqustim‘,
1984 3009 2155 3104 apud
2186 3011 2441 3084 Bollan-

153 3130 406 3218 dianos‚
439 3137 603 3200 tom.
637 3133 678 3200 6
715 3129 926 3221 Aug„
953 3152 1102 3220 pag.
1135 3129 1321 3220 428.)
1352 3131 1447 3198 De
1473 3153 1603 3222 quo
1635 3138 1697 3199 et
1725 3132 1861 3221 ipse
1894 3129 1963 3199 S.
2005 3129 2439 3217 Augustinus,

155 3269 528 3316 sermonem
553 3247 639 3314 ad
669 3245 1005 3336 religiosos
1051 3245 1316 3315 clericos
1345 3267 1497 3315 suos
1524 3248 1765 3315 faciens
1797 3269 1814 3314 ι
1852 3267 1890 3309 α
1931 3242 2166 3332 Nostis,
2206 3245 2443 3333 inquit,
2518 3277 2523 3282 ·

165 3387 202 3426 «
229 3361 330 3430 sic
383 3383 500 3430 nos
551 3362 768 3430 vivere
814 3361 886 3428 in
939 3381 1012 3429 ea
1063 3357 1284 3448 dom0,
1341 3383 1489 3451 quae
1540 3361 1777 3429 dicitur
1826 3359 2058 3428 domus
2108 3359 2443 3452 episcopii,

163 3503 198 3543 α
227 3483 325 3564 nt,
385 3482 720 3568 quantum
779 3476 1130 3568 possimus,
1197 3476 1539 3544 imitemur
1592 3497 1699 3544 eos
1758 3480 2035 3557 sanctos,
2077 3474 2159 3544 de
2208 3475 2449 3567 quibus

163 3593 534 3683 «loquitur
585 3591 754 3660 liber
795 3591 1086 3660 Actuum
1125 3590 1674 3681 Apostolorum...
1732 3589 1908 3660 Ecce·
1952 3590 2127 3677 dico,
2166 3591 2381 3658 audite
2423 3610 2441 3655 ε

162 3734 198 3775 α
225 3710 346 3800 qui
391 3707 770 3776 societatem
813 3709 1184 3776 communis
1215 3705 1386 3794 vitae,
1430 3710 1571 3796 jam
1613 3713 2001 3798 susceptam,
2046 3726 2193 3795 quae
2219 3701 2450 3770 lauda·
2509 3700 2518 3707 ’

161 3849 196 3888 α
225 3831 346 3892 tur
387 3823 462 3890 in
516 3820 791 3890 Actibus
827 3811 1318 3912 Apostolorum,
1367 3823 1625 3902 deserit,
1668 3843 1706 3892 a
1743 3833 1889 3892 voto
1930 3844 2047 3890 suo
2083 3819 2274 3897 cadit,
2313 3824 2374 3884 et
2415 3839 2453 3885 a

161 3963 197 4004 ι
225 3936 632 4029 professione
679 3942 902 4020 sancta
941 3935 1197 4006 cadit...
1245 3936 1388 4027 lpsa
1436 3938 1515 4005 de
1565 3936 1735 4006 libro
1778 3933 2235 4026 Apostolorum
2271 3930 2455 4000 vobis

167 4050 428 4120 «lectio
473 4049 884 4131 recitabitur,
934 4056 1011 4120 ut
1053 4051 1322 4120 videatis
1369 4051 1487 4120 ubi
1538 4051 1853 4140 descripta
1898 4050 1983 4116 sit
2018 4047 2225 4114 forma
2252 4067 2453 4137 quarn

166 4188 203 4231 α
229 4165 686 4236 desideramus
733 4165 1032 4257 implere.
1063 4191 1100 4233 ιο
1156 4164 1471 4258 (Operum
1520 4166 1589 4235 S.
1620 4161 1973 4253 Augustini
2014 4167 2189 4230 tomo
2223 4161 2288 4246 5,
2326 4161 2451 4230 col.

169 4277 380 4360 1380,
413 4278 580 4350 1381
614 4285 679 4348 et
708 4277 909 4365 1384,
937 4281 1090 4350 edit.
1119 4279 1358 4372 Maur.)
1389 4281 1603 4370 Atque
1627 4280 1700 4348 in
1720 4276 2025 4346 eumdem
2050 4299 2313 4347 sensum
2334 4276 2484 4348 dis·¹

169 4395 328 4464 serit
375 4393 795 4486 Augustinus
825 4397 896 4466 in
923 4395 1251 4488 psalmum
1293 4395 1451 4504 132,
1476 4418 1544 4463 n.
1584 4395 1647 4463 1.
