2834 4959
1043 327 1196 376 PARS
1239 329 1459 378 PRIMA.
2264 330 2289 382 1
2310 329 2341 382 7
2353 331 2387 384 5

243 449 298 516 2·
325 447 414 517 Ad
457 447 668 518 officia
699 446 874 538 quod
907 448 1132 517 attinet
1165 447 1557 520 elericorum
1596 450 1885 542 propria,
1920 453 2255 542 quodnam
2298 467 2393 526 est

166 563 304 654 quod
336 567 600 654 nequeat
638 582 680 630 a
718 561 1027 650 regulari,
1073 568 1207 631 tam
1246 562 1410 633 bene
1442 566 1711 656 (caeteris
1751 565 2069 659 paribus),
2100 569 2235 639 imo
2258 591 2391 639 me-

78 657 81 674 ’
163 679 282 762 lius,
322 700 506 769 qnam
548 699 588 745 a
612 675 904 746 saeculari
949 675 1184 747 clerico
1219 679 1458 770 expleri
1478 679 1511 746 ‘l
1564 679 1905 770 Numquid
1956 703 2033 752 ex
2091 707 2167 754 eo
2216 689 2392 776 quod
2470 711 2475 715 ·

78 731 81 832 P
165 795 440 884 presbyter
486 793 808 883 regularis
851 793 957 881 sit,
1007 794 1478 885 praedicationis
1540 816 1787 864 munus
1838 802 1901 866 et
1962 810 2393 872 sacramente-

164 931 296 976 rum
323 909 840 978 ministrationem
879 909 1104 978 minus
1144 916 1310 980 recte
1355 909 1563 979 obibit
1583 913 1617 978 ἵ
1663 910 1993 1002 Numquid
2025 915 2389 1006 religiosus,

163 1023 445 1113 parochiae
474 1022 778 1114 regimini
815 1024 1192 1114 praepositus
1233 1023 1453 1117 (prout
1492 1024 1739 1116 praefici
1789 1048 1970 1118 posse
2022 1029 2195 1100 infra
2252 1033 2394 1101 fuse

164 1138 518 1230 probamus),
557 1137 762 1206 hocce
807 1160 1082 1208 munere
1126 1161 1462 1231 perperam
1502 1141 1849 1230 fungetur,
1904 1163 1981 1212 eo
2022 1145 2199 1235 quod
2258 1167 2391 1216 non

162 1261 382 1324 tantum
425 1259 760 1346 praecepta,
807 1254 920 1323 sed
973 1260 1037 1324 et
1079 1254 1346 1326 consilia
1393 1257 1763 1346 evangelica
1813 1256 2207 1328 observanda
2276 1283 2393 1330 vo·-

78 1431 80 1438 ,
163 1360 345 1428 verit?
365 1359 824 1430 canonicorum
865 1359 1135 1450 collegia
1174 1359 1501 1450 regularia
1540 1382 1676 1430 esse
1702 1363 1861 1452 quid
1901 1370 2069 1433 vetat
2090 1367 2123 1432 ⁶?
2158 1365 2389 1436 Nonne

161 1479 227 1546 ad
261 1478 718 1570 Episcopatum,
753 1476 1262 1564 Cardinalatum,
1305 1478 1664 1550 Summum
1702 1477 2161 1552 Pontificatum
2198 1505 2392 1574 regu-

162 1589 282 1662 laris
299 1615 466 1684 aeque
497 1615 574 1662 ac
601 1590 928 1662 saecularis
961 1592 1149 1661 evehi
1178 1593 1435 1684 potest?

222 1705 366 1776 Cum
410 1729 564 1797 ergo
608 1707 944 1796 religiosus
987 1713 1186 1778 status
1227 1729 1349 1778 nec
1415 1709 1849 1780 sacerdotium
1900 1712 2216 1796 excludat,
2271 1737 2391 1784 nee

155 1823 526 1892 sacerdotalia
555 1843 670 1892 sen
734 1822 1058 1892 clericalia
1093 1823 1334 1910 officia,
1393 1822 1556 1912 quid
1599 1822 1895 1912 prohibet
1944 1828 2121 1920 quiq
2170 1825 2390 1896 clerici

152 1957 357 2006 omnes
397 1939 589 2006 simul
636 1939 768 2008 sint
809 1935 1144 2028 religiosi?
1199 1937 1332 2008 Nec
1405 1938 1771 2028 objiciatur,
1840 1939 2090 2028 exigere
2153 1948 2391 2009 statum

152 2053 496 2143 religiosum
533 2061 625 2135 ut,
661 2055 778 2144 qui
821 2055 1021 2125 semel
1064 2075 1305 2126 nomen
1347 2056 1408 2124 ei
1452 2054 1792 2136 dederunt,
1838 2075 1877 2122 a
1904 2054 2179 2144 negotiis
2202 2055 2393 2124 absti-

153 2165 318 2228 neant
353 2173 412 2230 et
471 2161 744 2230 orationi
793 2180 868 2230 ac
921 2160 1174 2230 silentio
1218 2166 1532 2253 perpetuo
1594 2166 1865 2246 vacent3
1913 2159 2185 2251 proinde
2235 2163 2391 2254 ipsis

152 2281 292 2348 haud
343 2279 802 2352 committenda
851 2280 1283 2371 parochorum
1343 2285 1406 2352 et
1446 2279 1919 2374 Episcoporum
1966 2303 2259 2352 munera.
2314 2283 2387 2353 Id

153 2393 373 2480 quidem
457 2400 772 2488 perpetuo
859 2392 1234 2465 Jansenistae
1311 2394 1729 2488 clamitabant
1780 2423 1797 2464 ε
1886 2396 1999 2466 sed
2070 2419 2387 2489 perquam

158 2508 384 2580 absone:
414 2510 754 2602 aliquibus
791 2515 988 2578 status
1016 2510 1298 2600 religiosi
1333 2511 1563 2580 formis
1600 2531 1715 2580 seu
1760 2512 2002 2602 regulis
2046 2514 2385 2606 proprium

148 2631 226 2691 est
267 2630 336 2692 ut
373 2626 630 2696 silentio
692 2631 755 2695 et
831 2625 1106 2694 orationi
1181 2631 1485 2717 perpetuo
1570 2624 1981 2710 incumbant,
2056 2631 2380 2700 concedo:

144 2739 370 2830 ipsimet
403 2741 602 2812 statui
675 2739 1000 2829 religioso,
1050 2760 1240 2828 nego,
1287 2738 1426 2807 Alii
1474 2758 1711 2828 nempe
1776 2734 2061 2826 religiosi
2127 2741 2388 2811 ordines

151 2867 676 2959 contemplativam
734 2865 934 2935 vitam
987 2870 1336 2946 sectantur,
1391 2862 1505 2932 alii
1558 2862 1857 2946 activam,
1917 2861 2029 2930 alii
2086 2866 2379 2933 mixtam.

149 2978 258 3059 Qui
283 3003 448 3052 mere
486 2979 1054 3072 contemplativam
1087 2981 1292 3048 vitam
1329 3000 1404 3049 ex
1456 2977 1717 3069 proprio
1742 2977 2043 3046 instituto
2078 2977 2205 3045 sibi
2240 2999 2384 3067 pro-

139 3107 484 3186 poeuemnt,
520 3096 748 3187 utique
775 3095 1014 3166 debent
1055 3117 1094 3166 a
1132 3092 1726 3187 praedicationibus,
1775 3090 2383 3184 parochialibusque

139 3216 190 3275 et
219 3211 524 3284 similibus
562 3211 812 3282 muniis
849 3211 1192 3282 abstinere.
1237 3208 1375 3278 Alii
1410 3230 1561 3278 vero
1598 3208 1716 3299 qui
1740 3208 1823 3276 ad
1852 3208 2053 3276 vitam
2096 3208 2383 3278 activam

133 3346 238 3395 seu
275 3329 681 3420 apostolicam
717 3327 1000 3397 instituti
1053 3334 1230 3415 sunt,
1283 3327 1515 3396 munia
1559 3325 1642 3394 ad
1692 3325 2201 3416 promovendam
2239 3330 2381 3397 ani-

131 3462 368 3512 marum
398 3446 676 3515 salutem
706 3449 852 3535 apta
883 3463 1226 3535 perperam
1269 3441 1661 3525 omitterent,
1714 3445 1785 3508 ut
1828 3437 2083 3510 silentio
2130 3449 2192 3510 et
2239 3463 2382 3511 ora-

133 3557 262 3628 tioni
297 3561 440 3630 sine
491 3558 973 3630 intermissione
1013 3563 1338 3626 vacarent.
1401 3553 1592 3636 Quod
1648 3560 1713 3624 et
1760 3575 1913 3624 cum
1970 3557 2383 3647 proportione

132 3669 456 3744 dicendum
481 3674 566 3744 de
590 3671 674 3742 iis
709 3673 825 3763 qui
853 3671 1146 3741 mioetam
1180 3671 1381 3740 vitam
1409 3669 1815 3762 profitentur,
1863 3674 1936 3737 ut
1976 3675 2168 3761 patet.
2209 3667 2383 3758 Ergo

123 3795 314 3856 status
356 3791 714 3882 religiosuS,
766 3810 847 3856 ea·
887 3787 1167 3856 essentia
1201 3809 1349 3872 sua,
1395 3806 1813 3876 nequaquam
1862 3784 2143 3855 excludit
2180 3804 2382 3852 saeer-

121 3891 368 3963 dotium
391 3903 494 3966 aut
516 3895 930 3966 sacerdotalia
950 3893 1220 3978 munia;
1248 3893 1357 3964 sed
1393 3892 1555 3962 dum
1576 3913 1653 3962 ea
1674 3893 1906 3962 munia
1938 3889 2221 3962 excludit
2258 3890 2379 3958 ali-

128 4029 248 4096 qua
279 4015 476 4082 status
514 4010 800 4100 religiosi
836 4008 1044 4078 forma
1081 4029 1194 4080 seu
1230 4007 1482 4099 regula,
1524 4008 1671 4077 aliae
1707 4025 2129 4098 nequaquam
2164 4006 2379 4076 exclu-

117 4122 296 4194 dunt.
347 4125 514 4218 Ergo
566 4147 806 4198 revera
837 4132 1104 4218 possunt
1169 4123 1487 4196 clericalia
1561 4123 1789 4193 munia
1864 4141 1981 4212 per
2050 4119 2381 4212 religiosos

117 4240 409 4310 exerceri.
433 4240 604 4335 Ergo
625 4263 884 4313 necesse
901 4264 1036 4322 non
1059 4245 1152 4312 est
1178 4248 1252 4311 ut
1275 4239 1493 4311 clerici
1520 4236 1652 4306 sint
1676 4233 2043 4306 saeculares.

193 4353 554 4448 Fingamus
599 4378 778 4430 nunc
817 4354 1256 4449 hypothesim,
1302 4353 1607 4424 nullum
1590 4371 1661 4420 m
1717 4351 1963 4422 mundo
1992 4360 2235 4424 exstare
2264 4375 2375 4424 sae
