2834 4959
376 322 500 379 586
963 323 1302 372 TRACTATUS
1345 325 1427 372 DE
1466 324 1619 373 JURE
1654 319 2069 370 neumam.

371 453 452 520 ed
479 468 768 518 mensem
801 443 885 514 18
913 445 1309 537 completum
1337 447 1421 515 ab
1460 446 1755 532 ingressu
1810 442 1883 510 in
1912 438 2329 526 novitiatum,
2359 449 2571 533 posset
2594 444 2649 514 is

373 571 502 634 toto
535 563 914 630 ultimorum
939 582 1046 629 sex
1075 561 1398 630 mensium
1426 560 1628 652 spatio
1652 555 2199 626 renuntiationem
2254 557 2477 625 facere.

468 679 840 748 Pnorosirio
869 675 1012 748 VP.
1043 715 1134 728 ——-
1169 676 1605 746 Renuntiatio
1630 673 1874 745 novitii
1915 670 2251 740 sexdecim
2286 672 2487 760 annis
2510 673 2651 740 mi-

367 796 556 876 noris
587 793 767 862 volet
803 793 864 860 si
899 805 1192 860 servetur
1234 790 1625 860 Tridentino
1658 791 1887 881 forma
1912 809 1939 854 .·
1972 786 2221 856 novitii
2256 800 2487 856 autem
2508 811 2653 856 sex-

377 909 590 978 decim
624 907 818 976 annis
869 907 1147 998 majoris
1175 929 1312 975 non
1345 906 1547 992 volet,
1582 905 1641 972 si
1670 901 1849 970 dicta
1888 904 2121 993 forma
2156 925 2295 970 non
2340 917 2651 972 servetur.

379 1024 633 1097 -Vide
661 1025 826 1113 apud
858 1023 1172 1107 Ferrarii-1,
1216 1045 1371 1092 voce
1393 1020 1810 1108 Novitiatus,
1843 1041 1913 1085 n.
1950 1017 2035 1086 82
2078 1023 2141 1086 et
2175 1018 2290 1087 84.
2318 1017 2513 1088 Unde
2545 997 2655 1088 isac

381 1144 452 1211 in
481 1163 550 1209 re
579 1140 744 1211 nihil
782 1140 935 1208 facit
965 1138 1192 1208 novitii
1229 1145 1416 1221 επακ
1450 1138 1559 1206 sed
1606 1137 1781 1204 valor
1826 1133 2331 1203 renuntiationis
2360 1135 2597 1226 pendet
2620 1157 2655 1203 a

383 1255 886 1347 praescriptionis
911 1251 1309 1323 Tridentinae
1337 1251 1765 1321 observantia.

476 1371 850 1440 Pnorosirio
873 1370 1040 1440 V11·.
1075 1407 1168 1426 -—-
1191 1371 1298 1439 An
1323 1368 1601 1439 valeant
1624 1363 2152 1435 renuntiationes
2178 1376 2244 1433 et
2268 1363 2659 1434 donationes

384 1491 588 1578 faetae
615 1499 774 1556 ante
801 1488 1167 1576 inqressum
1211 1488 1280 1554 in
1313 1485 1747 1562 noviliacum.
1778 1481 1893 1550 sed
1916 1481 2000 1549 ob
2030 1482 2233 1550 istum
2254 1482 2655 1572 inqressmn,

383 1627 496 1672 seu
538 1603 794 1670 intuitu
829 1663 834 1673 ‚
862 1601 1232 1692 reliqionis,
1261 1601 1672 1670 veliementer
1710 1595 2230 1666 controvertitur.
2266 1634 2357 1648 -
2380 1597 2657 1664 Certum

385 1725 480 1791 est
500 1717 824 1808 eJ'usmodi
860 1715 1238 1791 donationes
1261 1721 1325 1784 et
1374 1716 1911 1798 renuntiationeS,
1942 1714 1999 1782 si
2039 1713 2272 1782 intuitu
2310 1711 2653 1801 religionis

387 1855 518 1902 non
554 1833 796 1901 fuerint
823 1834 1028 1918 factae,
1085 1831 1310 1900 eodem
1365 1831 1557 1898 modo
1591 1829 1799 1898 valere
1824 1849 1901 1898 ac
1944 1829 2005 1896 si
2056 1831 2527 1915 non-ageretur
2572 1825 2658 1894 de

391 1949 652 2016 novitio.
713 1945 899 2014 Unde
943 1952 1070 2014 tota
1123 1947 1554 2015 controversia
1600 1944 1863 2034 respicit
1890 1964 2141 2029 casum,
2172 1963 2303 2032 quo
2334 1942 2517 2010 iactae
2538 1938 2667 2009 sint

391 2066 470 2134 ob
493 2067 862 2156 inqressum
887 2066 960 2134 in
997 2065 1412 2156 reliqionem.
1461 2064 1530 2131 ln
1564 2086 1695 2153 qua
1738 2061 2199 2148 controversia,
2224 2083 2347 2152 pro
2374 2069 2437 2129 et
2452 2065 2661 2130 contin

391 2180 581 2246 multi
631 2180 945 2264 doctores,
981 2180 1209 2260 multae
1263 2179 1611 2250 sacrarum
1658 2177 2259 2269 Congregationum
2306 2176 2663 2246 declaratio-

391 2314 508 2364 nes
531 2293 794 2382 allegari
839 2294 1066 2364 solent.
1126 2295 1292 2364 Vide
1343 2297 1514 2362 inter
1558 2296 1717 2362 alios
1754 2293 2343 2383 Schmalzgrueber
2384 2294 2477 2384 (in
2506 2293 2663 2360 titu-

393 2409 534 2478 lum
571 2407 648 2476 de
675 2409 1146 2499 Reqularibus,
1178 2433 1250 2478 n.
1291 2410 1414 2478 127
1452 2418 1514 2477 et
1542 2413 1733 2502 seq.),
1752 2432 2005 2479 necnon
2025 2408 2319 2479 Ferraris
2340 2410 2517 2500 (voce
2532 2409 2665 2480 No-

392 2523 693 2608 vitiatuS,
727 2546 796 2591 n.
842 2523 928 2592 38
974 2529 1037 2593 et
1082 2523 1275 2614 seq.),
1305 2525 1421 2614 qui
1472 2526 1603 2594 duo
1640 2534 1930 2596 auctores
1974 2525 2265 2595 valorem
2293 2523 2663 2616 hujusmodi

391 2643 818 2712 donationum
849 2651 912 2712 et
941 2646 1501 2715 renuntiationum
1528 2646 1906 2714 defendunt.

485 2759 859 2829 Pnorosrno
883 2759 1090 2832 v111·.
1119 2797 1210 2814 -·
1249 2763 1553 2830 Licentia
1594 2749 1919 2860 Episcopi
1971 2773 2093 2830 aut
2132 2760 2277 2850 ejus
2306 2762 2554 2831 vicarii
2574 2781 2667 2852 qe-

394 2875 668 2961 neralis‚
693 2875 788 2944 ad
809 2877 1107 2945 valorem
1127 2879 1643 2946 renuntiationis
1669 2878 2015 2968 requisita,
2034 2875 2357 2944 censenda
2380 2891 2491 2944 est
2500 2897 2669 2966 posse

393 2989 549 3060 dari
575 2991 660 3060 ab
682 2993 836 3060 aliis
865 2991 1403 3084 jurisdictionem
1446 2994 1637 3084 quasi
1682 2993 2118 3084 episcopalem
2161 2991 2619 3060 exercentibus
2644 3010 2673 3073 ;

393 3127 512 3175 nec
537 3108 903 3198 requiritur
923 3119 1002 3176 ut
1049 3110 1144 3176 sit
1171 3109 1453 3200 scripta.
1487 3145 1577 3160 —
1600 3107 1812 3176 Potest
1847 3129 2084 3198 nempe
2112 3108 2381 3176 concedi
2422 3109 2613 3177 etiem
2636 3125 2670 3172 a

397 3224 677 3313 capitulo
703 3224 804 3291 vel
829 3223 1066 3293 vicario
1095 3225 1458 3316 capitulari,
1491 3226 1637 3294 sede
1672 3231 1957 3312 vacante,
1982 3225 2239 3317 praelato
2264 3223 2545 3312 regulari
2564 3225 2673 3308 ju-

397 3336 836 3406 risdictionem
889 3340 1077 3431 quasi
1115 3341 1542 3435 episcopalem
1595 3341 1871 3410 habente
1898 3363 1917 3425 3
1976 3341 2058 3409 ab
2076 3339 2388 3431 Episcopo
2442 3337 2673 3408 contir-

396 3455 593 3537 matO,
627 3451 776 3520 licet
817 3475 944 3522 non
997 3463 1386 3536 consecrato,
1420 3464 1485 3524 et
1532 3456 1796 3546 insuper
1843 3454 1924 3524 ab
1965 3455 2480 3547 Archiepiscopo
2534 3457 2670 3522 ante

394 3567 579 3660 pallii
637 3571 1093 3658 receptionem.
1148 3571 1242 3640 De
1297 3593 1427 3660 quo
1474 3571 1621 3638 vide
1667 3571 1839 3661 apud
1878 3569 2163 3638 Ferraris
2232 3571 2421 3661 (voce
2472 3567 2673 3640 Novi-

401 3687 636 3767 tiatus,
669 3707 739 3755 n.
771 3685 854 3754 73
897 3695 960 3755 et
1009 3687 1198 3778 seq.).
1227 3687 1496 3756 Necesse
1546 3693 1766 3756 autem
1818 3707 1954 3755 non
2005 3693 2102 3756 est
2152 3686 2488 3754 licentiam
2514 3685 2669 3752 hanc

395 3801 675 3871 obtineri
739 3802 812 3870 in
867 3802 1157 3895 scriptis,
1215 3829 1252 3869 «
1307 3807 1463 3894 quia
1522 3803 1986 3872 Tridentinum
2038 3803 2288 3871 nullam
2344 3802 2669 3892 scripturn

405 3943 442 3986 α
473 3920 876 3988 mentionem
905 3917 1080 3988 facit.
1103 3944 1138 3986 »
1175 3919 1812 4011 (Schmelzgrueber,
1840 3921 1911 3988 in
1936 3918 2201 3986 titulum
2226 3915 2306 3986 de
2329 3911 2671 4008 Requlm'-

401 4033 542 4119 bus,
575 4055 651 4102 n.
690 4033 878 4126 104.)

486 4149 866 4220 Pnorosmo
897 4147 1034 4222 lX·.
1068 4187 1158 4204 --
1193 4150 1621 4219 Renuntiatio
1650 4149 1777 4218 etsi
1798 4145 2019 4218 debito
2052 4160 2351 4239 tempore
2394 4155 2453 4214 et
2476 4135 2665 4209 modo

391 4265 600 4354 faeta,
611 4265 918 4358 effectum
929 4289 1066 4336 non
1079 4265 1302 4354 habet,
1315 4268 1377 4334 si
1387 4289 1533 4334 secu
1540 4278 1610 4334 ta
1628 4265 1955 4358 professio
1974 4263 2171 4332 nulla
2188 4263 2283 4332 sit
2298 4261 2379 4331 ob
2392 4258 2665 4350 aliquem

386 4381 566 4471 juris
621 4379 968 4470 defectum.
1001 4421 1094 4437 -—
1143 4382 1215 4453 ld
1243 4383 1554 4452 evincunt
1593 4382 1788 4451 verba
1826 4379 2205 4450 Tridentino
2257 4403 2275 4446 ε
2348 4403 2385 4444 α
2422 4376 2513 4444 Ac
2542 4389 2663 4440 non
