2834 4959
1058 380 1209 427 PARS
1250 378 1512 438 QUARTA.
1781 458 1794 474 ι
2279 372 2402 431 663

222 504 426 575 Nota.
478 536 569 553 --·
602 498 761 569 Haec
798 499 1211 592 scripseram,
1250 524 1406 571 oum
1435 502 1636 573 incidi
1673 503 1744 571 in
1773 510 2144 594 sequentem
2183 505 2407 575 locum

147 616 457 687 Thesauri
492 614 981 684 resolutionum
1011 621 1185 704 (tom.
1224 616 1292 703 3,
1327 638 1476 708 pag.
1515 618 1666 705 154,
1706 619 1859 687 edit.
1891 617 2129 688 Urbini
2155 618 2350 710 1739)
2385 644 2403 689 :

110 738 115 749 '
146 759 179 799 e<
202 731 759 803 Communissima
805 738 869 798 et
917 738 1165 821 recepta
1210 734 1527 801 sententis
1561 755 1699 803 esse
1738 733 2017 822 videtur,
2057 734 2232 823 quod
2260 754 2411 802 vera
2494 778 2507 805 ι

142 874 179 914 «
206 850 643 917 committatur
690 848 998 931 simonia,
1051 848 1310 935 quando
1359 848 1432 916 fit
1481 850 1690 939 pactio
1744 848 1941 918 dandi
1997 848 2212 919 dotem
2271 870 2412 919 mo-

144 986 183 1029 «
209 964 511 1048 nester-io,
554 964 704 1033 sive
768 962 979 1047 diviti,
1050 962 1181 1030 sive
1240 966 1539 1054 pauperi,
1609 973 1917 1053 tanquam
1970 965 2254 1055 pretium
2307 965 2413 1032 in-

144 1102 181 1141 «
208 1100 465 1165 gressus
502 1080 571 1147 in
610 1077 1023 1166 religionem,
1054 1076 1154 1144 vel
1190 1078 1617 1165 professionis.
1655 1076 1780 1149 Sed
1812 1078 2178 1167 quandofit
2205 1079 2414 1168 pactio

150 1218 183 1255 «
210 1194 405 1263 dandi
430 1195 644 1271 dotem
688 1194 759 1262 in
790 1212 1053 1261 oausam
1082 1191 1540 1263 alimentorum
1588 1195 2034 1284 ingredientis,
2078 1195 2178 1261 vel
2216 1193 2416 1285 profi-

150 1334 184 1373 «
212 1311 431 1395 tentis,
466 1317 649 1387 tunc,
694 1308 756 1377 si
790 1308 1265 1375 monasterium
1304 1320 1400 1376 est
1437 1310 1854 1400 opulentum,
1891 1311 2117 1402 pactio
2168 1307 2418 1379 redolet

150 1447 184 1487 α
225 1426 507 1513 speeiem
532 1423 832 1493 simonioe
858 1434 925 1491 et
953 1423 1266 1491 avaneioe
1301 1448 1327 1491 .·
1348 1446 1532 1495 secus
1557 1433 1773 1495 autem
1806 1427 2066 1515 quando
2091 1432 2416 1494 monaste-

150 1563 187 1603 «
210 1542 385 1609 rium
414 1546 509 1631 est
553 1541 738 1631 inops
788 1562 807 1607 ε
850 1544 1006 1606 tunc
1038 1540 1283 1629 quippe
1327 1545 1536 1629 pactio
1561 1542 1874 1632 permissa
1893 1550 2014 1629 est,
2045 1547 2107 1610 et
2141 1563 2180 1609 a
2223 1541 2416 1609 totius

148 1685 183 1725 α
208 1660 512 1735 Ecclesiae
540 1661 1005 1733 consuetudine
1030 1662 1402 1753 approbata.
1434 1689 1468 1730 n

227 1776 411 1857 Quod
456 1780 659 1868 possit
684 1776 1176 1864 monasterium,
1218 1778 1333 1845 etsi
1376 1779 1788 1868 opulentum,
1822 1779 1998 1847 dotes
2044 1778 2327 1867 recipere
2353 1777 2412 1846 si

142 1898 367 1978 sponte
410 1894 785 1978 offerantur,
816 1892 985 1963 mihi
1014 1914 1148 1963 non
1171 1894 1430 1963 videtur
1454 1894 1762 1964 dubium.
1787 1896 1872 1963 At
1909 1916 2060 1963 vero
2099 1894 2272 1981 quod
2303 1914 2412 1963 eas

140 2004 355 2091 possit
386 2007 660 2099 πέφνε,
692 2008 866 2076 haud
904 2008 1381 2077 admittendum
1415 2014 1595 2099 puto.
1625 2007 1706 2076 Et
1740 2029 1777 2077 a
1821 2007 2072 2077 fortiori
2095 2006 2272 2076 haud
2303 2027 2414 2075 ve-

148 2137 299 2185 rum
323 2123 641 2209 existimo,
666 2125 841 2213 quod
862 2136 1169 2193 teneatur
1197 2126 1375 2193 dotes
1396 2124 1675 2211 exigere.

234 2231 521 2313 Qufflsrlo
545 2236 653 2307 V·.
684 2278 775 2292 -
798 2238 911 2309 Ad
933 2262 1127 2331 quem
1135 2240 1478 2332 pertineat
1503 2238 1678 2309 dotis
1705 2238 2008 2307 taxatio?
2035 2274 2125 2291 -
2153 2262 2187 2303 α
2215 2238 2276 2305 1⁰
2305 2236 2419 2305 Di-

152 2370 187 2409 α
216 2350 417 2421 cenda
487 2358 580 2421 est
644 2362 931 2447 spectare
1012 2357 1093 2425 sd
1170 2358 1532 2448 superiores
1597 2357 1892 2448 ipsarum
1945 2355 2412 2424 monialium...

150 2487 183 2525 «
210 2460 501 2534 Miz-anda
552 2474 751 2546 notat,
803 2470 1099 2557 praeratos
1144 2474 1510 2560 superiores
1561 2472 1982 2560 monialium,
2024 2472 2247 2541 insciis
2284 2472 2418 2540 imo

143 2600 179 2641 <t
212 2583 276 2645 et
330 2578 848 2669 repugnantibus
905 2580 1065 2667 ipsis
1124 2584 1551 2664 monialibus»,
1621 2584 2007 2677 simpliciter
2069 2586 2416 2677 loquendO,
2463 2570 2470 2575 ¹

142 2714 177 2755 α
204 2714 385 2781 posse
410 2694 765 2761 immutare
792 2698 1001 2761 toxam
1030 2694 1220 2780 dotis,
1254 2696 1311 2762 si
1336 2695 1502 2763 adsit
1529 2698 1708 2783 justa
1743 2719 1935 2767 causa
1961 2700 2026 2765 id
2054 2700 2411 2770 faciendi...

141 2832 173 2869 α
206 2808 507 2897 quamvis
554 2806 948 2896 regulariter
999 2808 1328 2897 loquendo
1372 2807 1440 2875 id
1471 2829 1602 2877 non
1640 2806 1930 2898 expediat
1981 2812 2164 2880 :imo
2203 2814 2418 2901 potius

142 2922 583 2993 «consultum
636 2921 718 2991 sit
758 2921 825 2990 id
873 2922 1083 2991 faeere
1121 2922 1205 2993 de
1254 2942 1577 2991 consensu
1621 2923 1849 2991 saltem
1897 2924 2088 3013 major
2103 2925 2160 2992 is
2201 2945 2276 2993 ac
2305 2947 2416 2995 so.-

135 3059 173 3099 «
204 3037 413 3108 nioris
468 3038 680 3127 partis.
714 3038 1103 3107 monialium
1144 3037 1597 3108 monasterii...
1655 3037 1820 3119 Quia
1864 3040 2096 3107 taxatis·
2125 3039 2292 3107 dotis
2323 3050 2418 3111 est

137 3174 175 3214 a
201 3172 305 3223 res
365 3154 641 3221 maximi
714 3155 1061 3236 momenti,
1140 3154 1428 3246 adeoque
1495 3174 1630 3222 non
1682 3154 1936 3223 videtur
1989 3154 2413 3243 relinquenda

140 3290 173 3327 «
204 3268 479 3337 arbitrio
514 3269 993 3339 feminarum...
1025 3294 1063 3337 n

219 3384 289 3449 2⁰
342 3383 611 3465 «Quod
666 3387 721 3453 si
772 3408 1025 3475 quaeras
1085 3387 1167 3456 ad
1225 3407 1426 3475 quem
1484 3386 1888 3475 superiorem
1946 3385 2018 3453 in
2075 3387 2415 3477 praesentia

144 3520 177 3558 «
206 3504 453 3587 spectet
502 3500 763 3588 praeiats
829 3503 1063 3571 taxati-o
1131 3501 1322 3588 dotis,
1402 3501 1598 3569 etiam
1655 3507 1949 3593 respectu
2023 3502 2413 3569 monialium

147 3634 179 3673 «
208 3620 697 3707 exemptarum3
748 3620 1103 3706 respondeo
1143 3641 1160 3685 ε
1194 3620 1263 3686 in
1302 3617 1638 3708 praesentia
1666 3617 1732 3684 id
1759 3622 2002 3708 spectat
2027 3616 2107 3683 ad
2149 3616 2412 3685 Sacram

146 3748 179 3789 α
205 3725 792 3821 congregationem
821 3731 1293 3825 Episcoporum
1316 3743 1380 3803 et
1420 3732 1850 3821 regularium.
1903 3756 1938 3799 n
1989 3730 2405 3823 (Pellizarius,

134 3837 215 3905 de
252 3844 697 3934 Μοηίαἰὶὀαε,
726 3870 877 3937 pag.
916 3848 1007 3918 34
1034 3858 1095 3918 et
1118 3850 1230 3933 35,
1258 3870 1329 3917 n.
1358 3848 1447 3917 42
1471 3856 1530 3915 et
1557 3846 1669 3935 43,
1698 3848 1997 3917 editionis
2023 3869 2156 3916 non
2193 3848 2416 3938 prohi-

136 3950 310 4040 bitae,
352 3955 598 4039 Romae,
631 3962 854 4051 1761).

224 4069 515 4151 Quasi-10
545 4076 685 4146 Vl·.
710 4116 803 4129 --
830 4081 1159 4163 Quoenam
1184 4080 1321 4149 sint
1334 4079 1703 4171 praeeipuae
1741 4078 1900 4147 alioe
1935 4078 2106 4168 juris
2140 4077 2416 4169 disposi-

140 4182 345 4257 tiones
392 4190 569 4261 circa
609 4190 793 4264 dotes
837 4198 1238 4266 monialium
1253 4201 1287 4266 7
1325 4232 1417 4249 —-
1457 4198 1519 4264 1ο
1539 4194 1756 4263 -Dotes
1787 4195 2022 4263 debent
2060 4194 2223 4263 solvi
2259 4214 2410 4275 aere,

138 4314 269 4365 non
314 4312 534 4377 autem
584 4330 703 4401 pro
723 4312 815 4381 eis
858 4314 1171 4402 assignari
1212 4319 1478 4404 possunt
1501 4312 1670 4379 bona
1693 4308 2065 4379 immobilia
2099 4315 2213 4377 aut
2251 4330 2413 4379 cen-

140 4427 251 4481 sus
280 4414 618 4510 (Ferraris,
664 4424 749 4497 V.
782 4429 1131 4513 Moniales,
1156 4436 1277 4501 art.
1320 4428 1389 4517 2,
1422 4448 1491 4497 n.
1545 4425 1676 4517 19).
1717 4462 1810 4479 -
1831 4424 1898 4494 2⁰
1951 4448 1985 4493 «
2009 4422 2090 4495 Et
2137 4424 2414 4497 nullate-
