2834 4959
514 339 638 396 100
1097 343 1436 393 mertuos
1478 345 1561 392 mt
1600 343 1753 392 nm:
1790 343 2200 422 naming«.

507 475 664 544 tavit
709 493 892 543 veros
943 473 1274 563 religiosos
1329 493 1467 542 esse
1517 472 1832 542 societatis
1876 469 2027 540 Jesu
2072 467 2490 550 scholasticoS,
2526 487 2711 556 quam-

507 589 603 658 vis
657 587 976 658 bonorum
1029 606 1300 656 suornm
1350 587 1723 655 dominium
1754 586 2097 670 retineant,
2148 584 2243 654 sic
2274 583 2464 651 insert
2507 605 2524 647 ε
2578 605 2609 646 α
2644 577 2711 646 Ex

518 734 552 773 α
577 727 708 797 quo
740 707 1056 797 sequitur,
1106 727 1240 775 non
1289 725 1429 775 esse
1472 705 1553 774 de
1592 705 1867 774 essentia
1892 702 2279 796 paupertatis
2310 699 2623 790 religiosis,
2660 705 2713 764 ut

511 849 548 890 α
584 823 872 892 dominio
919 836 1144 890 rerum
1191 819 1647 913 temporalium
1700 823 1933 911 privet,
1986 820 2097 888 sed
2148 823 2396 887 tantum
2440 819 2513 883 ut
2554 811 2714 904 privet

515 963 550 1006 t(
577 944 875 1030 potestate
941 937 1165 1006 utendi
1191 990 1210 1024 ,
1267 939 1354 1006 ita
1409 942 1482 1004 ut
1540 936 1781 1027 absque
1854 935 2203 1028 superioris
2266 951 2563 1004 consensu
2612 947 2711 995 non

513 1077 548 1116 «
577 1052 769 1142 possit
825 1050 960 1120 ulla
1003 1073 1074 1119 re
1121 1051 1242 1135 uti,
1293 1049 1394 1119 vel
1446 1049 1527 1120 de
1577 1071 1647 1118 ω
1688 1050 1825 1118 ulla
1874 1049 2237 1140 disponere,
2284 1053 2346 1117 et
2380 1044 2491 1114 illo
2514 1041 2713 1111 volente

507 1190 545 1232 α
573 1167 846 1236 tenearis
889 1165 1086 1234 etiam
1138 1166 1282 1253 ejus
1339 1164 1709 1232 dominium
1782 1162 2103 1248 abdicare,
2164 1167 2238 1230 ut
2284 1159 2442 1228 bene
2495 1155 2711 1225 advertit

509 1305 546 1348 α
577 1279 910 1350 Lessius...
969 1279 1300 1348 Rationem
1350 1279 1484 1367 dat,
1542 1278 1697 1368 quia
1748 1277 1921 1363 talis,
1980 1279 2098 1346 etsi
2142 1274 2501 1346 dominium
2536 1289 2710 1338 renim

511 1419 543 1456 α
570 1414 838 1460 suarum
891 1394 1182 1472 retineat,
1238 1393 1414 1461 idem
1474 1399 1687 1461 tamen
1738 1398 1832 1460 est
1877 1411 1954 1461 ac
2002 1393 2057 1460 si
2102 1410 2240 1460 non
2279 1388 2555 1471 haberet3
2593 1402 2709 1452 cum

507 1535 542 1572 ι(
569 1507 938 1580 dominium
983 1529 1204 1576 rerum
1255 1528 1388 1576 non
1436 1508 1793 1576 aestimetur
1840 1507 1971 1576 nisi
2018 1514 2283 1600 propter
2328 1526 2508 1575 usum
2540 1505 2594 1569 et
2625 1519 2711 1590 po-

514 1648 544 1686 «
573 1628 860 1692 testatem
887 1622 1297 1714 disponendi,
1329 1644 1475 1713 quae
1516 1623 1727 1692 eidem
1778 1643 1893 1714 per
1932 1623 2323 1714 paupertatis
2366 1628 2560 1689 votum
2596 1613 2711 1682 adi·

509 1763 544 1802 a
577 1738 783 1808 mitur
815 1761 832 1806 :
881 1745 1346 1829 consequenter
1397 1737 1569 1808 nihil
1613 1739 1825 1808 eidem
1872 1738 2073 1824 deest,
2108 1737 2464 1830 quominus
2498 1749 2714 1802 censen·

507 1876 542 1916 ιι
571 1853 694 1924 dus
735 1855 818 1924 sit
845 1853 1238 1946 paupertatis
1271 1854 1591 1945 religiosae
1628 1854 1862 1924 cultor.
1898 1879 1935 1921 >³
1973 1853 2071 1944 (ln
2107 1853 2379 1924 titulum
2406 1851 2509 1938 25,
2538 1841 2713 1916 libri3

495 1965 960 2056 Decretalium,
991 1989 1062 2038 n.
1095 1970 1194 2060 4.)

585 2087 790 2157 Nota.
822 2119 912 2140 -·
956 2084 1017 2152 A
1051 2084 1299 2152 fortiori
1340 2091 1559 2152 autem
1601 2085 1679 2152 ad
1718 2091 1916 2154 status
1950 2084 2241 2175 religiosi
2287 2084 2571 2152 rationem
2608 2071 2714 2142 suf·

497 2197 726 2267 ficiens
779 2199 902 2265 erit
949 2197 1296 2286 secundus,
1351 2218 1551 2288 supra
1603 2199 1988 2290 descriptus,
2040 2198 2433 2292 paupertatis
2479 2190 2709 2286 gradus;

495 2310 560 2380 id
602 2319 720 2392 est,
759 2317 985 2381 votum
1014 2312 1404 2404 paupertatis
1442 2334 1596 2401 qu0‚
1631 2335 1763 2381 non
1800 2321 2057 2385 tantum
2090 2317 2405 2408 spolietur
2436 2306 2712 2399 religiosus

491 2425 790 2496 facultate
834 2427 1056 2495 utendi
1101 2427 1298 2495 rebus
1345 2425 1855 2518 independenter
1898 2439 1964 2500 et
2012 2452 2130 2522 pro
2180 2431 2467 2512 arbitrio,
2511 2421 2603 2494 sed
2642 2419 2715 2484 in·

494 2561 688 2630 super
733 2545 1029 2610 teneatur
1081 2541 1373 2611 dominia
1413 2563 1535 2610 sua
1580 2543 1902 2631 abdicare,
1950 2553 2015 2614 et
2054 2547 2125 2614 in
2172 2549 2461 2616 [uturum
2489 2561 2607 2612 non
2637 2553 2712 2602 ac·

495 2655 778 2745 quirere.
1253 2659 1267 2676 '
2258 2654 2271 2672 '

581 2771 795 2862 Atque
835 2771 1051 2840 adhuc
1093 2793 1130 2838 a
1175 2771 1424 2841 fortiori
1474 2771 1803 2842 sufficiens
1851 2774 1978 2844 erit
2019 2775 2274 2864 primus
2310 2799 2385 2846 ex
2420 2791 2596 2865 supra
2626 2765 2714 2834 de-

491 2887 743 2976 scriptis
793 2887 1180 2979 paupertatis
1231 2887 1565 2976 gradibus,
1622 2888 1691 2957 id
1728 2895 1847 2975 est,
1898 2895 2121 2960 votum
2174 2891 2578 2985 paupertatis,
2620 2895 2715 2971 qu⁰

493 3023 628 3072 non
675 3009 928 3072 tantum
958 3003 1247 3072 aufertur
1293 3002 1565 3072 facultas
1595 3004 1789 3074 rebus
1828 3005 2340 3097 independenter
2378 3003 2608 3086 utendi,
2636 2990 2716 3064 sed
2763 3065 2764 3080 2

491 3131 554 3188 et
603 3141 880 3212 praesens
929 3119 1327 3199 dominium,
1381 3119 1435 3187 si
1482 3121 1655 3209 quod
1704 3120 2001 3208 habetur,
2042 3124 2182 3212 ipso
2228 3123 2397 3192 facto
2436 3115 2717 3190 adimitur,
2763 3108 2764 3133 ¹

495 3239 558 3302 et
578 3233 913 3303 inducitur
934 3232 1112 3302 aliud
1141 3233 1212 3300 in
1238 3239 1565 3323 posterum
1589 3235 1969 3323 acquirendi
1996 3237 2413 3328 incapacitas.

594 3349 901 3438 Objicies.
934 3385 1024 3404 -
1056 3347 1214 3418 Veri
1261 3347 1544 3437 religiosi
1572 3371 1707 3417 non
1732 3355 1885 3419 sunt
1924 3348 2055 3418 nisi
2080 3352 2379 3442 professi,
2408 3353 2473 3421 id
2500 3355 2606 3430 est,
2639 3339 2723 3430 qui

498 3470 642 3535 vota
703 3462 1014 3532 solemnia
1072 3463 1428 3531 emiserunt
1483 3486 1499 3530 t
1560 3463 1669 3531 sed
1726 3463 1805 3532 ad
1867 3471 2093 3534 votum
2154 3467 2443 3536 solemne
2496 3475 2725 3556 pauper·

495 3581 636 3648 tatis
694 3577 1047 3667 requiritur
1113 3583 1451 3668 paupertas
1520 3579 1721 3668 primi
1776 3578 2057 3668 gradus;
2124 3603 2279 3671 ergo
2338 3605 2467 3652 non
2534 3569 2727 3647 sufficit

496 3696 672 3765 ullus
739 3715 814 3763 ex
877 3692 1087 3762 tribus
1139 3692 1282 3761 aliis
1333 3693 1667 3784 gradibus.
1748 3729 1839 3748 ——
1891 3695 2267 3788 Respondeo
2330 3721 2355 3767 :
2409 3697 2579 3786 Nego
2624 3707 2760 3792 mii-3

491 3811 723 3898 jerem.
790 3804 956 3876 Nam
1022 3811 1222 3896 potest
1282 3811 1433 3896 quis
1473 3828 1611 3896 per
1654 3807 1777 3875 tria
1842 3805 2162 3896 simplicia
2227 3819 2374 3879 vota
2444 3825 2619 3879 verus
2674 3793 2760 3865 in'

497 3926 714 3994 stricto
763 3941 955 3991 sensu
1009 3920 1348 4010 religiosus
1405 3923 1690 3990 existere.
1749 3919 1973 4012 Neque
2022 3924 2167 3992 licet
2230 3923 2298 3993 id
2338 3929 2481 4016 Jam
2534 3933 2729 4008 negare

499 4047 609 4108 aut
658 4041 726 4108 in
769 4037 1052 4108 dubium
1085 4057 1421 4123 revocare,
1472 4043 1813 4127 postquam
1871 4059 2161 4129 expresse
2209 4059 2247 4108 a
2304 4041 2452 4109 sede
2504 4033 2758 4133 reposto-1

495 4155 645 4242 lica,
678 4154 886 4242 quoad
933 4151 1252 4222 societatis
1284 4148 1435 4218 Jesu
1482 4152 1912 4238 scholasticos,
1970 4154 2094 4222 fuit
2138 4154 2505 4225 definitum.
2556 4147 2729 4222 Unde,

496 4265 614 4334 etsi
667 4263 828 4331 olim
884 4263 1099 4353 aliqua
1157 4261 1462 4332 exstiterit
1510 4261 1634 4330 hac
1684 4262 1767 4330 de
1814 4285 1886 4331 re
1956 4267 2389 4336 controversia
2414 4317 2433 4352 ,
2503 4259 2756 4350 omninog

493 4397 713 4462 tamen
757 4400 874 4470 per
919 4379 1250 4469 praefatam
1297 4377 1464 4448 sedis
1490 4379 1867 4470 Apostolicae
1907 4381 2295 4455 decisionem
2344 4383 2587 4454 sublata
2626 4364 2756 4459 esui
