2834 4959
923 1254 1713 1403 pnofflmmm·

261 2258 572 2355 Caetera,
629 2282 804 2361 quae
839 2256 1072 2355 mihi,
1129 2256 1226 2337 ob
1263 2257 1703 2339 doctrinam
1756 2258 1842 2337 in
1884 2258 2081 2337 meis
2128 2258 2223 2337 de
2252 2258 2431 2364 jure

163 2412 354 2470 sacro
387 2388 934 2471 voluminibus
969 2389 1412 2495 expositam,
1466 2391 1934 2497 perferenda
1987 2391 2207 2471 fuere
2258 2416 2431 2499 gra-

163 2520 486 2621 vamina,
533 2522 824 2603 lubens
857 2520 1080 2603 sileo.
1124 2524 1396 2605 Unum
1438 2532 1701 2606 tamen
1742 2530 1881 2621 est,
1924 2523 2160 2615 lector
2198 2524 2430 2604 bene-

161 2654 347 2752 vole,
373 2654 586 2761 quod
625 2652 953 2734 omnino
985 2680 1032 2734 a
1067 2680 1195 2736 me
1234 2656 1507 2761 repelli
1552 2655 1907 2753 debuisse
1946 2655 2171 2736 facile
2213 2656 2433 2761 quis—

161 2808 316 2887 que
365 2786 794 2893 perspiciet.
858 2788 1056 2869 Rem
1113 2785 1380 2893 paucis
1436 2787 1703 2895 excipe
1744 2819 1768 2868 .·
1816 2814 2118 2895 sparsus
2174 2790 2435 2867 Romae

161 2914 526 3019 primum,
571 2928 738 3000 tum
781 2945 924 3025 per
957 2918 1294 3001 Galliam
1333 2928 1410 3003 et
1447 2919 1811 3029 Belgium
1850 2918 2219 3002 citissime
2259 2944 2433 3023 per-

149 3054 346 3139 latus
379 3086 688 3159 rumor,
727 3087 776 3141 a
811 3058 1197 3167 PioPapa
1235 3063 1338 3143 IX
1375 3062 1704 3151 feliciter
1747 3069 2121 3171 regnante
2164 3058 2433 3167 (quem

161 3187 288 3269 diu
345 3195 580 3275 nobis
639 3196 846 3275 Deus
915 3193 1398 3275 incolumem
1460 3194 1735 3301 servet)
1816 3194 2432 3305 haudquaquam

162 3333 452 3433 probari
509 3342 866 3415 tractatus
899 3359 948 3414 a
991 3358 1122 3416 mc
1153 3335 1402 3417 editos
1446 3366 1465 3414 ε
1512 3336 1673 3417 imo
1710 3344 1789 3417 et
1823 3334 1921 3417 de
1962 3339 2268 3438 infenso
2324 3336 2437 3443 (ut

155 3462 580 3575 dicebatur)
621 3465 1098 3553 Sanctissimi
1149 3466 1238 3548 in
1295 3492 1433 3551 me.
1476 3468 1871 3575 librosque
1910 3493 2121 3552 meos
2170 3459 2437 3549 animo

157 3600 392 3680 multa
453 3600 924 3683 multimode
983 3601 1517 3683 asserebantur
1574 3632 1592 3681 ε
1656 3608 1745 3682 ut
1796 3601 1989 3683 adeo
2041 3600 2205 3707 jam
2275 3600 2437 3678 fere

151 3754 190 3808 a
229 3733 657 3815 nonnullis
697 3758 1052 3815 meorum
1104 3734 1607 3816 voluminum
1650 3733 2198 3816 condemnatio
2245 3754 2437 3834 prae-

147 3866 544 3951 cinei-etur
581 3878 812 3977 atque
851 3879 1400 3977 expectaretur.
1458 3872 1637 3953 Haec
1674 3879 1965 3967 autem,
2013 3864 2221 3971 apud
2258 3890 2433 3974 gra-

0 4087 6 4132 s
147 3999 498 4083 vissimos
552 4002 784 4085 etiam
837 4003 1072 4103 vir05,
1136 4004 1378 4085 fidem
1440 4003 1935 4111 aliquatenus
2000 4022 2439 4105 conseque-

157 4130 460 4217 bantur.

246 4270 450 4367 Quae
500 4270 868 4376 procella,
928 4296 1090 4353 non
1145 4296 1237 4352 ex
1291 4269 1641 4351 ullorum
1698 4263 1997 4351 malitia
2050 4265 2164 4375 (ut
2204 4262 2435 4372 reor),
