2834 4959
431 351 556 406 574
1005 349 1346 400 ‘mannus
1387 350 1471 398 BE
1506 349 1677 429 amq
1702 346 2120 396 nummum.

421 477 600 550 modi
641 475 816 565 leges
858 495 992 544 non
1036 474 1334 562 obligare
1399 491 1557 540 cum
1612 467 1797 558 gravi
1860 465 2305 536 incommodo.
2366 467 2591 557 Atque
2659 471 2731 538 id

423 591 900 665 extendendum
966 589 1222 659 videtur
1277 587 1360 656 ad
1420 585 1704 656 formam
1746 583 2104 674 juridicam
2168 582 2657 653 informationis
2696 609 2715 652 :

427 712 497 780 in
523 708 774 792 Galliis,
805 706 986 777 verbi
1013 706 1244 798 gratia,
1275 703 1464 772 facile
1492 701 1871 790 contingere
1898 703 2103 789 potest
2122 704 2201 769 ut
2224 699 2369 766 sine
2392 699 2567 787 gravi
2598 699 2725 766 in-

427 824 768 900 commodo
813 844 948 893 non
983 823 1183 914 possit
1213 821 1352 890 fieri
1375 815 1749 888 informatio
1788 835 1943 886 cnm
1981 815 2229 885 notario
2266 823 2331 882 et
2346 815 2587 898 juratis
2612 823 2721 884 te-

427 941 654 1011 stibus.
685 936 832 1019 Qua
871 941 1078 1006 stante
1103 932 1509 1022 difficultate,
1530 930 1895 1002 excusanda
1932 929 2185 1000 videtur
2220 928 2430 1020 hujus
2468 930 2721 998 utrius-

427 1077 554 1146 que
591 1051 994 1124 formalitatis
1017 1050 1306 1120 omissio.
1337 1047 1687 1126 Caeterum,
1728 1051 1807 1117 nt
1832 1067 2031 1136 supra
2054 1046 2195 1133 jam
2214 1043 2713 1124 adnotavimus,

425 1169 720 1261 plerique
745 1173 808 1236 et
839 1167 1052 1235 forsan
1093 1185 1320 1234 omnes
1359 1163 1651 1252 religiosi
1679 1160 1941 1230 ordines
1968 1163 2369 1250 opportunas
2396 1159 2627 1248 quoad
2658 1159 2719 1227 id

425 1285 760 1354 facultates
811 1288 874 1350 et
921 1280 1378 1350 declarationes
1430 1299 1469 1346 a
1534 1275 1684 1346 sede
1736 1273 2109 1367 Apostolica
2178 1273 2311 1344 sibi
2360 1295 2715 1366 compara-

427 1405 604 1482 runt,
637 1419 712 1467 ex
741 1395 978 1486 quibus
1007 1398 1076 1464 in
1102 1395 1282 1485 praxi
1317 1391 1721 1482 diriguntur.

1407 1729 1425 1744 ἡ
1510 1636 1659 1729 gu.

1075 1805 1266 1868 Quibus
1281 1805 1531 1856 notificari
1558 1803 1742 1855 debeat
1758 1802 2064 1854 informatio.

528 1996 602 2065 ln
637 1995 1090 2068 constitutione
1122 1997 1288 2064 Cum
1315 1989 1396 2060 de
1417 1988 1753 2074 omnibus,
1786 1990 2057 2058 sancivit
2082 1984 2299 2058 Siitus
2316 1989 2377 2060 V
2400 2011 2481 2058 ne
2510 1991 2713 2081 recipi

439 2117 694 2203 possent
747 2111 1064 2180 sexdecim
1119 2109 1307 2176 annis
1345 2106 1649 2196 maiores,
1694 2104 1821 2172 nisi
1878 2110 2063 2194 capta
2120 2103 2575 2172 informatione
2630 2105 2717 2174 de

429 2222 747 2312 capitibus
789 2245 984 2313 supra
1017 2221 1377 2313 descriptis,
1422 2218 1627 2310 deque
1666 2219 1769 2287 his
1804 2218 2109 2286 omnibus
2150 2218 2223 2286 in
2262 2219 2571 2309 ρεπεν-σιξ
2616 2221 2721 2290 vel
2828 2277 2830 2306 2

427 2337 831 2428 provinciali
865 2336 1170 2428 capitulo
1193 2335 1395 2426 plena
1424 2345 1489 2401 et
1526 2331 1914 2403 indubitata
1936 2331 2074 2424 fide
2098 2336 2305 2424 facta.
2334 2335 2713 2406 Auctorita-
2828 2323 2830 2378 ¹

431 2459 564 2522 tem
589 2461 804 2521 autem
829 2453 917 2520 ibi
939 2451 1220 2541 generali
1247 2457 1360 2519 aut
1387 2449 1767 2540 provinciali
1794 2451 2080 2542 capitulo
2094 2451 2505 2537 attributam,
2542 2475 2712 2523 exer-

433 2567 564 2635 ceri
593 2573 807 2656 postea
832 2565 1106 2634 indulsit
1133 2587 1250 2656 per
1271 2565 1637 2657 superiores
1676 2565 1965 2634 duorum
2010 2573 2123 2634 aut
2166 2566 2371 2634 trium
2418 2587 2711 2637 conven-

435 2688 658 2773 tuum,
689 2683 793 2752 vel
823 2685 1019 2751 etiam
1057 2705 1172 2775 per
1205 2689 1330 2752 tres
1365 2704 1442 2751 ex
1472 2680 1947 2773 antiquioribus
1978 2682 2177 2751 unius
2204 2683 2611 2753 monasterii.
2643 2683 2707 2754 Si

429 2819 584 2888 ergo
621 2798 1005 2867 adhibeatur
1053 2797 1412 2888 capitulum
1458 2797 1757 2886 generale
1806 2802 1919 2864 aut
1962 2797 2383 2886 provinciale,
2416 2798 2549 2887 ipsi
2578 2797 2707 2867 dari

427 2911 614 2982 debet
650 2911 1156 2981 communicatio
1183 2909 1665 2980 informationis
1688 2911 1911 2981 factae:
1942 2933 2077 2981 non
2108 2919 2325 2981 tamen
2352 2912 2435 2981 ad
2456 2913 2709 3005 capitu-

425 3027 566 3095 lum
611 3025 956 3116 pertinebit
995 3025 1080 3094 de
1120 3023 1499 3116 postulantis
1542 3024 1931 3096 admissione
1970 3027 2348 3117 decernere3
2380 3029 2705 3118 siquidem

425 3135 716 3231 expresse
765 3140 1046 3231 disponit
1085 3141 1260 3208 idem
1291 3137 1608 3223 Pontifex,
1639 3139 2095 3208 admissionem
2132 3141 2304 3210 hanc
2338 3139 2703 3212 faciendam

429 3275 560 3322 esse
573 3265 715 3322 tam
727 3253 1064 3343 qeneralis
1081 3275 1196 3322 scu
1207 3251 1656 3343 provincialis
1670 3275 1872 3344 quam
1888 3253 2337 3345 diffinitam
2351 3275 2703 3325 consensu.

429 3365 499 3436 Si
551 3373 770 3435 autem
821 3368 1086 3460 capituli
1131 3369 1272 3436 loco
1319 3367 1755 3437 adhibeantur
1804 3375 1933 3437 tres
1982 3356 2337 3460 supradicti
2376 3371 2707 3458 graviores

427 3481 736 3573 religiosi,
763 3483 843 3552 ad
879 3483 1052 3575 ipsos
1082 3488 1145 3552 et
1173 3482 1639 3574 provincialem
1686 3483 1883 3552 simul
1930 3484 2299 3574 pertinebit,
2332 3491 2478 3553 tum
2508 3485 2705 3554 infor-

429 3598 782 3669 mationem
820 3599 1212 3683 examinare,
1244 3603 1386 3668 tum
1417 3598 1592 3668 etde
1619 3600 2012 3668 admissione
2038 3599 2485 3691 pronuntiare.
2516 3597 2701 3669 Tunc
2821 3601 2822 3658 ἰ

429 3716 606 3782 enim
653 3721 780 3783 tres
839 3713 936 3780 illi
991 3713 1412 3802 antiquiores,
1466 3717 1531 3780 et
1592 3712 1763 3782 vices
1814 3720 2022 3803 agunt
2058 3715 2355 3805 capituli,
2402 3721 2469 3783 et
2506 3711 2701 3784 simul

427 3832 583 3896 sunt
619 3827 716 3898 illi
781 3827 1186 3912 diffinitores,
1239 3847 1523 3918 quorum
1578 3849 1929 3899 consensus
1988 3851 2105 3920 pro
2154 3829 2547 3900 admissione
2600 3849 2702 3896 re-
2818 3851 2820 3854 ⁴

427 3939 731 4030 quiritur.
767 3939 1051 4010 -Notetur
1095 3947 1312 4010 autem
1365 3961 1499 4009 non
1546 3941 1897 4032 periclitari
1946 3940 2355 4012 admissionis
2408 3939 2698 4012 validita-

427 4065 580 4144 tem,
625 4077 702 4125 ex
744 4078 820 4125 eo
865 4054 1040 4147 quod
1084 4057 1279 4125 etiam
1335 4055 1406 4125 in
1442 4055 1567 4124 hac
1602 4076 1673 4124 re
1708 4055 1955 4126 Sixtina
2000 4059 2099 4128 lex
2130 4079 2265 4127 non
2296 4060 2687 4131 servantum

423 4172 600 4259 quia,
668 4179 743 4241 ut
796 4173 1104 4256 diximus,
1157 4171 1459 4241 Clemens
1523 4171 1675 4242 Vlll
1742 4174 2091 4254 nullitates,
2142 4175 2279 4242 sive
2328 4169 2691 4252 novitiatus,
2816 4135 2818 4271 Ι

425 4285 556 4352 sive
602 4286 1038 4375 professionis,
1065 4309 1142 4354 ex
1181 4284 1414 4354 omissa
1444 4287 1653 4356 forma
1683 4310 1721 4356 a
1748 4285 1925 4357 Sixto
1967 4288 2033 4359 V
2076 4288 2695 4380 praescriptaprove-

427 4397 700 4482 uiantes,
727 4399 1059 4486 abrogavit
1081 4423 1196 4488 per
1233 4402 1483 4470 bullam
1512 4405 1597 4470 In
1624 4423 1961 4493 suprema,
1992 4403 2033 4470 2
2052 4405 2232 4493 junii
2270 4401 2466 4471 1602.
