2834 4959
376 328 503 387 “0
942 336 1283 385 moruus
1328 335 1409 385 DE
1453 336 1603 385 mm:
1649 336 2068 385 &novur-nm.

372 457 841 529 devolvantur.
876 494 967 511 -
992 457 1337 529 Conclusio
1364 457 1506 527 haec
1531 478 1610 527 ex
1637 456 2024 549 praecedenti
2051 456 2292 525 invicte
2331 460 2650 549 sequitur.

372 574 627 643 Etenim
656 574 710 641 si
756 578 1032 665 nequeat
1068 572 1395 642 saecularis
1449 576 1722 663 potestas
1765 570 2142 643 dominium
2187 573 2516 663 q'usmodi
2543 575 2656 645 bo-

368 710 607 759 norum
638 687 941 779 religioso
974 688 1249 779 eripere,
1281 708 1413 755 non
1466 686 1696 777 poterit
1723 687 2094 757 dominium
2137 685 2307 755 illud
2355 688 2434 757 ad
2467 710 2646 757 com-

369 804 755 873 munitatem
816 801 1183 871 transferre.
1246 800 1475 893 Atqui,
1529 822 1606 870 ex
1667 800 1980 893 probatis,
2043 802 2274 891 nequit
2340 803 2644 895 impedire

366 920 531 1011 quin
582 916 925 1008 religiosus
970 915 1291 1005 eiusmodi
1334 918 1660 987 bonorum
1703 916 2073 989 dominium
2105 918 2452 1007 acquirat;
2499 938 2646 1007 ergo

368 1054 499 1102 non
549 1038 752 1124 potest
792 1032 873 1103 de
920 1032 1037 1102 illo
1082 1030 1375 1103 dominio
1427 1033 1498 1101 in
1537 1030 1822 1101 favorem
1883 1033 2372 1103 communitatis
2435 1032 2648 1125 dispo·

370 1167 547 1217 nere.

458 1263 767 1354 objicies.
793 1300 885 1315 —
910 1260 1151 1332 Saltem
1196 1263 1430 1353 poterit
1473 1262 1572 1331 lex
1617 1261 1970 1351 saecularia,
2027 1260 2299 1332 inducta
2315 1264 2460 1353 jam
2497 1263 2648 1355 (sive

364 1400 481 1471 per
510 1386 767 1471 pactum
816 1380 1355 1447 communitatem
1376 1379 1546 1447 inter
1571 1382 1635 1447 et
1661 1376 2040 1469 religiosum
2077 1377 2344 1464 initum,
2373 1382 2510 1449 sive
2537 1401 2648 1471 per

366 1493 667 1565 Ecclesiae
702 1490 1127 1585 sanctionem)
1162 1492 1337 1561 dicta
1363 1492 1814 1583 incapacitate,
1855 1497 2133 1560 statuere
2153 1492 2232 1560 de
2277 1492 2466 1561 bonis
2493 1494 2646 1562 reli·

364 1611 545 1701 gioso
586 1608 1107 1691 obvenientibus,
1140 1612 1357 1699 utpote
1403 1606 1672 1677 domino
1713 1606 2121 1677 vacantibus.
2151 1644 2238 1659 —
2263 1604 2641 1699 Respondes>

368 1723 535 1792 hona
558 1721 907 1811 ejusmodi,
936 1721 1241 1813 religioso
1256 1722 1399 1813 jam
1423 1721 1708 1812 professo
1733 1727 1798 1789 et
1833 1720 2116 1790 dominii
2139 1721 2412 1811 incapaci
2437 1720 2636 1791 obve-

368 1840 640 1925 nientia,
684 1858 1097 1929 nequaquam
1139 1836 1409 1907 domino
1454 1857 1704 1907 vacare.
1755 1834 1950 1923 Nam,
1991 1836 2069 1905 in
2123 1842 2308 1927 pacto
2331 1858 2444 1905 suo
2485 1858 2638 1907 cum

370 1953 865 2038 communitate,
908 1953 1249 2045 religiosus
1291 1951 1616 2044 eJusmodi
1644 1952 1834 2022 bonis
1879 1974 2014 2023 non
2059 1952 2488 2036 renuntiavit,
2519 1953 2644 2023 nisi

368 2067 439 2139 in
468 2069 753 2138 favorem
786 2070 1277 2139 communitatis
1304 2074 1546 2137 etcum
1576 2066 1702 2136 hac
1719 2066 2090 2136 conditione
2121 2066 2300 2156 quod
2323 2070 2432 2157 jus
2453 2086 2640 2137 suum

370 2187 440 2255 in
491 2182 1023 2253 communitatem
1072 2184 1395 2253 transiret.
1433 2182 1518 2252 Et
1545 2182 1782 2275 pariter
1836 2180 2120 2252 Ecclesia
2165 2182 2641 2273 incapacitatem

370 2296 651 2367 dominii
686 2301 833 2365 voto
878 2297 1155 2367 solemni
1182 2298 1574 2390 paupertatis
1631 2297 1983 2389 alligando,
2005 2297 2076 2367 id
2105 2318 2240 2367 non
2279 2296 2488 2367 voluit
2525 2297 2648 2373 nisi

370 2412 497 2483 sub
528 2411 751 2481 eadem
794 2411 1165 2481 conditione
1194 2411 1365 2501 quod
1391 2411 1562 2481 bona
1615 2412 1926 2505 religiosi,
1959 2412 2092 2481 sive
2118 2413 2490 2505 praesentia,
2519 2412 2646 2481 sive

374 2526 723 2594 adventitia
778 2525 1241 2596 communitati
1284 2524 1802 2597 devolverentur.
1834 2526 2006 2619 Ergo
2052 2546 2186 2595 non
2233 2524 2428 2596 datur
2469 2546 2646 2597 casus

370 2640 484 2731 qui
532 2640 949 2731 supponitur,
978 2641 1301 2711 bonorum
1342 2662 1580 2734 nempe
1621 2642 2072 2713 derelictorum
2097 2642 2268 2712 etad
2315 2640 2640 2712 neminem

373 2754 868 2846 pertinentium,
890 2754 971 2825 de
1008 2757 1275 2846 quibua,
1308 2761 1620 2847 tanquam
1641 2757 1911 2827 domino
1939 2756 2343 2845 vacantibus,
2381 2754 2643 2827 saecula-

371 2870 463 2939 ris
490 2874 760 2961 potestas
796 2870 1132 2963 disponere
1167 2870 1393 2943 valeat.

462 2984 837 3057 Psorosmo
868 2985 1001 3056 111⁸.
1026 3024 1117 3041 --
1138 2989 1273 3057 Lex
1296 2986 1722 3081 imperatoris
1749 2987 2146 3075 Iustiniani,
2172 2987 2514 3077 reliqiosos
2537 2984 2646 3056 olo·

339 3102 355 3117 “
374 3104 575 3173 minii
592 3105 937 3197 incapaces
955 3105 1329 3193 decernens,
1348 3120 1412 3177 et
1437 3106 1612 3178 bona
1630 3108 1932 3200 ipsorum
1953 3108 2092 3178 sive
2101 3108 2492 3200 praesentia,
2517 3106 2650 3175 sive

375 3218 755 3289 adventitia
794 3220 1171 3291 eorumdem
1214 3222 1806 3293 communitatibus
1841 3220 2218 3308 devolvens,
2241 3220 2326 3291 de
2355 3243 2420 3289 se
2453 3220 2648 3287 inva-

374 3330 516 3399 lida
538 3332 679 3421 fuit
703 3346 905 3424 atque
926 3336 1148 3406 irrita.
1172 3374 1261 3391 -—
1280 3335 1593 3426 Sequitur
1619 3358 1696 3407 ex
1723 3337 1982 3407 duobus
2013 3337 2452 3431 superioribus
2491 3354 2648 3403 con-

372 3446 798 3518 clusionibus.
826 3448 1152 3519 Nimirum
1176 3472 1310 3523 esse
1334 3452 1417 3521 ad
1444 3453 1512 3522 id
1533 3452 2088 3544 incompetentem
2113 3450 2494 3521 soecularem
2535 3470 2646 3541 po-

374 3570 665 3635 testatem
706 3566 1143 3655 probavimus.
1174 3564 1353 3657 Ergo
1388 3589 1512 3637 nec
1541 3570 1680 3659 ipse
1715 3568 2150 3657 Justinianus,
2181 3571 2244 3639 vi
2281 3566 2412 3637 sola
2439 3568 2649 3659 impe-

372 3678 549 3749 rialis
596 3700 731 3750 suoe
800 3682 1221 3767 auctoritatis,
1270 3685 1481 3774 potuit
1531 3684 1614 3753 de
1669 3685 1864 3753 hacce
1915 3686 2187 3753 materia
2257 3684 2462 3753 valide
2529 3688 2648 3750 sta·

372 3798 575 3863 tuere.
620 3792 803 3863 Unde
832 3795 960 3862 nisi
1006 3816 1081 3863 ex
1126 3798 1499 3866 auctoritate
1545 3798 1975 3869 ecclesiastica
2021 3799 2200 3869 hisce
2237 3795 2646 3867 Justinianeis

369 3908 638 3978 decretis
678 3908 858 3979 valor
888 3912 1246 4001 accesserit,
1278 3914 1500 3982 inania
1531 3914 1804 3983 omnino
1831 3914 2014 3983 fuere
2037 3920 2232 4004 atque
2253 3912 2458 4009 irrita.

464 4025 843 4097 Paorosmo
866 4026 1003 4099 1V·.
1039 4066 1128 4083 —
1162 4030 1439 4101 Falsum
1461 4044 1557 4101 est
1575 4022 1976 4102 controverti
1995 4032 2172 4103 inter
2180 4030 2503 4123 probatos
2523 4024 2636 4095 do-

372 4154 577 4211 ctores
593 4166 668 4211 ca
675 4142 785 4211 tho
792 4143 1503 4236 licos,numpraedictae
1515 4146 1886 4217 Iustiniani
1897 4146 2066 4239 leqes
2077 4146 2376 4217 valorem
2388 4166 2468 4216 ex
2479 4139 2642 4231 seip-

368 4257 462 4324 sis
490 4256 854 4325 habuerint
872 4278 904 4342 ;
919 4257 1037 4328 sed
1050 4260 1393 4329 communi
1407 4264 1738 4331 sententia
1769 4274 1994 4333 tenent
2011 4284 2122 4333 eas
2147 4264 2430 4354 futuras
2443 4254 2642 4351 fuisse

370 4358 733 4444 invalidas,
754 4362 895 4431 nisi
906 4386 1063 4433 suas
1076 4366 1335 4454 fecisset
1348 4367 1662 4437 Ecclesia.
1685 4407 1772 4421 —-
1789 4366 1954 4439 Noto
1969 4367 2182 4439 notius
2199 4374 2296 4437 est
2311 4366 2644 4457 imperato-
