2834 4959
354 325 476 382 522
917 331 1254 380 TRACTATUS
1299 331 1378 380 DE
1424 331 1573 378 mm:
1617 329 2033 381 REGULARIUM.

357 485 392 524 c<
413 453 842 548 appellantur,
865 475 1015 521 vere
1027 460 1090 521 et
1113 452 1369 545 proprie
1396 452 1525 520 illae
1556 457 1731 535 sunt,
1753 471 1901 540 quaa
1926 473 2083 520 cum
2106 455 2389 523 solemni
2412 457 2621 527 trium

355 599 392 638 a
419 580 718 642 votorum
759 571 1282 644 substantialium
1307 571 1676 652 emissione,
1706 568 2211 639 matrimonium
2258 574 2623 662 spii-iiuale,

359 713 394 755 α
419 688 594 776 quod
632 710 748 778 per
775 686 1238 778 professionem
1269 685 1565 754 contrahi
1616 677 1878 764 dicitur,
1933 682 2191 754 Christo
2233 687 2625 779 desponsatis

364 810 604 902 «-sunt;
636 804 882 895 praevio
919 805 1174 893 integro
1200 801 1594 890 probationis
1622 821 1823 882 anne,
1856 799 2025 867 acin
2072 799 2367 890 legitima
2406 811 2623 890 aetate,

367 945 404 987 a
425 940 500 988 eo
555 920 770 999 modo,
821 941 950 1009 quo
1007 921 1078 988 in
1117 918 1272 989 viris
1321 917 1638 1006 religiosis
1676 914 1997 1007 protessiS,
2046 936 2123 984 ex
2172 937 2511 986 canonum
2569 925 2633 988 et

371 1058 406 1098 a
433 1034 688 1102 concilii
713 1033 1076 1102 Tridentini
1103 1032 1372 1104 decretis
1416 1029 1772 1124 requiritur
1800 1031 1881 1098 ad
1906 1029 2287 1119 hujusmodi
2308 1031 2631 1122 regularis

369 1173 404 1212 t<
424 1156 622 1216 status
646 1149 1191 1234 immutationem,
1243 1170 1320 1218 ac
1349 1147 1863 1236 impressionem.
1920 1143 2055 1213 111ae
2090 1143 2418 1235 siquidem
2476 1170 2633 1216 mu-

372 1289 406 1328 «
430 1263 639 1352 lieres,
680 1285 826 1354 quae
867 1266 1334 1354 virginitatem,
1361 1262 1466 1331 vel
1502 1261 1851 1330 castitatem
1878 1258 2013 1328 Deo
2049 1259 2409 1346 offerentes,
2436 1269 2631 1352 atque

375 1405 410 1444 α
437 1381 561 1448 sub
589 1380 806 1470 aliquo
855 1381 1142 1452 instituto
1177 1381 1260 1450 ab
1287 1379 1571 1449 Ecclesia
1611 1376 1988 1469 approbato,
2020 1397 2202 1445 more
2236 1378 2630 1448 monialium

373 1517 410 1558 ι
437 1494 686 1577 vivunt,
719 1496 874 1566 adeo
891 1503 968 1566 ut
1005 1496 1202 1584 vulgo
1249 1494 1561 1563 moniales
1584 1491 2019 1582 parilormiter
2044 1501 2507 1582 nuncupentur
2552 1515 2631 1564 ae

377 1633 412 1672 α
437 1609 905 1698 existimentur,
977 1610 1436 1702 professionem
1480 1617 1699 1676 tamen
1762 1629 1918 1674 cum
1956 1605 2267 1676 dictorum
2313 1614 2621 1678 votorum

373 1748 408 1788 α
435 1724 836 1794 solemnitate
885 1747 1018 1794 non
1063 1727 1388 1812 emittunt,
1433 1744 1643 1828 neque
1682 1720 2019 1791 formalem
2052 1723 2417 1790 novitiatum
2456 1741 2619 1813 per-

371 1865 406 1902 «
438 1844 661 1926 agunt,
699 1839 945 1908 oblatoe
980 1842 1192 1932 potius
1227 1861 1427 1932 quam
1474 1821 1788 1908 moniales
1813 1824 2149 1907 censendae
2196 1843 2391 1905 sunt:
2410 1859 2629 1927 quaes-

381 1979 422 2018 a
449 1956 620 2022 tione
663 1954 950 2045 cadente,
999 1977 1086 2025 an
1115 1943 1260 2026 licet
1305 1977 1437 2024 non
1486 1957 1615 2023 sint
1646 1975 1933 2044 personae
1972 1953 2317 2044 reliqiosae‚
2348 1960 2629 2022 attamen

382 2095 416 2136 (ι
449 2091 738 2158 personat
767 2071 1218 2141 ecclesiasticae
1240 2071 1524 2161 reputari
1555 2069 1849 2154 debeant,
1879 2069 2093 2160 quoad
2130 2066 2255 2135 fori
2276 2089 2349 2136 ac
2373 2067 2622 2155 legum,

377 2211 410 2251 ε(
437 2191 501 2252 et
528 2207 802 2254 onerum
833 2186 1164 2254 laicalium
1209 2184 1715 2276 exemptionem3
1758 2185 1932 2274 quod
1971 2189 2215 2254 certam
2258 2203 2385 2252 non
2406 2184 2634 2274 recipit

385 2325 420 2364 a
443 2301 733 2389 regulam
755 2302 1124 2390 generalem
1150 2302 1519 2392 cuicunque
1552 2301 1732 2369 casui
1760 2299 2238 2400 applicabiiem,
2260 2299 2344 2368 ob
2376 2301 2633 2369 institu-

383 2440 418 2478 a
447 2423 658 2483 torum
713 2416 1090 2506 hujusmodi
1128 2411 1530 2500 varietatem,
1590 2415 2039 2504 diversamque
2088 2415 2466 2504 regionum,
2526 2434 2635 2482 seu

380 2554 416 2593 ι(
443 2530 930 2620 principatuum
952 2531 1451 2620 observantiam,
1472 2530 1581 2600 cui
1610 2531 1885 2624 desuper
1906 2531 2187 2600 nimium
2212 2529 2635 2600 deserendum

380 2667 415 2706 α
443 2644 716 2712 videtur.

469 2782 504 2822 α
529 2757 840 2838 Quamvis
923 2763 1162 2832 etenim
1219 2763 1636 2854 (cessantibus
1700 2763 2055 2854 privilegiis
2116 2762 2469 2854 explicitiS,
2548 2761 2641 2830 ve}

381 2873 570 2942 «illis
620 2875 975 2967 implicitis,
1016 2901 1162 2967 quae
1213 2881 1435 2968 vigore
1494 2879 2057 2967 immemorabilis,
2104 2879 2206 2946 vel
2254 2879 2641 2947 centenariae

381 3013 419 3054 a
447 2992 810 3082 scriptionis
857 2993 1020 3062 bene
1063 2995 1366 3085 probatae,
1424 2996 1700 3084 allegare
1746 2994 1919 3086 licet)
1968 2999 2139 3066 certa
2188 2995 2271 3064 sit
2316 2993 2642 3064 ordinarii

383 3131 420 3172 ι(
445 3105 572 3174 loci
607 3107 968 3197 Jnrisdictio
1017 3109 1342 3179 ordinaria
1391 3109 1495 3178 vel
1551 3089 1863 3199 delegata,
1918 3131 2113 3200 super
2161 3110 2531 3178 visitatione
2566 3129 2642 3178 ac

383 3243 422 3284 ι(
447 3223 884 3310 recognitione
942 3223 1325 3313 hujusmodi
1396 3225 1899 3294 adunantiarum
1954 3222 2309 3293 mulierum
2369 3222 2635 3314 (quibus

387 3359 426 3396 a
451 3334 846 3417 scholarum,
913 3339 1019 3408 vel
1085 3340 1707 3408 conservatoriorum
1772 3361 1884 3408 seu
1944 3337 2339 3428 templorum
2392 3357 2640 3406 nomen

349 3449 352 3454 ’
390 3474 424 3512 a
453 3453 778 3540 congruit,
805 3475 880 3522 ac
913 3455 1133 3537 etiam,
1159 3477 1234 3524 ex
1258 3455 1513 3544 vulgari
1537 3477 1685 3544 usu,
1710 3455 2301 3546 monasteriorum),
2326 3461 2639 3542 attamen,

391 3589 425 3631 a
456 3565 578 3634 hoc
618 3569 768 3658 jure
799 3571 1070 3652 secluso,
1121 3571 1191 3640 in
1217 3572 1514 3662 reliquis,
1552 3593 1635 3640 an
1688 3593 1976 3662 personae
2010 3571 2373 3656 saeculares,
2420 3571 2521 3641 vel
2544 3589 2641 3638 ec·

386 3705 422 3744 «
450 3683 816 3754 clesiasticae
843 3687 1176 3756 censendae
1199 3688 1352 3773 sint,
1405 3711 1481 3756 ex
1518 3686 1930 3778 singulorum
1966 3706 2265 3776 casuum,
2314 3708 2439 3758 seu
2466 3688 2635 3755 loco-

389 3821 423 3862 «
445 3820 598 3867 rum
621 3801 946 3890 qualitate,
977 3825 1052 3872 ac
1071 3803 1574 3874 circumstantiis
1597 3805 1857 3897 pendet,
1880 3801 2134 3873 attentis
2166 3770 2531 3894 praesertim
2548 3799 2639 3870 le-

383 3937 422 3980 «
450 3913 642 4002 gibus
683 3916 1106 4010 fundationis,
1140 3920 1392 4012 aliaque
1421 3919 1584 4012 lege,
1612 3942 1812 4011 quam
1846 3918 2253 3989 observantia
2294 3917 2629 4010 producit,

385 4028 720 4120 «ideoque
747 4041 1038 4125 respectu
1065 4037 1338 4105 istarum
1385 4037 1767 4120 mulierum,
1826 4057 1973 4126 quae
2020 4055 2171 4103 vere
2224 4033 2525 4104 moniales
2552 4049 2630 4097 ac

385 4171 423 4214 α
449 4169 738 4238 personae
793 4153 1105 4244 religiosae
1157 4176 1290 4226 non
1347 4157 1501 4238 sint,
1550 4157 1683 4224 sive
1722 4153 2135 4246 collegialiter
2182 4174 2340 4222 cum
2384 4146 2641 4220 formali

387 4285 424 4330 α
451 4263 770 4355 clausura,
797 4269 932 4338 sive
957 4271 1196 4363 absque
1232 4271 1528 4342 clausura
1548 4255 1799 4359 rivam,
1850 4291 2042 4361 super
2082 4267 2459 4361 hujusmodi
2488 4261 2637 4332 visi-

389 4399 426 4444 «
455 4381 712 4466 tatione,
770 4385 874 4452 vel
923 4388 1364 4476 recognitione
1417 4391 1801 4479 quaestiones
1837 4385 2205 4476 frequenter
2255 4385 2637 4490 audiuntur,
