2834 4959
1083 370 1162 417 ΡΑ
1169 371 1236 419 Rs
1277 370 1537 427 QUAR'ra.
2303 366 2425 425 625

139 512 346 559 causa
363 488 852 561 Mediolanensi
869 490 1026 559 anni
1058 488 1252 558 1685.
1279 488 1558 569 Quidam
1590 487 1938 559 Olivetanae
1980 500 2423 585 congregatio-

139 611 254 677 nis
329 608 720 695 monachus‚
777 612 924 675 ante
981 609 1260 699 expletos
1326 608 1644 677 sexdecim
1690 630 1895 678 annos
1962 612 2421 702 professionem

140 726 481 811 emiserat,
519 722 604 792 ob
625 744 960 791 erroneam
990 724 1451 793 attestationem
1477 724 1767 814 parochi.
1800 724 1859 794 ls
1889 747 2122 818 nempe
2154 751 2229 797 ex
2256 732 2423 802 libro

137 840 616 928 baptismatum
675 837 1108 909 transcribens
1167 860 1417 908 annum
1477 840 1825 909 nativitatis
1880 842 2033 911 dicti
2090 850 2417 937 monachi,

139 975 274 1045 pro
310 952 506 1033 1663,
533 951 874 1045 scripserat
905 954 1102 1023 1662.

244 1068 622 1159 Monachus,
663 1069 904 1138 detecta
942 1076 1082 1160 post
1117 1070 1334 1162 plures
1383 1091 1590 1139 annos
1638 1072 2044 1163 professionis
2090 1098 2223 1145 suae
2270 1080 2425 1149 nul-

140 1186 353 1272 litate,
383 1187 596 1253 statim
652 1184 1052 1272 reclamavit,
1088 1186 1303 1254 volens
1347 1188 1427 1255 ad
1471 1188 1784 1257 saeculum
1827 1190 2057 1258 redire.
2092 1192 2416 1273 Quoniam

147 1320 304 1367 vero
355 1305 752 1367 transactum
797 1307 952 1367 erat·
987 1301 1543 1391 quinquennium,
1582 1324 1698 1394 pro
1736 1304 2047 1373 faciendis
2094 1310 2413 1396 eJusmodi

147 1415 732 1485 reclamationibus
780 1438 818 1485 a
842 1415 1224 1485 Tridentina
1263 1417 1507 1507 synodo
1553 1440 1955 1503 concessum,
1987 1423 2211 1511 petivit
2238 1428 2427 1496 resti-

147 1531 470 1599 tutionem
521 1532 592 1598 in
631 1532 981 1621 integrum.
1019 1530 1212 1600 Sacra
1251 1531 1678 1623 Congregatio
1697 1534 1971 1603 Concilii
2008 1554 2149 1605 eam
2182 1540 2283 1608 bis
2310 1542 2427 1611 de-

153 1646 443 1733 negavit,
489 1646 768 1715 validam
815 1648 1190 1715 existimans
1230 1648 1691 1737 professionem
1732 1650 2034 1735 tacitam,
2060 1676 2173 1743 per
2222 1661 2428 1743 gesta-

149 1762 404 1829 tionem
475 1760 736 1829 babitus
805 1762 1240 1830 subsecutam.
1327 1761 1551 1831 Postea
1630 1764 1986 1833 recedendo
2071 1789 2108 1835 a
2175 1768 2426 1857 decisiS,

151 1876 630 1944 restitutionem
650 1879 721 1943 in
755 1876 1082 1966 integrum
1131 1878 1465 1947 concessit.
1500 1878 1987 1949 Concessionem
2018 1884 2426 1955 confirmavit

157 1992 574 2061 Innocentius
619 1991 732 2078 xl,
785 2001 847 2062 et
892 2016 1151 2065 causam
1195 1996 1407 2065 eidem
1462 1995 1675 2065 Sacrae
1700 1996 2196 2089 Congregationi
2234 2003 2421 2091 judi-

159 2107 434 2175 eandam
481 2109 926 2195 demandavit3
956 2134 1123 2202 quae,
1161 2112 1264 2181 die
1291 2112 1513 2204 aprilis
1560 2112 1761 2193 1688,
1802 2114 1971 2183 hanc
2000 2116 2200 2184 edidit
2239 2116 2423 2186 deci-

155 2222 444 2291 sionem:
469 2234 766 2293 constare
786 2222 865 2293 de
885 2227 1206 2295 mellitate
1229 2227 1346 2321 (1).
1382 2226 1799 2297 Innocentius
1827 2228 1922 2297 Xl
1950 2230 2156 2297 voluit
2191 2232 2427 2301 iterum
2524 2282 2529 2287 ,

24 2340 26 2347 '
151 2358 292 2403 rem
341 2337 650 2425 judicari,
707 2342 944 2409 vocatis
1011 2343 1320 2411 omnibus
1391 2344 1581 2413 dictoe
1642 2343 1853 2412 Sacrae
1903 2343 2429 2435 Congregationis

24 2458 26 2525 !
149 2450 644 2521 Cardinalibus:
675 2459 740 2523 at
783 2477 901 2525 nec
938 2477 1052 2546 pro
1099 2478 1220 2527 nec
1269 2466 1493 2529 contra
1541 2460 1985 2551 pronuntiavit
2031 2458 2224 2530 Sacra
2262 2461 2429 2531 Con-

24 2574 27 2587 ·’
139 2569 458 2657 gregatio.
496 2568 786 2639 Tandem
836 2570 1196 2640 Alexander
1221 2573 1395 2658 vlu,
1444 2577 1564 2663 qui
1610 2575 1987 2645 Innocentio
2035 2574 2122 2645 xl
2172 2600 2425 2647 succes-

147 2687 344 2769 serat,
365 2683 559 2775 jussit
597 2683 864 2756 Sacram
907 2685 1487 2777 Congregationem
1534 2685 1809 2779 Concilii
1854 2712 2004 2757 cum
2046 2702 2197 2759 voto
2240 2696 2429 2763 Rotoe

24 2862 26 2865 ,
145 2800 515 2889 procedere.
567 2800 645 2869 Et
693 2808 853 2870 tunc
897 2800 1146 2893 duplici
1185 2801 1497 2869 sententia
1540 2802 1859 2869 conformi
1896 2804 2248 2871 resolutum
2279 2804 2421 2892 fuit,

139 2926 450 2985 constare
496 2915 575 2986 de
625 2916 950 2986 nullitate
997 2916 1466 3009 professionis;
1512 2922 1701 3007 atque
1751 2916 1837 2984 ita
1886 2918 2013 2985 fuit
2066 2920 2423 2988 executioni

141 3032 556 3101 mandatum.

243 3146 684 3218 Nihilominus
713 3148 959 3241 pluries
987 3150 1069 3218 ab
1097 3147 1319 3218 eadem
1373 3140 1569 3218 Sacra
1592 3150 2091 3239 congregatione
2119 3148 2413 3239 Concilii,

140 3265 368 3355 quoad
405 3263 648 3334 similes
676 3284 886 3350 casus,
940 3263 1300 3334 resolutum
1343 3270 1437 3332 est
1482 3284 1599 3356 pro
1628 3264 1843 3333 valore
1897 3265 2303 3354 professionis
2332 3273 2424 3336 ta-

139 3379 323 3458 citae,
359 3399 490 3448 non
540 3379 828 3449 obstante
873 3380 1240 3469 ignorantia
1277 3378 1589 3447 nullitatis
1628 3379 2039 3470 professionis
2064 3404 2375 3473 expressas
2391 3404 2423 3471 ;

141 3501 347 3587 prout
380 3501 642 3564 testatur
658 3494 1020 3564 Cardinalis
1048 3495 1232 3564 Petra
1275 3495 1479 3586 (tomo
1520 3494 1777 3578 ultimo,
1803 3501 2003 3564 const.
2042 3496 2083 3567 9
2110 3498 2269 3567 sixti
2304 3499 2418 3585 IV,

140 3612 434 3679 sectione
479 3612 699 3692 unica,
733 3633 806 3681 n.
844 3612 925 3679 17
965 3618 1027 3681 et
1058 3612 1242 3703 seq.).
1274 3610 1647 3703 Fagnanus,
1682 3612 1795 3701 qui
1822 3634 1937 3704 per
1978 3618 2121 3681 octo
2170 3614 2426 3683 circiter

139 3726 417 3817 paginas
467 3725 734 3795 in-folio
789 3727 1231 3796 difficultatem
1275 3727 1599 3817 expendit,
1651 3727 1731 3795 de
1779 3728 1860 3796 iis
1902 3728 2142 3819 estqui
2178 3736 2420 3816 tenent,

137 3841 360 3907 valere
415 3860 596 3929 posse
639 3838 1048 3911 subsecutam
1116 3840 1577 3933 professionem
1648 3844 1934 3928 tacitam,
1964 3865 2094 3912 non
2140 3844 2427 3915 obstante

141 3954 514 4043 ignorantia
543 3953 856 4024 nullitatis
887 3956 1294 4047 professionis
1344 3978 1675 4048 expressas.
1734 3956 1873 4046 Ipse
1925 3978 2158 4048 nempe
2208 3957 2433 4026 existi-

147 4074 307 4153 mat,
350 4089 465 4158 pro
493 4068 770 4159 singulis
793 4071 1052 4140 casibus
1099 4070 1569 4161 inquirendum
1596 4092 1758 4157 esse,
1800 4090 1881 4139 an
1919 4070 2278 4141 verisimile
2306 4070 2421 4157 sit,

214 4360 287 4423 (1)
327 4361 514 4429 Nempe
557 4364 622 4418 de
672 4364 901 4417 nullitate
944 4364 1274 4429 professionis
1303 4365 1456 4415 etlam
1486 4363 1677 4425 tacitae,
1714 4363 1775 4415 de
1818 4377 1917 4427 qua
1943 4364 2195 4430 praecipue
2220 4362 2429 4415 dublum

160 4447 474 4503 movebatur.

405 4546 452 4595 1.
2129 4546 2193 4596 ⁴0
