2834 4959
403 341 524 396 340
971 341 1309 392 ‘macuws
1353 342 1437 388 DE
1479 339 1629 386 JURE
1676 337 2093 386 ammanium.

403 493 514 544 nes
553 494 729 542 mere
768 473 1102 553 toleratas3
1147 467 1616 560 respondetur:
1660 465 2019 555 requiritur
2042 461 2315 560 quidem
2360 464 2684 553 quamdiu

399 590 557 659 huic
594 591 734 678 juri
785 585 1214 657 ecclesiastico
1255 605 1390 653 non
1432 583 1811 670 derogatum
1860 579 2076 648 tuerit.
2134 578 2221 646 At
2270 579 2503 668 quoad
2544 601 2691 649 con-

397 705 796 796 gregationes
845 702 926 771 de
970 700 1210 791 quibus
1260 698 1597 788 loquimur
1636 695 1990 764 intervenit
2038 695 2429 784 derogati03
2484 696 2685 787 siqui-

399 823 548 891 dem
591 819 870 889 Ecclesia
901 839 1006 886 eas
1042 815 1318 885 declarat
1358 812 1707 894 tolerata&
1744 831 1819 880 ac
1848 809 2123 902 proinde
2178 808 2425 896 licitas,
2464 833 2689 901 quam·

401 939 498 1006 vis
542 958 672 1006 non
723 933 1183 1025 approbentur.
1231 931 1296 998 2⁰
1345 927 1534 1010 Quod
1577 933 1789 996 autem
1846 924 2223 996 auctoribus
2280 923 2558 996 solitum
2612 931 2687 996 sit

401 1052 636 1132 dicere,
695 1048 1003 1117 moniales
1055 1044 1633 1122 conservatorium,
1692 1061 1807 1109 seu
1862 1039 2455 1130 congregationum
2514 1041 2681 1109 clau-

403 1189 553 1236 sura
583 1171 646 1233 et
689 1162 851 1233 votis
879 1160 1278 1231 solemnibus
1317 1157 1704 1241 carentium,
1736 1174 1869 1223 non
1918 1175 2052 1222 esse
2090 1174 2283 1223 veras
2318 1155 2679 1245 reliqiosas,

403 1287 538 1352 vim
587 1303 720 1351 non
762 1281 976 1348 babet.
1028 1277 1195 1348 Nam
1243 1274 1437 1343 multi
1477 1276 1765 1342 auctores
1804 1291 1919 1362 per
1959 1292 2147 1340 veras
2192 1272 2550 1363 reliqiosas
2590 1294 2685 1340 eas

402 1397 782 1485 intelligunt
825 1413 972 1484 quae
999 1391 1388 1461 solemnium
1430 1393 1729 1455 votorum
1770 1385 2119 1456 emissione
2154 1386 2573 1478 profitentur.
2620 1385 2683 1452 ln

403 1531 534 1601 quo
589 1529 786 1578 sensu
845 1525 1066 1574 revera
1117 1523 1286 1572 verae
1331 1499 1650 1590 religiosae
1707 1521 1839 1568 non
1886 1506 2039 1568 sunt
2087 1500 2395 1568 moniales
2442 1500 2691 1590 absque

405 1626 706 1694 clausura
755 1627 820 1691 et
865 1622 1025 1689 votis
1066 1616 1469 1688 solemnibus
1509 1616 1832 1704 degentes.
1886 1613 2013 1683 Sed
2064 1615 2185 1684 hoc
2224 1636 2353 1683 non
2402 1615 2683 1706 impedit

403 1738 567 1830 quin
602 1740 804 1804 status
843 1731 1131 1824 religiosi
1171 1732 1516 1802 essentiam
1549 1750 1705 1798 cum
1732 1729 1896 1798 votis
1923 1727 2328 1818 simplicibus
2355 1729 2682 1818 perpetuis

405 1852 640 1921 habere
687 1851 978 1942 possint;
1021 1846 1346 1938 siquidem
1397 1869 1436 1915 a
1486 1851 1773 1935 tempore
1822 1843 2121 1933 Gregorii
2170 1841 2347 1925 XllI,
2394 1849 2468 1912 ut
2514 1843 2688 1912 dixi·
2796 1841 2798 1930 4

405 1989 583 2049 mus,
627 1965 903 2034 omnino
950 1968 1203 2031 certum
1247 1962 1469 2051 evasit,
1515 1966 1814 2028 votorum
1854 1958 2331 2027 solemnitatem
2374 1957 2459 2026 ad
2494 1963 2685 2028 status
2796 1963 2798 2010 ¹

407 2081 696 2170 religiosi
724 2083 1069 2148 essentiam
1105 2098 1238 2144 non
1279 2076 1625 2165 pertinere.
1659 2073 1727 2143 3ο
1771 2073 1877 2142 Ad
1906 2077 2150 2142 textum
2178 2072 2523 2142 Benedicti
2546 2071 2681 2140 XIV
2796 2051 2798 2084 ³

411 2195 590 2285 quod
643 2194 891 2276 attinet,
945 2191 1282 2260 fatendum
1327 2197 1425 2257 est
1470 2211 1603 2258 non
1648 2210 1913 2281 parvam
1965 2210 2041 2256 ex
2088 2187 2203 2256 illo
2251 2188 2685 2258 difficultatem
2797 2201 2798 2214 ¹

413 2310 596 2380 oriri.
643 2307 1047 2400 Responderi
1087 2312 1304 2374 tamen
1336 2311 1564 2394 potest,
1609 2304 1703 2373 ibi
1748 2304 2085 2374 laudatum
2128 2303 2549 2392 Pontificem,
2590 2325 2685 2394 per

414 2423 770 2494 locutiones
800 2424 944 2508 has,
964 2431 1218 2490 statum
1236 2441 1382 2490 vere
1397 2419 1810 2511 reliqiosum,
1839 2426 1904 2488 et
1932 2419 2237 2488 mulieres
2259 2441 2415 2488 vere
2432 2419 2685 2510 reliqio-

417 2562 549 2624 εαε,
597 2538 940 2628 designare
984 2535 1266 2622 voluisse
1309 2535 1689 2624 religiosum
1732 2541 1967 2604 statum
2014 2557 2167 2604 cum
2195 2537 2363 2604 votis
2400 2536 2685 2605 solemni-

420 2657 546 2724 bus
588 2655 1037 2743 conjunetum.
1081 2649 1168 2720 Ut
1197 2652 1370 2719 enim
1406 2653 1546 2741 jam
1587 2651 1829 2741 pluries
1860 2651 2170 2730 diximus,
2214 2654 2527 2742 usurpari
2552 2652 2688 2720 solet

423 2770 595 2860 apud
635 2774 927 2838 auctores
959 2767 1196 2836 locutio
1232 2767 1372 2835 baec
1399 2771 1599 2834 status
1637 2789 1783 2834 vere
1808 2765 2132 2856 reliqiosi,
2162 2767 2245 2834 ad
2276 2766 2685 2857 designandos
2794 2845 2796 2856 Ι

425 2863 705 2973 ordineS,
756 2885 824 2952 in
873 2883 1115 2974 quibus
1159 2882 1465 2972 professio
1506 2881 1575 2949 fit
1611 2903 1727 2973 per
1764 2894 1925 2951 vota
1961 2881 2289 2952 solemnia
2298 2903 2330 2966 ,ς
2369 2883 2451 2952 ad
2480 2881 2685 2952 distin-

428 3004 702 3070 ctionem
748 3020 1001 3085 eorum,
1047 2998 1120 3066 in
1169 2997 1413 3088 quibus
1466 2996 1790 3087 simplicia
1839 2998 2145 3067 duntaxat
2192 3005 2343 3067 vota
2390 2998 2685 3066 emittun-

431 3127 537 3186 tur
575 3115 691 3206 (1).
747 3114 830 3183 Et
873 3121 1089 3182 tamen
1135 3121 1384 3184 eertum
1433 3118 1528 3181 est
1570 3117 1771 3181 status
1822 3113 2105 3202 religiosi
2154 3113 2497 3182 essentiam
2538 3121 2689 3178 stare

431 3252 614 3322 posse
667 3251 818 3298 cum
873 3229 1024 3298 solis
1072 3228 1236 3297 votis
1301 3226 1735 3318 simplicibus,
1792 3227 1886 3296 De
1936 3228 2161 3296 eodem
2220 3239 2435 3299 autem
2488 3225 2687 3294 Bene·

433 3346 590 3415 dicti
633 3344 784 3414 xlv
813 3351 1013 3430 textu,
1059 3345 1130 3412 in
1173 3349 1497 3434 quantum
1529 3345 1776 3428 innuit,
1812 3343 1894 3412 ad
1926 3349 2123 3412 status
2163 3343 2455 3433 religiosi
2492 3360 2683 3411 essen-
2795 3343 2796 3348 ’

433 3464 594 3530 tiam
637 3461 910 3549 requiri,
945 3466 1019 3529 ut
1055 3460 1232 3528 sedes
1268 3460 1659 3550 Apostolica,
1692 3481 1824 3528 non
1864 3467 2119 3529 tantum
2147 3459 2456 3530 ordinem
2476 3477 2682 3550 appro-

433 3579 567 3663 bet,
599 3576 709 3645 sed
731 3597 1024 3668 expresse
1051 3583 1116 3646 et
1141 3575 1497 3645 formaliter
1524 3597 1679 3644 eum
1714 3577 2048 3646 instatum
2076 3577 2483 3668 reliqiosum
2506 3577 2687 3665 erigat

435 3701 499 3762 et
548 3691 917 3778 confirmet,
981 3695 1119 3782 jam
1170 3692 1594 3761 disseruimus
1663 3713 1857 3783 supra
1918 3692 2121 3784 (parte
2170 3693 2237 3774 2,
2302 3695 2569 3762 sectione
2624 3691 2683 3770 1,

438 3811 644 3900 capite
680 3811 748 3894 4,
779 3807 1211 3899 propositione
1235 3805 1328 3898 3).
1373 3807 1441 3874 4⁰
1486 3805 1579 3876 Ex
1616 3829 1691 3877 eo
1724 3808 1897 3898 quod
1928 3808 2313 3877 monialium
2362 3808 2442 3878 de
2474 3804 2681 3896 quibus

505 4051 574 4110 (1)
599 4047 700 4100 Hoc
723 4061 875 4100 senen
895 4045 1151 4099 Benedicti
1177 4045 1284 4098 xlv
1303 4047 1459 4099 verba
1483 4047 1787 4100 intellexisse
1814 4049 2015 4102 videtur
2032 4050 2257 4112 Guorra3
2286 4047 2537 4111 siqnidem
2552 4040 2681 4094 bullae

442 4135 682 4200 Quamvis
711 4136 859 4201 justo
908 4147 1160 4188 summam
1203 4137 1527 4198 concinnans,
1558 4139 1629 4186 sle
1666 4135 1821 4188 habet
1850 4157 1864 4187 2
1898 4158 1923 4182 ι
1957 4138 2225 4190 Examinat
2244 4137 2559 4200 (Benedictus
2578 4127 2683 4204 xlv,

443 4245 462 4270 a
496 4237 622 4276 num
644 4224 740 4275 111oe
774 4227 1008 4289 (virgines
1035 4225 1339 4289 Angllcanae)
1375 4227 1479 4276 sint
1503 4237 1635 4276 veras
1664 4223 1933 4289 religiosae3
1972 4226 2061 4278 sed
2096 4237 2215 4276 cum
2240 4229 2359 4276 vota
2378 4227 2567 4276 tantum
2584 4221 2681 4268 aim·

437 4333 464 4355 «
494 4313 640 4376 plicia
672 4313 842 4375 edant,
881 4315 1119 4377 religiosae
1152 4314 1251 4364 dici
1283 4326 1385 4365 non
1405 4319 1631 4379 possunt.
1670 4333 1693 4360 ι
1730 4315 1985 4379 (Epitome
2010 4313 2265 4365 bullarum
2298 4313 2679 4377 Pontificem-um,

433 4403 573 4451 tomo
591 4403 641 4464 4,
671 4413 782 4465 pag.
808 4403 920 4464 323,
941 4401 1063 4455 edit.
1101 4401 1273 4455 Venet.
1309 4406 1468 4466 1772.)
