2834 4959
1061 334 1222 381 PARS
1266 334 1484 383 rum.
2334 332 2405 389 31

161 484 192 521 κ
223 464 448 525 termes
489 452 574 521 de
613 452 930 545 l'Apotre)
973 475 1228 525 comme
1272 476 1358 524 ne
1400 455 1627 525 l'etant
1672 456 1880 547 point,
1930 456 2053 525 elle
2082 462 2419 529 conservat

157 591 340 639 <tune
407 567 680 659 pareille
731 570 958 660 purete
1005 568 1088 638 de
1137 592 1318 641 coeur
1361 578 1427 639 et
1467 570 1531 639 d’
1534 571 1732 662 esprit
1779 572 1941 640 dans
1992 574 2051 641 le
2103 576 2413 664 mariage,

153 686 500 777 “quoique
551 704 688 752 non
734 705 868 753 une
917 684 1064 753 telle
1109 686 1336 776 purete
1363 684 1443 755 de
1479 706 1695 777 corps,
1724 706 1850 775 que
1871 685 1963 754 les
1996 688 2239 777 vierges
2262 690 2415 759 hors

149 828 180 863 ι
209 800 274 869 le
315 798 630 887 mariage,
690 796 738 865 il
793 796 904 885 n’y
959 814 998 862 a
1048 798 1226 887 point
1276 798 1355 866 de
1403 798 1597 867 doute
1650 819 1779 889 que
1822 798 2003 868 celle·
2008 801 2073 869 la
2110 805 2319 871 aurait
2354 805 2415 873 le

151 944 185 981 a
215 914 458 983 merite
519 914 624 981 des
691 912 970 1002 τίοι-305,
1035 918 1102 981 et
1147 934 1236 1002 qu
1240 912 1382 982 ’elle
1434 914 1627 982 serait
1676 936 1836 984 non·
1809 916 2196 986 -seulement
2240 920 2413 987 aussi

151 1060 184 1095 «ι
217 1031 434 1099 sainte
490 1034 552 1095 et
605 1026 780 1095 amsi
857 1026 1149 1116 parfaite‚
1229 1028 1392 1097 mais
1446 1030 1663 1099 meme
1708 1030 1881 1101 aussi
1932 1052 2095 1122 pure
2134 1039 2201 1100 et
2243 1036 2413 1102 aussi

150 1155 188 1209 ι’(
225 1146 446 1213 chaale
485 1142 783 1233 qu'elles3
837 1148 901 1211 et
941 1143 1084 1211 rien
1141 1140 1645 1234 n’empecherait
1678 1146 1913 1236 qu’elle
1938 1169 2021 1217 ne
2050 1147 2109 1217 le
2136 1150 2257 1239 put
2282 1152 2415 1221 etre

154 1288 192 1325 α
227 1261 605 1349 davantage3
642 1282 680 1323 ι»
712 1256 832 1326 etsi
889 1257 1163 1348 scriptor
1207 1256 1316 1327 ille
1342 1258 1433 1328 ita
1458 1260 1951 1330 matrimonium
1981 1285 2177 1353 quam
2208 1274 2417 1356 posset

142 1372 459 1465 optimum
549 1372 872 1443 delineare
951 1372 1250 1461 voluerit,
1335 1374 1771 1445 nihilominus
1850 1375 2047 1447 Sacra
2116 1377 2415 1451 Facultas

139 1487 532 1579 Theologica
581 1486 986 1574 Parisiensis,
1041 1486 1146 1556 die
1189 1487 1232 1558 3
1275 1489 1433 1557 maii
1464 1488 1663 1575 1638,
1694 1490 2066 1579 praedictam
2099 1496 2242 1583 ejus
2270 1516 2416 1563 sen-

137 1606 396 1673 tentiam
449 1603 578 1671 hac
625 1624 898 1671 censura
949 1603 1216 1671 confixit
1263 1602 1354 1694 (1)
1405 1628 1421 1673 :
1482 1630 1519 1671 α
1558 1603 1713 1675 Haec
1755 1605 2069 1690 doctrina,
2102 1630 2231 1697 qua
2256 1610 2413 1679 dicit

143 1745 176 1781 ι
209 1740 320 1789 eos
359 1718 478 1811 qui
531 1724 812 1787 utuntur
837 1719 1146 1808 conjugio
1175 1725 1485 1809 tanquam
1519 1740 1653 1787 non
1682 1724 1974 1804 utantur,
2016 1722 2251 1791 habere
2278 1747 2405 1795 me·

143 1860 178 1900 u
209 1836 422 1903 ritum
457 1832 794 1923 virginum
843 1839 905 1900 et
941 1832 1237 1902 coelihem
1269 1836 1470 1901 vitam
1509 1835 1867 1922 agentium,
1898 1842 1962 1905 et
1986 1858 2120 1904 esse
2148 1860 2277 1905 non
2312 1862 2413 1909 so-

153 1976 192 2013 u
219 1950 364 2017 lum
391 1970 562 2039 oeque
575 1958 846 2017 sanctos
863 1953 928 2015 et
950 1969 1136 2039 oeque
1151 1949 1517 2039 perfectos,
1542 1966 1772 2017 verum
1796 1948 1987 2017 etiam
2010 1972 2191 2041 aeque
2207 1974 2416 2042 puros

12 2080 14 2103 ³
151 2092 186 2129 α
223 2072 286 2133 et
309 2086 496 2155 oeque
519 2075 764 2145 castos,
793 2062 1094 2131 haeresim
1135 2062 1321 2152 sapit.
1368 2085 1406 2127 ι)
1443 2059 1639 2131 Plura
1664 2062 1936 2152 insuper
1957 2063 2036 2130 de
2057 2076 2237 2149 vota,
2266 2089 2412 2156 quae

131 2182 326 2251 etiam
369 2202 478 2249 res
513 2186 610 2248 est
640 2176 922 2261 consilii,
948 2184 1033 2262 et,
1068 2178 1122 2245 si
1149 2178 1493 2267 adjiciatur
1518 2176 1676 2266 actis
1701 2177 1781 2247 de
1804 2198 1871 2247 se
1902 2178 2085 2247 bonis
2114 2188 2179 2249 et
2206 2180 2414 2251 hone-

129 2298 260 2381 stis,
305 2317 478 2365 cum
525 2296 610 2363 sit
661 2292 996 2383 religionis
1043 2293 1251 2376 actm,
1303 2312 1533 2359 eorum
1582 2291 1867 2385 pretium
1912 2294 2211 2386 adauget,
2245 2298 2413 2367 male

127 2410 458 2481 effutierat
499 2408 940 2499 Seguenotusz
994 2428 1142 2497 quoe
1184 2413 1602 2496 exponuntur
1648 2406 1845 2477 simul
1892 2416 1955 2478 et
2000 2412 2413 2501 repelluntur

129 2526 210 2593 ab
251 2524 492 2595 oedem
535 2522 728 2592 Sacra
766 2520 1124 2609 Facultate,
1175 2522 1399 2591 nimiae
1426 2542 1577 2611 erga
1598 2522 1923 2613 regulares
1948 2525 2247 2595 amicitiae
2274 2549 2409 2598 non

127 2647 450 2731 suspecta,
510 2636 932 2729 sequentibus
979 2634 1196 2705 verbis
1241 2634 1338 2727 (2)
1389 2661 1406 2705 z
1468 2664 1507 2703 α
1542 2634 1696 2706 Haec
1723 2638 2041 2727 doctrina,
2068 2662 2267 2730 quam
2295 2646 2411 2713 ad-

137 2782 178 2819 «
219 2757 416 2821 stmit
451 2753 522 2823 in
565 2750 1026 2845 proejudicium
1077 2758 1377 2819 votorum
1422 2752 1931 2823 monasticorum
1967 2764 2031 2823 et
2054 2757 2411 2849 depressio-

139 2896 178 2934 α
215 2888 384 2937 nem
423 2875 612 2937 status
663 2866 1092 2957 regularium,
1153 2866 1509 2958 praesertim
1558 2888 1689 2957 qua
1732 2868 1981 2955 asserit,
2038 2883 2197 2941 vota
2234 2874 2411 2943 nihil

143 3012 182 3049 α
217 2980 464 3053 addere
489 2982 956 3075 perfectionis,
1007 3002 1142 3049 esse
1189 2988 1441 3051 tantum
1490 2981 2045 3072 imperfectorum,
2085 3007 2249 3077 saepe
2276 3010 2411 3057 esse

135 3133 172 3171 α
205 3102 682 3197 impedimenta
728 3100 859 3170 alio
905 3102 1193 3169 vocantis
1243 3098 1387 3184 Dei,
1436 3100 1701 3171 abusive
1750 3103 1963 3171 vocari
1990 3107 2409 3176 consecratio-

131 3246 174 3285 «
207 3242 364 3300 nes,
425 3219 857 3289 obedientiam
927 3236 1060 3286 non
1125 3237 1262 3285 esse
1313 3237 1477 3306 opus
1517 3214 1798 3302 consilii,
1852 3224 1917 3285 et
1969 3228 2407 3309 paupertatem

129 3360 168 3403 t(
209 3335 654 3404 voluntariam
705 3356 786 3401 ea:
823 3344 976 3399 voto
1029 3332 1283 3400 excludi
1333 3354 1372 3398 a
1426 3338 1789 3421 paupertate
1842 3335 2235 3423 evangelica,
2272 3360 2407 3409 non

127 3478 164 3515 ι
205 3458 474 3518 tantum
519 3456 614 3517 est
663 3447 1045 3515 destructiva
1101 3448 1306 3513 sancti
1361 3446 1759 3535 regularium
1810 3454 2007 3517 status
2034 3459 2095 3519 et
2120 3455 2409 3521 aversiva

121 3595 162 3633 «ι
193 3590 234 3635 a
283 3566 620 3659 proposito
661 3562 1008 3633 laudabilis
1058 3563 1204 3631 vitae
1250 3562 1669 3645 coenobiticae‚
1728 3583 1951 3630 verum
2001 3568 2193 3634 etiam
2222 3567 2402 3654 falsa,

10 3682 12 3717 ἓ
123 3710 160 3751 ι
195 3680 612 3763 scandalum,
665 3676 1008 3747 temeraria
1036 3685 1099 3745 et
1122 3698 1412 3745 erronea.
1459 3701 1495 3741 x·
1538 3676 1861 3759 Quoniam
1892 3678 2217 3749 Hallierus
2239 3680 2407 3749 inter

10 3782 13 3889 ἶ
111 3795 490 3889 Seguenoti
559 3794 842 3885 Judices,
914 3814 1044 3882 qua
1119 3793 1340 3860 doctor
1389 3788 1803 3880 SorbonicuS,
1856 3794 2233 3882 consederit,
2286 3798 2407 3865 ali-

113 3936 252 4004 qua
303 3909 564 3980 ratione
607 3907 860 3977 censeri
900 3914 1104 3996 potest
1149 3908 1443 3995 rejecisse
1494 3928 1679 3975 suam
1741 3908 1943 3999 ipsius
1973 3910 2399 3983 sententiam:

10 4072 12 4075 ψ
123 4024 448 4099 Camilia
473 4046 608 4091 non
625 4032 783 4091 sunt
799 4020 1204 4112 perfectiora
1216 4022 1601 4113 praeceptis,

185 4306 264 4369 (ι)
293 4303 558 4368 Βυρίειὼ
581 4302 895 4369 &Argenti-6,
945 4300 1150 4354 Colloet.
1168 4300 1484 4367 judiciorum
1506 4299 1569 4351 de
1594 4298 1733 4349 novis
1753 4294 2028 4361 err-oribus,
2048 4303 2087 4351 t.
2111 4304 2163 4363 3,
2192 4316 2240 4365 p.
2262 4306 2345 4357 25.

182 4389 256 4447 (2)
287 4384 400 4444 ἰὼ,
419 4382 536 4433 ibid.
