2834 4959
404 343 526 402 336
965 347 1304 395 raacrarus
1351 349 1433 396 na
1477 349 1627 396 mas
1673 347 2091 394 REGULARHJM.

398 482 550 548 sunt
565 472 847 563 religiosi
866 475 1069 538 status
1089 470 1429 540 essentiam
1450 469 1715 538 habere.
1740 471 1811 536 2⁰
1828 467 1937 538 Est
1958 469 2251 538 doctrina
2268 471 2457 562 apud
2478 481 2701 544 aucto·

399 613 506 664 res
529 587 962 660 communiter
981 591 1264 677 recepta,
1289 584 1599 654 moniales
1618 584 2265 670 conservatoriorum,
2290 587 2359 655 id
2384 595 2516 678 est,
2542 613 2699 660 con-

401 711 718 776 ventuum
743 703 1044 773 clausura
1069 708 1134 769 et
1157 701 1321 769 votis
1347 701 1743 770 solemnibus
1772 701 2158 788 carentium,
2182 721 2317 770 non
2344 723 2490 774 esse
2513 727 2699 774 veras

403 821 722 892 moniales
750 839 864 888 seu
907 838 1094 886 veras
1115 815 1480 908 reliqiosas.
1513 815 1595 884 Et
1622 822 1845 885 tamen
1870 814 2066 886 simul
2088 816 2325 886 docent
2348 818 2553 890 iidem
2580 843 2699 890 au-

419 954 645 1032 ctores,
686 942 999 1012 moniales
1045 941 1186 1010 illas
1239 939 1517 1010 tolerari
1563 940 1647 1009 ab
1698 938 2033 1009 Ecclesia:
2097 960 2256 1031 ergo
2316 944 2696 1013 existimant

432 1063 634 1131 dictas
719 1059 1241 1148 congregationes
1308 1077 1485 1124 mere
1564 1056 1859 1125 toleratas
1934 1055 2209 1126 essentia
2276 1063 2481 1128 status
2548 1059 2689 1128 reli-

409 1175 571 1267 giosi
599 1196 838 1260 carere,
869 1173 1120 1242 etiamsi
1148 1171 1323 1263 apud
1350 1173 1519 1263 ipsas
1547 1172 1673 1240 tria
1708 1177 1852 1240 vota
1886 1177 2191 1262 perpetua
2216 1174 2605 1242 emittantur
2634 1181 2691 1242 et

409 1293 532 1362 rite
585 1295 1014 1382 acceptentur.
1063 1287 1131 1357 3⁰
1180 1288 1449 1357 Accedit
1502 1287 1835 1356 Benedicti
1879 1286 2034 1357 XIV
2098 1289 2463 1360 auctoritas.
2524 1290 2685 1360 Nam

409 1411 481 1477 in
508 1407 688 1476 bulla
733 1425 848 1473 sua
877 1402 1198 1486 Quamvis
1220 1403 1411 1493 justo
1457 1400 1577 1494 (1),
1622 1406 1697 1470 ut
1740 1401 1969 1493 probet
2004 1401 2289 1492 virgines
2330 1405 2684 1495 quasdam,

329 1574 336 1582 .
412 1535 557 1604 quae
585 1511 971 1602 Anqlicanae
997 1509 1416 1597 vocabantur,
1450 1529 1579 1576 non
1600 1529 1736 1577 esse
1765 1530 1953 1577 veras
1977 1508 2338 1599 reliqiosas,
2370 1511 2547 1580 hanc
2578 1533 2687 1581 ra-

315 1679 326 1689 .
411 1631 660 1696 tionem
681 1625 866 1694 affert
897 1649 916 1694 ;
949 1623 1029 1692 ad
1057 1623 1408 1693 essmtiam
1434 1633 1649 1692 status
1684 1645 1830 1692 vere
1870 1624 2169 1715 reliqiosi
2190 1627 2449 1714 requiri,
2480 1635 2555 1695 ut
2586 1648 2693 1694 re-

412 1743 571 1834 ligio
612 1763 726 1810 seu
765 1740 922 1810 ordo
965 1742 1037 1808 in
1072 1737 1463 1831 hujusmodi
1496 1751 1685 1808 statu
1719 1740 2103 1832 Apostolicae
2138 1741 2301 1810 sedis
2338 1741 2687 1810 confirma-

415 1858 590 1926 tione
611 1853 973 1932 stabiliatur
1003 1878 1020 1921 :
1051 1855 1185 1922 imo
1213 1873 1335 1922 nec
1365 1853 1658 1923 sufficere
1680 1859 1753 1920 ut
1790 1854 2072 1944 aliquus
2106 1855 2419 1924 societatis
2444 1855 2688 1945 regulas

417 1969 826 2040 pontificiam
869 1969 1399 2060 approbationem
1431 1967 1870 2052 obtinuerint3
1900 1969 2011 2038 sed
2044 1971 2295 2058 requiri
2326 1975 2399 2038 ut
2432 1970 2683 2038 societas

421 2087 562 2178 ipsa
587 2091 894 2176 tanquam
929 2090 1127 2152 status
1171 2082 1507 2172 religiosus
1554 2082 1969 2176 approbetur.
2015 2083 2215 2175 Ergo,
2250 2085 2437 2176 juxta
2476 2085 2679 2153 claris—

420 2200 672 2268 simum
721 2197 1126 2284 Pontificem,
1169 2196 1262 2264 ad
1294 2197 1591 2287 reliqiosi
1630 2209 1846 2268 status
1894 2200 2247 2268 essentiam
2286 2222 2422 2270 non
2458 2198 2676 2270 sufficit

436 2313 997 2402 congregationem
1021 2311 1308 2401 aliquam
1339 2311 1618 2380 tolerari
1642 2312 1723 2382 ab
1746 2313 2035 2386 Ecclesia
2071 2341 2089 2384 ε
2126 2318 2262 2386 imo
2288 2337 2413 2385 nec
2455 2313 2677 2384 sufficit

425 2431 569 2518 ejus
598 2427 856 2515 regulas
883 2425 1264 2516 approbari3
1317 2425 1428 2495 sed
1468 2447 1722 2496 necesse
1761 2437 1856 2500 est
1892 2435 2457 2522 congregationem
2484 2431 2673 2520 ipsam

420 2539 687 2632 positive
711 2539 1053 2630 approbari
1073 2538 1144 2606 in
1167 2541 1414 2610 ratione
1434 2540 1803 2632 reliqionis,
1824 2566 1938 2613 seu
1950 2557 2167 2614 status
2178 2545 2501 2636 reliqz'osi.
2528 2543 2593 2612 4⁰
2612 2541 2673 2610 Si

419 2657 611 2726 dictae
637 2657 1190 2746 congregationes,
1215 2655 1597 2746 simpliciter
1616 2657 1917 2742 toleratae,
1945 2667 2143 2730 status
2170 2659 2457 2750 religiosi
2480 2679 2675 2728 essen·

419 2771 583 2842 tiam
608 2771 846 2842 habere
872 2776 1156 2862 possent,
1184 2769 1386 2840 iidem
1415 2781 1836 2861 sequerentur
1856 2775 2120 2846 effectus
2150 2796 2227 2846 ac
2252 2777 2309 2845 si
2340 2777 2535 2846 [orent
2558 2795 2671 2865 ap-

423 2889 705 2978 probatae
735 2911 752 2954 ε
785 2886 1100 2972 inutiliter
1123 2885 1394 2978 proinde
1410 2894 1476 2956 et
1494 2889 1731 2958 absone
1754 2891 1933 2959 sedes
1959 2890 2351 2984 Apostolica,
2381 2893 2534 2962 dum
2562 2889 2671 2958 ali·
2771 2848 2791 2882 ⁸

423 3003 586 3093 quid
647 3003 932 3096 disponit
982 2999 1196 3092 quoad
1267 3002 1588 3093 ejusmodi
1660 3009 2211 3097 congregationes,
2286 3015 2421 3078 tam
2473 3006 2673 3078 sedulo

425 3119 783 3189 clausulam
805 3124 1178 3210 apponeret,
1211 3117 1379 3188 citra
1416 3120 1970 3211 approbationem
1992 3124 2472 3194 conservator-ii.
2502 3121 2673 3204 Quod

426 3254 582 3301 cum
606 3231 736 3302 dici
767 3219 1064 3322 nequeat,
1094 3232 1621 3302 concludendum
1658 3247 1777 3320 est,
1808 3237 1877 3306 id
1902 3240 2165 3329 praecise
2204 3239 2445 3308 intendi
2478 3259 2514 3306 a
2532 3235 2673 3305 sede

427 3348 820 3437 apostoliea,
855 3347 949 3416 sic
995 3345 1345 3433 tolerante,
1393 3355 1457 3416 et
1486 3356 1703 3420 tamen
1741 3354 2273 3444 approbationem
2319 3356 2667 3444 denegante,

431 3468 505 3530 ut
529 3462 838 3553 impediat
863 3483 945 3530 ne
965 3463 1498 3554 congregationes
1520 3464 1651 3538 illae
1676 3473 1875 3537 status
1908 3467 2194 3558 religiosi
2218 3472 2549 3540 essentiam
2572 3467 2671 3534 ha·

430 3577 643 3647 beant.

515 3693 598 3762 Il.
619 3695 682 3764 A
685 3694 1020 3786 fferuntur
1033 3693 1322 3762 rationes
1344 3715 1495 3785 quoe
1514 3693 1702 3764 dictis
1722 3699 2339 3790 eonqreyationibus
2364 3711 2563 3770 stanes
2586 3717 2675 3762 re·

429 3807 653 3900 liqiosi
691 3809 1040 3878 essentiam
1079 3809 1416 3879 vindicare
1477 3809 1806 3882 videntur.
1876 3851 1967 3867 —
2028 3815 2427 3886 Recordetur
2477 3817 2669 3890 lector,

427 3930 624 4012 prout
643 3923 828 3993 initio
848 3923 1238 4018 paragraphi
1257 3925 1667 4014 monuimus,
1696 3927 1802 4018 agi
1828 3929 1907 4000 de
1932 3931 2321 4002 monialium
2340 3947 2669 4022 congrega-

2806 3918 2815 3995 ὲ

429 4039 739 4128 tionibuS,
761 4041 1130 4109 clausuram
1149 4038 1419 4130 quidem
1444 4046 1507 4110 et
1528 4049 1672 4112 vota
1700 4043 2017 4114 solemnia
2038 4066 2171 4116 non
2195 4047 2593 4135 habentibiis,
2620 4047 2675 4110 et

433 4155 717 4226 toleratis
751 4157 1084 4243 duntaxat,
1121 4157 1233 4228 sed
1269 4156 1341 4226 in
1369 4157 1613 4246 quibus
1634 4161 2020 4238 emittuntur
2048 4163 2169 4232 tria
2190 4170 2335 4234 vota
2361 4167 2661 4256 perpetua,

490 4417 554 4477 (ι)
587 4415 804 4470 Textum
833 4419 978 4471 illum
1005 4423 1370 4488 transm-{ptum
1393 4420 1551 4474 habes
1574 4421 1669 4474 sub
1690 4423 1991 4488 praeeedem
2014 4423 2350 4490 paragrapho.
