2834 4959
341 343 464 400 168
903 357 1240 406 ‘fassurus
1286 357 1366 404 ns
1407 355 1559 403 mm:
1598 353 2011 404 noviantum.

347 497 380 540 ιι
413 497 666 544 eremus
711 477 992 547 habitate
1035 486 1130 548 est
1165 499 1206 547 a
1233 476 1596 564 monachis,
1630 478 1773 568 qui,
1796 475 1991 546 rebus
2018 479 2155 545 suis
2180 445 2444 559 relictis:
2476 499 2637 548 οω-

353 615 388 654 a
415 589 556 658 lesti
576 591 868 661 instituto
887 611 1132 662 nomen
1161 591 1419 661 dabant.
1452 615 1490 656 n
1522 589 1723 681 (Loco
1744 591 1959 674 citato,
1998 610 2145 680 pag.
2176 590 2306 660 807
2332 597 2397 660 et
2426 592 2639 684 808.)

427 705 626 776 Porro
663 729 738 776 ex
764 708 890 778 hac
922 707 991 778 S.
1041 707 1372 779 Athanasii
1411 707 1781 776 narratione
1814 706 1939 776 tria
1965 714 2308 777 constant:
2353 709 2417 775 1⁰
2442 708 2641 778 Ante

340 819 405 891 S.
470 801 828 892 Antonium
865 823 1172 894 exstitisse
1219 824 1292 890 in
1341 820 1631 914 AEgypto
1668 822 2101 910 monasteria,
2132 821 2288 891 licet
2311 845 2443 891 non
2472 835 2639 891 tam

347 935 578 1004 crebra
595 956 628 1021 ,·
663 938 732 1006 2⁰
753 938 972 1006 solitos
1001 937 1196 1007 fuisse
1223 937 1579 1006 monachos
1620 957 1735 1004 seu
1763 948 2015 1006 ascetae
2041 934 2223 1027 (nam
2259 944 2641 1028 utrumque

342 1049 732 1120 vocabulum
791 1053 1158 1144 promiscue
1233 1053 1495 1122 adhibet
1552 1051 1621 1120 S.
1678 1050 2055 1120 Patriarcha
2109 1051 2639 1144 Alexandrinus)

341 1166 574 1256 degere
599 1191 798 1261 prope
837 1169 1034 1256 vicos,
1063 1189 1196 1236 non
1231 1173 1451 1236 autem
1489 1168 1560 1234 in
1592 1187 1837 1253 eremo,
1868 1189 1980 1238 seu
2019 1169 2091 1236 in
2122 1167 2386 1236 desertis
2412 1167 2634 1248 locis3

344 1282 411 1352 3⁰
434 1283 722 1355 Antonio
750 1292 1012 1356 auctore
1036 1287 1328 1375 primum
1355 1284 1519 1353 facta
1554 1283 1755 1352 fuisse
1782 1285 1989 1353 etiam
2015 1285 2089 1353 in
2112 1285 2453 1354 montibus
2482 1308 2641 1354 mo·

340 1401 661 1488 noster-ia,
689 1407 752 1467 et
797 1400 1106 1492 incepisse
1131 1420 1423 1468 eranum
1464 1417 1501 1468 a
1536 1398 1881 1469 monachis
1917 1399 2231 1468 habitari.
2265 1399 2453 1470 Unde
2486 1423 2640 1470 me-

341 1514 599 1583 ridiana
645 1514 790 1584 luce
835 1515 1072 1584 clarius
1119 1521 1238 1595 est,
1265 1512 1491 1582 induci
1532 1512 1614 1582 ab
1658 1511 2012 1584 Athanasio
2058 1515 2449 1598 Antonium,
2486 1537 2637 1582 non

343 1633 655 1718 tanquam
707 1634 1038 1698 auctorem
1075 1629 1463 1697 monasticae
1494 1629 1673 1710 vitae,
1703 1627 1813 1698 sed
1836 1630 2146 1698 duntaxat
2168 1636 2471 1719 tanquam
2494 1651 2631 1698 au-

345 1751 588 1814 ctorem
615 1747 988 1816 monasticae
1009 1745 1158 1814 vitae
1183 1746 1254 1814 in
1281 1763 1497 1812 eremo
1523 1755 1899 1812 tran-saccea.
1932 1745 2149 1835 Atque
2179 1743 2271 1813 ita
2296 1743 2637 1814 intellecta

347 1866 442 1930 est
487 1863 692 1930 sancti
734 1861 1072 1930 Athanasii
1131 1861 1411 1933 narratio
1454 1859 1536 1928 ab
1578 1859 2033 1928 eruditissimis
2076 1861 2235 1928 viris
2279 1860 2633 1944 Bollando,

346 1972 788 2064 Tillemontio,
819 1975 1032 2044 Natali
1070 1975 1467 2059 Alexandro,
1498 1975 1769 2064 aliisque
1806 1973 2128 2064 pluribus,
2178 1981 2370 2065 prout
2412 1975 2645 2044 videre

350 2096 443 2159 est
472 2091 542 2160 in
565 2113 758 2181 opere
771 2091 1236 2160 modernorum
1269 2091 1873 2171 Bollandianorum,
1899 2091 2007 2159 cui
2030 2089 2287 2177 titulus,
2308 2093 2641 2160 Examen

351 2204 508 2272 libri
539 2205 841 2274 Mariani
904 2205 1269 2275 Verhoeven
1325 2205 1493 2295 (pag.
1536 2203 1647 2287 66,
1695 2204 1848 2273 edit.
1883 2204 2224 2292 BruxelliS,
2257 2206 2493 2297 1847).
2532 2205 2639 2292 Et,

357 2320 531 2410 quod
561 2321 768 2410 magis
809 2325 928 2408 est,
963 2319 1186 2388 eodem
1229 2319 1424 2388 modo
1459 2321 1893 2393 narrationem
1924 2320 2096 2390 hanc
2123 2320 2439 2390 intellexit
2470 2322 2644 2392 Eva-

355 2437 566 2526 grius,
580 2435 842 2523 ipsimet
855 2441 1072 2502 sancto
1086 2433 1441 2504 Athanasio
1458 2455 1709 2504 coaevus
1728 2457 1745 2518 ;
1768 2435 1823 2503 si
1842 2435 2108 2524 quidem
2133 2436 2205 2504 in
2226 2441 2647 2530 transcriptis

358 2550 560 2618 sancti
610 2548 911 2620 Praesulis
943 2550 1179 2636 verbis,
1211 2571 1340 2618 non
1395 2549 1764 2622 monasticae
1810 2555 1959 2620 vitae
1997 2559 2242 2642 ortum,
2276 2553 2385 2621 sed
2436 2555 2643 2624 habi-

361 2664 588 2734 tandae
607 2663 810 2734 eremi
821 2663 1172 2734 exordium
1189 2663 1613 2757 deprehendit
1638 2666 1851 2755 (opera
1868 2665 1940 2735 S.
1970 2666 2334 2756 Athanasii,
2364 2675 2561 2739 torno
2584 2674 2642 2754 1,

359 2801 506 2872 pag.
541 2779 720 2871 808).
758 2779 942 2850 Unde
965 2780 1213 2849 nedum
1257 2779 1325 2850 S.
1368 2779 1709 2849 Athanasii
1750 2780 1919 2850 dicta
1946 2781 2220 2873 probent
2249 2783 2645 2874 religiosum

359 2901 626 2981 statum,
665 2901 779 2963 aut
807 2894 1232 2964 monasticam
1275 2895 1478 2963 vitam
1520 2900 1749 2985 quarto
1784 2895 2045 2980 saeculo,
2086 2906 2307 2967 sancto
2348 2899 2648 2969 Antonio

359 3017 640 3096 auctore,
671 3010 1013 3101 incepisse,
1043 3009 1443 3078 contrarium
1473 3017 1689 3102 aperte
1718 3012 2053 3081 evincunt.

447 3130 654 3200 Nota.
681 3163 771 3177 —
792 3123 980 3206 Quod
1009 3126 1213 3194 sancti
1242 3125 1509 3194 Antonii
1548 3126 1918 3196 institutum
1966 3127 2163 3196 fuerit
2212 3130 2647 3201 anachoreti-

360 3265 540 3330 cum,
566 3263 696 3311 non
745 3247 962 3311 autem
997 3238 1481 3327 coenobiticum,
1515 3261 1627 3310 seu
1656 3257 1811 3309 cum
1844 3242 2055 3312 forma
2091 3247 2471 3314 communis
2530 3247 2648 3316 sub

359 3357 585 3430 eodem
641 3361 804 3424 tecto
841 3361 906 3424 et
955 3356 1284 3448 superiore
1329 3357 1501 3439 vitae,
1538 3356 2070 3446 probatum'vide
2110 3360 2178 3426 in
2218 3361 2408 3429 citato
2446 3347 2649 3454 opere

363 3475 779 3566 (Examen...
809 3472 968 3541 libri
989 3473 1284 3542 Mariani
1315 3471 1706 3559 Verhoeven,
1736 3473 1973 3564 pagina
2004 3474 2137 3565 70).

447 3589 827 3659 Pnorosrno
871 3585 977 3657 11⁸.
1014 3577 1106 3640 :-
1145 3584 1352 3656 Verba
1378 3587 1519 3656 koee
1542 3587 1760 3656 sancti
1787 3589 2208 3680 Hieronymi,
2242 3611 2429 3661 umus
2484 3615 2645 3663 vimi

361 3727 600 3776 Auaron
651 3701 920 3790 mes,
961 3723 1368 3770 ιιιυετιιᾼτοιι
1411 3702 1748 3788 Amemus,
1783 3724 2205 3796 nequaquam
2246 3705 2433 3775 dicta
2486 3722 2647 3778 sunt

361 3819 442 3890 de
465 3821 608 3889 vita
629 3817 1096 3910 reli9iosa,'nec
1109 3816 1479 3908 qeneratim
1496 3815 1727 3887 devita
1750 3820 2147 3906 monastica,
2170 3819 2289 3889 sed
2298 3819 2646 3892 duntaxat

364 3936 443 4006 de
475 3945 622 4004 vita
657 3933 938 4003 illorum
961 3933 1546 4019 anachoretarum,
1574 3955 1681 4013 om
1702 3953 1832 4002 sou
1854 3955 2161 4004 mamm·
2186 3957 2307 4004 raa
2336 3959 2634 4010 nassau.

365 4087 454 4104 -·
497 4047 604 4119 Sic
657 4049 850 4118 habet
904 4052 1170 4117 sanctus
1222 4048 1470 4137 doctor,
1530 4050 1600 4118 in
1664 4051 1796 4120 vita
1842 4051 2047 4119 sancti
2102 4050 2284 4119 Pauli
2352 4057 2641 4124 eremitae

367 4164 662 4256 (operum
697 4170 876 4233 tomo
913 4163 982 4252 2,
1015 4163 1140 4233 col.
1175 4163 1239 4245 1,
1271 4164 1314 4232 2
1349 4171 1412 4233 et
1436 4163 1503 4256 3)
1535 4190 1551 4234 :
1610 4193 1647 4232 ι(
1675 4166 1851 4236 luter
1884 4167 2129 4236 multos
2174 4187 2341 4258 saepe
2376 4169 2640 4239 dubita-

375 4303 410 4343 «
437 4286 580 4349 tum
627 4284 721 4346 est
773 4299 811 4347 a
877 4300 1007 4368 quo
1065 4279 1476 4370 potissimum
1534 4280 2007 4371 monachorum
2060 4301 2313 4351 eremus
2358 4281 2637 4352 habitari

375 4418 412 4458 α
442 4397 648 4482 coepta
683 4391 788 4460 sit.
818 4391 1099 4472 Quidam
1139 4394 1317 4464 enim
1358 4393 1551 4464 altius
1588 4403 1965 4487 repetentes,
1996 4395 2081 4466 ab
2114 4395 2259 4482 Elia
2290 4402 2354 4465 et
2384 4395 2632 4466 Joanne
