2834 4959
376 365 503 426 282
946 369 1285 416 msc‘rn'us
1334 367 1414 415 DE
1455 365 1606 414 mm:
1653 361 2067 412 anonumum

374 507 589 572 tamen
636 520 922 590 semper3
972 497 1081 566 sed
1117 497 1422 564 duntaxat
1449 495 1520 562 in
1567 497 1740 562 certo
1790 489 2072 582 quodem
2133 510 2311 559 cusu.
2353 487 2677 560 Neo-ssa-

372 619 543 686 rium
574 636 705 684 esse
746 615 1035 705 ipsorum
1076 628 1469 680 consensum
1513 607 1824 678 evincunt
1869 604 2066 674 verba
2099 604 2266 685 haec,
2307 605 2446 674 nisi
2487 627 2676 674 erec-

376 731 543 801 tioni
586 727 1053 798 consenserint.
1104 725 1249 795 Non
1304 745 1562 817 semper
1606 743 1741 792 esse
1781 721 2214 792 necessarium
2265 741 2667 790 consensum

369 847 574 934 hunc,
630 846 737 914 sed
792 845 1103 915 duntaxat
1149 844 1219 911 in
1266 839 1488 931 aliqua
1527 837 1894 930 hypothesi,
1945 835 2253 906 evincunt
2317 837 2666 926 sequentia

366 963 590 1041 verba,
634 959 741 1029 vel
786 960 961 1028 alias
986 957 1361 1058 Ordinariis
1406 955 1793 1039 constiterit,
1821 973 2018 1022 novos
2043 939 2378 1041 religiosos
2407 951 2672 1042 absque

369 1067 643 1138 aliorum
708 1066 1095 1136 detrimento
1164 1065 1502 1134 commode
1555 1063 1644 1130 ali
1699 1081 1905 1152 posse.
1981 1057 2246 1140 Quoties
2290 1079 2448 1147 ergo
2505 1060 2668 1128 satis

366 1190 609 1253 constat
660 1182 997 1275 Episcopo,
1046 1201 1293 1252 novum
1352 1187 1746 1248 conventum
1803 1175 2044 1265 absque
2097 1174 2378 1244 aliorum
2453 1173 2668 1244 detri-

366 1304 583 1365 mento
608 1296 697 1362 ali
728 1315 932 1386 posse,
964 1295 1207 1363 horum
1252 1309 1604 1363 consensus
1641 1299 2057 1380 nequaquam
2095 1286 2474 1387 requiritur.
2515 1286 2666 1356 lmo

365 1420 523 1483 tunc
560 1433 769 1502 neque
802 1432 1059 1480 necesse
1102 1417 1197 1480 est
1246 1409 1474 1479 vocari
1509 1418 1572 1476 et
1619 1405 1851 1478 audiri
1898 1405 2179 1476 aliorum
2203 1409 2666 1473 conventuum

364 1527 607 1616 priores
640 1545 753 1593 seu
788 1529 1256 1614 procuratores.
1312 1521 1539 1611 Neque
1578 1522 1760 1591 enim
1805 1518 2095 1590 absolute
2119 1525 2184 1588 et
2223 1519 2359 1587 sine
2399 1517 2668 1588 limita-

364 1641 540 1712 tione
586 1639 875 1710 decernit
928 1637 1279 1730 Gregorius
1326 1634 1452 1706 XV
1485 1657 1592 1705 eos
1617 1657 1752 1706 esse
1807 1633 2129 1706 vocandos
2161 1638 2224 1702 et
2259 1631 2656 1716 audiendoS,

365 1763 555 1847 atque
586 1753 1059 1848 expectandum
1092 1773 1319 1824 eorum
1382 1773 1801 1837 consensum,
1847 1749 1959 1821 sed
2011 1769 2166 1820 cum
2215 1747 2336 1816 bac
2379 1745 2658 1836 disjun-

226 1857 235 1868 ’
371 1871 564 1959 ctive,
598 1871 706 1940 vel
732 1869 909 1940 alias
952 1867 1338 1939 Ordinariis
1372 1867 1762 1937 constiterit.

450 1983 772 2071 Secundo,
812 1985 1173 2076 requiritur
1208 2003 1558 2054 consensus
1597 1982 1965 2052 incolarum
2006 1981 2129 2052 loci
2180 2005 2200 2052 ι
2249 2002 2384 2051 non
2429 1987 2662 2050 tamen

358 2121 649 2193 semper3
700 2101 809 2170 sed
863 2101 931 2168 in
1006 2099 1401 2190 quibusdam
1450 2099 1728 2168 casibus.
1799 2096 2056 2167 Etenim
2105 2117 2238 2166 non
2295 2096 2659 2187 requiritur

364 2213 475 2284 ille
496 2233 868 2301 consensus,
890 2213 1016 2281 nisi
1040 2212 1303 2303 quando
1330 2210 1523 2280 nulli
1553 2211 1678 2282 alii
1713 2212 2050 2304 requlares
2077 2210 2174 2280 ibi
2196 2212 2650 2304 reperiuntur.

362 2329 543 2402 Unde
586 2327 834 2420 quoties
884 2330 957 2397 in
1004 2329 1257 2398 civitate
1282 2327 1387 2395 vel
1415 2325 1738 2415 districtu,
1787 2328 1907 2398 ubi
1932 2327 2281 2418 erigendus
2317 2334 2416 2396 est
2441 2349 2660 2397 novus

359 2451 737 2548 conventus,
777 2445 917 2532 jam
966 2448 1212 2511 exstant
1256 2440 1369 2510 alii
1408 2443 1763 2532 regulares,
1813 2465 2073 2514 neeesse
2095 2464 2230 2513 non
2276 2449 2370 2512 est
2401 2442 2660 2512 incola-

358 2578 517 2625 rum
564 2577 951 2626 consensum
1007 2558 1337 2647 requirere
1388 2565 1455 2626 et
1491 2557 1825 2628 adhihere.
1877 2559 2035 2629 ltem
2099 2579 2232 2628 non
2291 2559 2656 2648 requiritur

359 2672 571 2742 dictus
602 2671 963 2760 incolarum
994 2691 1371 2760 consensuS,
1397 2671 1526 2740 nisi
1571 2672 1641 2741 in
1676 2673 2016 2765 hypothesi
2051 2673 2227 2764 quod
2257 2693 2468 2744 novus
2493 2695 2653 2744 con-

360 2793 589 2856 ventus
628 2807 745 2878 per
794 2789 1087 2877 ipsorum
1130 2787 1566 2877 eleemosynas
1611 2786 2065 2858 sustentandus
2119 2789 2229 2868 sit,
2273 2794 2471 2878 prout
2507 2811 2652 2859 ma-

359 2903 666 2971 nifestum
720 2902 963 2971 faciunt
1010 2901 1203 2970 verba
1251 2903 1413 2988 haec,
1471 2925 1566 2970 an
1613 2902 1852 2972 incoloe
1909 2901 2252 2974 duodecim
2303 2904 2651 2996 reliqwsos

358 3017 693 3086 commode
733 3017 907 3087 alere
952 3017 1242 3086 valeant.
1260 3016 1463 3108 ⁸Unde
1509 3019 1761 3107 quoties
1803 3018 1954 3087 novi
2007 3027 2364 3090 conventus
2401 3021 2646 3112 absque

358 3129 721 3204 incolarum
762 3132 1188 3222 eleemosynis
1212 3133 1668 3202 convenienter
1727 3133 2074 3202 sustentari
2115 3135 2332 3204 valent
2363 3137 2640 3228 (quotiae

359 3266 593 3336 nempe
643 3248 998 3317 fundantur
1044 3269 1197 3317 cum
1246 3247 1720 3318 sufficientibus
1766 3247 2176 3341 redditibus),
2227 3273 2640 3344 nequaquam

358 3379 614 3430 necesse
652 3366 747 3428 est
773 3363 1159 3432 intervenire
1210 3362 1577 3432 incolarum
1605 3383 2019 3434 consensum.

454 3475 697 3561 Terti0,
742 3478 1006 3567 parochi
1042 3485 1260 3548 autem
1316 3499 1702 3549 consensum
1749 3477 1992 3549 nullibi
2040 3485 2102 3551 et
2143 3479 2330 3550 nullo
2375 3480 2447 3550 in
2489 3503 2634 3551 essu

356 3591 627 3681 requirit
644 3591 989 3662 decretum
1024 3594 1320 3683 Gregorii
1342 3592 1490 3664 XV.
1541 3593 1684 3663 Non
1719 3596 2000 3686 requirit
2026 3593 2218 3666 illum
2241 3617 2627 3667 consensum

358 3706 425 3773 in
482 3709 816 3796 prooemi0,
884 3707 1001 3775 ubi
1070 3713 1540 3779 commemorat
1589 3709 1783 3778 verbe
1833 3707 2182 3780 Clementis
2233 3711 2294 3780 V
2299 3709 2409 3796 111,
2461 3709 2628 3780 haud

360 3841 592 3912 nempe
613 3822 947 3913 erigendos
972 3843 1173 3893 novos
1205 3831 1582 3913 conventuS,
1625 3825 1758 3894 nisi
1794 3827 2048 3896 vocatis
2082 3839 2146 3895 et
2175 3825 2434 3896 auditis
2465 3825 2630 3896 alio·

359 3957 511 4004 rum
534 3938 869 4028 prioribus
886 3961 997 4008 seu
1010 3941 1582 4032 procuratoribus,
1601 3955 1667 4012 et
1695 3941 1845 4011 aliis
1865 3944 2172 4013 interesse
2198 3943 2624 4012 habentibus:

358 4070 513 4121 nam
540 4053 635 4122 ibi
660 4055 904 4125 dicitur
918 4061 1173 4124 tantum
1202 4078 1337 4126 esse
1358 4057 1686 4128 vocandos
1717 4071 1783 4127 et
1812 4057 2173 4129 audiendos
2187 4079 2218 4143 ,·
2247 4081 2382 4128 non
2413 4067 2620 4128 autem

358 4166 595 4236 dicitur
634 4173 1065 4241 necessarium
1120 4193 1254 4243 esse
1303 4173 1594 4264 ipsorum
1650 4197 2052 4244 consensum.
2131 4173 2446 4244 Praeterea
2491 4178 2619 4265 jem

358 4301 553 4370 supra
581 4283 1024 4374 probavimus,
1059 4287 1235 4358 his‘ce
1270 4289 1540 4358 vocibus
1584 4304 1650 4359 et
1675 4289 1833 4358 aliis
1868 4290 2176 4360 interesse
2199 4290 2616 4372 habentibus,

361 4413 493 4461 non
522 4396 840 4484 designari
862 4403 1199 4488 parochOS,
1238 4404 1347 4474 sed
1376 4416 1642 4475 coeteros
1663 4406 2002 4499 reliqiosos
2049 4409 2352 4478 interesse
2378 4405 2618 4475 haben-
