2834 4959
312 294 439 351 410
882 298 1223 347 TRAGTATUS
1268 298 1347 345 m:
1390 298 1542 347 mne
1587 296 2002 345 manuninu-

306 424 544 516 pando.
589 421 664 491 Id
706 420 966 512 probari
991 420 1153 491 solet
1180 420 1251 491 iu
1284 425 1564 490 tractatu
1603 420 1684 490 de
1721 416 2030 506 Ecclesia,
2073 428 2138 489 et
2179 422 2292 493 hic
2327 424 2648 496 omnino

308 544 553 609 eertum
610 538 1073 628 supponimus.
1135 534 1336 606 Porro
1392 535 1674 607 Ecclesia
1729 554 1848 627 per
1913 535 2106 627 plura
2157 538 2404 608 meula
2470 546 2646 611 tan-

308 672 511 743 quam
558 650 836 721 dominii
882 653 1216 743 incapaces
1262 650 1494 720 habuit
1531 648 1864 740 religiosos
1899 648 2218 740 professos
2265 653 2634 723 variorum

310 764 646 848 ordinum,
704 765 1001 854 quamvis
1050 764 1299 835 interea
1350 763 1676 834 saecularis
1731 767 2010 853 potestas
2065 763 2256 834 illam
2319 764 2630 837 dominii

312 882 805 971 incapacitatem
854 881 925 949 in
960 879 1101 949 istis
1144 878 1466 969 religiosis
1505 898 1638 947 non
1690 883 2091 967 agnosceret.
2133 877 2306 949 Nam
2349 902 2434 949 ex
2481 903 2634 971 quo

310 992 597 1087 Ecclesia
655 995 1045 1087 paupertatis
1096 1000 1321 1063 votum
1375 992 1840 1077 solemnisavit,
1891 991 1960 1062 id
2014 1000 2136 1081 est,
2185 1016 2346 1065 cum
2395 998 2634 1087 possi·

314 1108 508 1179 dendi
555 1109 977 1201 incapacitate
1020 1108 1359 1199 alligatum
1406 1107 1676 1197 agnovit
1713 1106 1912 1199 (quod
1949 1108 2218 1199 quidam
2259 1115 2444 1181 sexto
2489 1112 2632 1181 cir-

314 1228 471 1298 citer
520 1227 755 1299 saeculo
810 1227 1053 1297 factum
1096 1223 1514 1315 existimant),
1569 1228 1880 1315 perpetuo
1929 1224 2222 1295 exstitere
2270 1226 2628 1297 societates

316 1341 563 1437 civiles,
611 1362 891 1431 quarum
926 1342 1101 1431 leges
1141 1346 1208 1409 et
1238 1338 1564 1429 gubernia
1609 1358 1744 1407 non
1787 1338 2000 1429 magis
2043 1360 2246 1429 quam
2281 1340 2630 1411 hodierna

314 1466 533 1531 nostra
576 1457 791 1528 Gallia
830 1457 1163 1547 religiosos
1200 1461 1275 1526 ut
1318 1456 1501 1541 tales,
1543 1461 1656 1524 aut
1701 1476 1932 1525 eorum
1979 1462 2128 1526 mia
2163 1463 2234 1525 ut
2279 1458 2628 1529 solemnia

315 1593 388 1642 ac
433 1574 928 1665 incapacitatem
974 1566 1253 1641 dominii
1298 1569 1701 1657 inducentia,
1751 1577 2170 1661 agnoverunt.
2217 1570 2306 1641 lta
2355 1571 2616 1662 procul

316 1686 517 1757 dubio
562 1710 665 1757 res
700 1708 767 1757 se
806 1686 1051 1757 habent
1084 1686 1256 1779 apud
1288 1684 1618 1768 Sinenses,
1663 1686 1736 1755 in
1785 1685 2008 1757 Africa
2045 1690 2110 1756 et
2127 1684 2438 1779 Hispania
2463 1688 2610 1757 sub

316 1798 789 1873 Saracenorum
828 1801 1145 1872 ditionem
1192 1802 1472 1889 redacta,
1507 1801 1580 1869 in
1617 1800 1899 1887 Perside,
1943 1802 2018 1870 in
2057 1800 2336 1893 AEgypto
2385 1824 2427 1872 a
2461 1800 2622 1873 Ma-

164 1992 175 2000 ,
315 1915 692 1988 humetanis
736 1938 1050 2010 possessa,
1087 1918 1158 1985 in
1206 1916 1443 2008 Anglia
1483 1915 1756 2006 aliisque
1799 1916 2026 1985 multis
2061 1916 2419 1985 ditionibus
2465 1922 2624 2008 post

317 2028 829 2104 Protestantismi
876 2033 1311 2118 invasionem,
1354 2036 1478 2103 etc.
1527 2030 1594 2100 Si
1639 2051 1796 2121 ergo
1829 2030 2233 2102 necessarius
2272 2031 2438 2101 foret
2487 2052 2618 2123 po-

316 2148 558 2215 testatis
586 2147 909 2217 saecularis
936 2166 1257 2229 assensus,
1286 2146 1369 2216 ad
1396 2145 1836 2217 inducendam
1863 2146 2290 2236 inreligiosis
2325 2146 2618 2216 dominii

317 2260 833 2347 incapacitatem,
880 2262 1169 2352 religiosi
1219 2280 1295 2331 ex
1339 2261 1446 2331 his
1485 2259 1868 2351 regionibus
1907 2260 2173 2329 oriundi
2209 2261 2303 2351 (et
2341 2264 2621 2331 'notetur

318 2394 427 2445 eos
450 2375 737 2465 quolibet
758 2380 1053 2467 tempore
1074 2376 1385 2447 exstitisse
1408 2374 1961 2469 quamplurimos)
1990 2396 2141 2445 vere
2169 2376 2450 2468 professi
2477 2396 2618 2447 non

319 2490 613 2576 fuissent,
664 2512 783 2560 nec
818 2512 934 2580 per
958 2498 1183 2563 votum
1224 2512 1420 2561 suum
1455 2492 1848 2583 paupertatis
1875 2490 2195 2561 inhabiles
2233 2491 2313 2561 ad
2353 2492 2616 2561 haben-

320 2600 482 2671 dum
510 2603 881 2675 dominium
910 2606 1283 2677 evasissent.
1316 2606 1459 2677 Imo
1485 2605 1709 2676 nullus
1735 2624 2031 2697 unquam
2060 2606 2130 2675 in
2161 2606 2414 2677 mundo
2443 2606 2610 2675 reli·

326 2716 545 2805 giosus
582 2740 733 2789 vere
774 2721 1097 2812 professus
1124 2728 1189 2791 et
1220 2720 1496 2791 dominii
1541 2722 1808 2811 incapax
1835 2740 1969 2791 esse
2001 2720 2338 2811 potuisset.
2365 2721 2616 2792 Nullus

324 2833 503 2902 enim
525 2840 655 2905 toto
680 2836 807 2905 hoc
828 2837 1223 2910 saeculorum
1247 2842 1462 2909 tractu
1489 2837 1725 2907 exstitit
1749 2835 2117 2927 religiosus,
2138 2838 2286 2927 qui,
2313 2836 2616 2909 absolute

319 2949 670 3041 loquendo,
718 2973 853 3021 non
889 2954 1174 3044 potuerit
1202 2952 1407 3023 haeres
1447 2952 1590 3022 fieri
1626 2950 1906 3041 alimjus
1945 2951 2142 3021 amici
2187 2951 2289 3021 vel
2323 2951 2614 3023 consan-

322 3063 571 3149 guinei,
618 3065 691 3135 in
716 3065 935 3157 aliqua
962 3088 997 3134 e
1036 3065 1359 3158 praedictis
1399 3065 1782 3157 regionibus
1807 3067 2300 3147 commorantis,
2331 3072 2400 3137 et
2421 3068 2617 3137 illius

320 3179 607 3267 regionis
644 3178 901 3271 legibus
936 3179 1205 3251 subditi.
1246 3178 1381 3251 Nec
1416 3184 1772 3271 potuerunt
1797 3178 2120 3271 impedire
2163 3181 2482 3271 religiosi,
2513 3184 2612 3251 sie

321 3292 609 3363 haemdes
654 3294 891 3383 effecti,
944 3317 1029 3365 ne
1076 3296 1251 3387 leges
1312 3296 1652 3367 saeculares
1698 3294 2161 3386 praedictarum
2226 3296 2608 3386 regionum,

324 3406 397 3475 in
424 3405 663 3495 quibus
690 3410 849 3500 ipsis
890 3410 1123 3504 obtigit
1154 3411 1526 3501 hoereditas,
1553 3433 1662 3483 eos
1689 3410 2048 3481 habuerint
2079 3420 2394 3503 tanquam
2421 3434 2616 3484 veros

324 3520 677 3609 bonorum,
740 3524 911 3596 dicto
968 3506 1161 3597 modo
1212 3526 1371 3619 ipsis
1416 3524 1936 3611 obvenientium,
1994 3524 2342 3598 dominos:
2401 3528 2614 3620 siqui·

322 3638 473 3706 dem
515 3639 687 3729 leges
714 3638 867 3728 illae,
918 3662 993 3711 ex
1031 3642 1399 3733 hypothesi,
1445 3642 1526 3711 ad
1571 3642 1860 3732 religiosi
1897 3646 2100 3712 status
2137 3644 2610 3729 conditionem,

324 3770 461 3821 non
498 3754 929 3825 attenderunt.
986 3754 1157 3846 Ergo
1184 3755 1407 3827 nullus
1455 3776 1752 3846 unquam
1791 3758 2028 3828 exstitit
2076 3758 2446 3848 religiosus,
2499 3758 2610 3849 qui

321 3888 456 3936 non
495 3868 687 3939 fuerit
720 3869 1000 3945 dominii
1042 3892 1241 3964 capax
1278 3873 1361 3943 ad
1408 3871 1719 3943 terminos
1759 3872 1922 3962 legis
1969 3872 2293 3945 saecularis
2327 3873 2610 3962 alicujus

236 4032 241 4037 ·
322 3982 632 4073 regionis.
676 3984 851 4077 Ergo
894 3985 951 4055 si
992 3987 1381 4079 incapacitas
1415 3987 1696 4057 dominii
1725 3994 2002 4077 nequeat
2037 3988 2260 4059 induci
2299 3988 2604 4078 indepen-

324 4097 551 4167 denter
594 4120 631 4167 a
702 4102 997 4172 saeculari
1048 4102 1217 4195 lege,
1280 4103 1548 4173 nullum
1597 4124 1894 4193 unquam
1943 4106 2260 4180 ¹exstitisse
2317 4104 2607 4173 solemne

323 4218 543 4284 votum
591 4217 985 4311 paupertatis
1024 4218 1377 4289 dicendum
1425 4218 1591 4303 erit3
1639 4218 1795 4308 quia
1838 4236 2076 4313 nempe
2117 4220 2404 4313 quolibet
2441 4226 2607 4287 tcm-

332 4352 487 4419 pore
526 4334 801 4425 quilibet
850 4338 1191 4430 religiosus
1236 4358 1437 4430 capax
1480 4337 1605 4407 fuit
1645 4338 1922 4410 dominii
1955 4340 2138 4429 juxta
2179 4339 2355 4429 leges
2391 4357 2606 4407 saecu-
