2834 4959
1109 329 1262 378 uns
1306 327 1546 376 mim.
2208 337 2217 346 ·
2350 329 2467 390 361

139 450 436 519 iterum
453 461 675 539 ayant
691 470 844 517 cum
861 451 1162 520 omnihus
1169 450 1412 545 priscis
1434 449 1571 518 suis
1582 451 1857 542 juribus
1876 465 1940 522 et
1948 455 2362 551 privileqz‘is.
2386 503 2478 518 —

147 568 234 632 1⁰
269 564 356 634 ld
383 571 604 654 aperte
627 565 928 654 sequitur
955 587 1031 636 ex
1059 567 1349 636 deductis
1383 568 1513 636 sub
1536 567 1920 660 praecedenti
1963 572 2193 664 eapite.
2228 574 2475 648 Proba-

139 683 324 746 tum
385 699 630 770 nempe
672 683 766 748 est
793 699 901 748 eos
953 701 1070 772 per
1094 680 1559 774 dispersionem
1603 680 1773 752 nihil
1800 683 1975 772 juris
2002 688 2319 758 amisisse.
2352 691 2477 763 Sed

141 798 332 862 ante
371 792 845 884 dispersionem
897 797 1006 886 jus
1033 796 1360 868 hebebant
1384 798 1470 866 in
1506 803 1825 868 conventu
1855 821 1995 888 suo,
2029 807 2251 894 utpote
2279 826 2479 877 cano·-

153 909 336 978 nice
357 915 568 976 erecto
597 914 660 977 et
695 908 993 1000 fundato,
1023 911 1325 1002 degendi,
1353 918 1416 981 et
1460 913 1778 982 concessis
1806 914 2095 986 instituto
2124 941 2244 988 suo
2268 920 2473 1010 privi-

146 1021 380 1113 legiis
415 1022 678 1092 fruendi
711 1047 730 1093 ε
771 1044 926 1114 ergo
955 1030 1019 1094 et
1061 1028 1172 1116 jus
1211 1028 1386 1096 idem
1432 1049 1469 1096 e
1516 1027 1912 1118 dispersione
1962 1031 2227 1102 reduces
2263 1034 2475 1106 adbuc

153 1138 429 1208 hahere
471 1139 774 1208 censendi
803 1146 981 1210 sunt.
1031 1141 1100 1209 2⁰
1151 1141 1465 1232 Sequitur
1511 1143 1803 1235 insuper,
1854 1151 1918 1213 et
1941 1146 2205 1236 quidem
2252 1172 2289 1218 a
2336 1151 2473 1220 l'or-

151 1255 364 1340 tiori,
417 1275 494 1323 ex
535 1256 950 1344 sequentibus
1006 1257 1455 1349 paragraphiS,
1514 1257 1632 1327 ubi
1679 1261 1791 1349 Jus
1855 1259 2011 1351 ipsis
2065 1263 2472 1334 vindicamus

172 1389 403 1438 novas
458 1370 646 1438 etiam
691 1371 858 1440 aedes
907 1371 1030 1440 sibi
1081 1373 1503 1465 comparandi
1540 1374 1610 1442 in
1658 1373 1881 1443 eadem
1937 1375 2216 1463 civitate,
2272 1381 2326 1448 si
2350 1401 2473 1450 an-

161 1483 386 1574 tiquae
471 1483 710 1573 injuste
795 1484 1229 1571 detineantur,
1303 1487 1403 1557 vel
1466 1509 1505 1556 a
1561 1487 1707 1557 sede
1776 1487 2149 1578 Apostolica
2225 1491 2472 1563 fuerint

163 1599 500 1670 alienatae.

264 1715 658 1786 Psoi-oswio
685 1717 785 1786 11⁸.
815 1755 904 1772 —·-
941 1719 1026 1788 Si
1057 1729 1416 1788 conventus
1464 1718 1791 1810 dispersus
1839 1743 1975 1790 non
2028 1723 2469 1793 constituebat

165 1844 396 1902 totam
419 1834 1030 1925 conqreqationem,
1065 1835 1181 1903 sed
1192 1848 1459 1928 partem
1496 1833 1837 1904 duntaxat
1875 1837 2161 1927 alicujus
2190 1861 2465 1929 conqre-

165 1949 484 2040 qationis
503 1949 832 2040 reliqiosoe
851 1950 1188 2041 (pluribus
1204 1939 1448 2019 scilicet
1466 1931 1898 2018 'conventibus
1922 1962 2042 2018 aut
2065 1951 2265 2018 etiam
2295 1974 2462 2042 pro-

174 2062 424 2132 vinciis
469 2063 827 2155 conflatoe),
857 2076 1138 2156 possunt
1181 2064 1384 2155 hujus
1430 2063 1956 2154 conqreqationis
1994 2064 2305 2154 proelati,
2339 2064 2470 2133 sive

167 2181 497 2271 ipsosmet
515 2179 858 2272 reliqiosos
873 2180 995 2272 qui
1020 2180 1300 2272 dispersi
1308 2180 1613 2270 fuerant,
1634 2180 1765 2248 sive
1780 2178 1947 2247 alios
1970 2179 2039 2248 in
2054 2190 2467 2270 reassumpto

183 2306 527 2364 conventu
547 2296 960 2365 constituere.
977 2333 1070 2348 —
1085 2295 1250 2366 Nam
1271 2297 1533 2386 quando
1552 2295 1792 2364 alicubi
1814 2295 2209 2383 regularium
2233 2294 2469 2363 domus

181 2411 504 2480 canonice
529 2411 825 2500 erigitur,
853 2411 1114 2480 licentia
1139 2416 1200 2478 et
1221 2413 1332 2502 jus
1362 2409 1457 2479 ibi
1488 2408 2001 2481 conventualiter
2028 2409 2307 2500 degendi
2334 2431 2467 2479 non

171 2527 373 2596 datur
389 2525 722 2617 aliquibus
741 2526 1057 2617 religiosis
1081 2533 1404 2618 quatenus
1428 2527 1810 2612 individuis,
1837 2527 1945 2596 sed
1971 2526 2233 2617 ipsimet
2254 2526 2469 2595 ordini

169 2641 514 2732 religioso,
545 2647 862 2731 quatenus
890 2662 1231 2733 personam
1261 2641 1575 2709 moralem
1606 2641 1934 2709 efficienti.
1962 2639 2149 2711 Unde
2165 2644 2277 2731 jus
2305 2641 2468 2710 illud

175 2757 428 2826 residet
459 2779 650 2846 penes
696 2778 826 2842 eos„
884 2759 998 2847 qui
1039 2759 1222 2847 juxta
1269 2753 1550 2824 instituti
1601 2754 1938 2843 approbati
1988 2759 2310 2840 tenorem,
2361 2777 2470 2823 su-

175 2891 484 2962 premam
529 2875 820 2940 exercent
882 2871 952 2940 in
1000 2869 1499 2961 congregatione
1549 2865 2035 2948 auctoritatem3
2088 2871 2249 2956 puta
2276 2885 2469 2954 penes

153 2975 602 3078 'praepositum
644 2987 1037 3075 generalem,
1092 2987 1226 3056 sive
1277 2985 1517 3067 solum,
1571 2981 1703 3051 sive
1752 2999 1907 3048 cum
1964 2999 2227 3046 assensu
2278 3000 2471 3069 gene-

172 3101 336 3172 ralis
386 3102 654 3194 capituli
689 3125 707 3170 ε
747 3108 810 3171 et
836 3103 1032 3170 etiam
1066 3121 1264 3192 penes
1292 3119 1398 3168 eos
1436 3097 1679 3188 quibus
1716 3096 1823 3187 jus
1850 3093 2012 3164 illud
2056 3092 2245 3161 suita
2298 3095 2467 3163 dicta

171 3239 487 3312 suprema
543 3218 915 3288 auctoritate
964 3216 1372 3312 delegatum3
1451 3218 1632 3305 puta,
1712 3231 1907 3302 penes
1975 3207 2463 3300 provincialem,

175 3334 451 3404 relative
476 3335 558 3404 ad
586 3335 936 3427 provinciae
981 3355 1113 3405 suae
1138 3338 1523 3404 conventus.
1556 3329 1869 3410 Proinde,
1928 3329 2096 3398 sicut
2150 3334 2297 3398 ante
2342 3325 2469 3396 dis-

175 3449 550 3540 persionem
627 3455 918 3542 poterant
981 3450 1031 3518 ii
1082 3447 1329 3542 proelati
1381 3445 1717 3536 religiosos
1774 3443 2052 3532 alicujus
2112 3449 2469 3512 conventus

174 3586 414 3634 omnes
437 3566 566 3634 alio
609 3567 888 3651 mittere,
938 3570 1000 3633 et
1042 3564 1200 3633 alios
1255 3564 1555 3654 ipsorum
1613 3561 1756 3629 loco
1808 3557 2217 3642 substituere,
2272 3557 2359 3624 ita
2402 3557 2471 3625 id

173 3687 454 3772 possunt
489 3687 631 3774 post
674 3681 1164 3773 dispersionem.
1213 3677 1298 3748 Et
1352 3681 1463 3767 jus
1532 3675 1697 3745 illud
1754 3695 1955 3745 novos
2006 3671 2341 3760 religiosos
2396 3671 2469 3740 in

176 3801 510 3866 conventu
610 3801 1010 3887 reassumpto
1077 3791 1541 3878 constituendi,
1649 3810 1980 3861 remanere
2070 3787 2469 3857 censendum

183 3919 308 3991 est,
341 3909 534 3978 etiam
581 3912 636 3980 si
667 3910 950 3980 obierint
973 3930 1198 3980 omnes
1227 3909 1543 4001 religiosi,
1576 3907 1793 4000 quiin
1821 3928 1897 3976 eo
1933 3908 2259 3975 conventu
2284 3907 2471 3970 antea

185 4021 536 4113 degebant.
585 4025 752 4107 Quia
801 4047 1038 4118 nempe
1086 4025 1196 4118 jus
1242 4025 1336 4094 ibi
1392 4020 1903 4094 conventualiter
1938 4018 2279 4104 existendi,
2340 4037 2467 4086 non

177 4139 580 4232 acquisitum
628 4149 765 4213 erat
821 4141 1011 4212 certis
1049 4140 1380 4232 aliquibus
1433 4138 1815 4236 individuis,
1871 4135 1979 4206 sed
2030 4133 2339 4205 omnibus
2394 4133 2467 4202 in

181 4265 578 4349 perpetuum
627 4258 968 4349 religiosis,
1014 4259 1128 4352 qui
1174 4279 1212 4330 a
1258 4257 1400 4329 suis
1452 4253 1727 4349 praelatis
1776 4251 2069 4343 legitime
2122 4272 2200 4320 eo
2253 4249 2465 4318 mitte-

175 4383 426 4448 rentur.
481 4377 696 4469 Unde,
745 4377 1008 4473 quando
1054 4378 1400 4469 religiosus
1464 4377 1622 4449 ordo
1658 4375 1741 4446 de
1801 4373 1884 4442 iis
1924 4377 2043 4460 est,
2084 4370 2199 4459 qui
2246 4371 2469 4461 plures
