2834 4959
1096 344 1247 393 raas
1290 348 1529 397 mm.
2326 350 2440 408 321

264 460 373 531 Ν.
410 453 753 541 Quomodo
784 456 1153 548 privileqia
1191 460 1536 530 Ter-ciariis
1561 462 1946 533 mulieribus
1967 470 2322 558 sejunctim
2353 480 2448 544 vi-

176 572 473 645 ventibus
492 595 535 640 a
555 574 767 639 Leone
800 571 873 637 X
890 592 1209 658 concessa,
1237 586 1472 664 postea
1492 577 1760 665 fuerint
1784 601 1829 645 a
1847 584 2126 651 summis
2151 587 2448 677 Pontifi-

174 690 343 759 cibus
395 686 723 756 restricta.
758 723 847 736 —
895 709 931 753 α
966 684 1201 757 Leonis
1244 689 1311 757 X
1360 692 1728 760 constitutio
1769 694 1852 761 ad
1897 702 2098 766 certos
2137 704 2450 788 quosdam

178 832 208 873 α
234 803 478 874 limites
518 800 774 869 redacta
808 799 939 869 suit
958 822 997 869 a
1022 804 1297 872 summis
1325 802 1776 891 Pontificibus,
1827 810 1944 898 qui
1971 808 2206 883 deinde
2229 818 2444 887 sedem

180 948 217 988 α
244 917 681 1010 Apostolicam
707 922 1073 987 tenuerunt.
1109 918 1279 989 Cum
1304 918 1407 989 hae
1431 921 1736 991 mulieres
1761 945 1986 995 revera
2011 949 2143 999 non
2170 932 2448 1003 habean-

186 1060 221 1099 (ι
251 1046 359 1103 tur
376 1033 731 1124 regulares,
752 1053 828 1101 eo
852 1033 1027 1123 quod
1051 1033 1259 1103 tribus
1285 1037 1875 1109 votis.solemnibus
1897 1062 2030 1111 non
2048 1044 2452 1139 adstringan-

184 1176 219 1217 α
246 1158 379 1237 tur,
410 1147 553 1217 ideo
576 1168 706 1216 non
731 1152 1075 1217 censentur
1093 1148 1426 1221 immunes
1457 1152 1597 1223 ullo
1613 1154 1804 1225 modo
1821 1156 1904 1225 ab
1919 1156 2220 1251 Episcopi
2244 1162 2450 1233 facul-

189 1291 223 1331 α
253 1270 449 1333 tate.»
484 1262 889 1353 (Benedictus
916 1262 1097 1353 XIV,
1116 1266 1580 1337 Institutiones
1606 1269 2079 1361 ecclesiasticae,
2106 1278 2256 1347 inst.
2293 1281 2450 1367 105,

185 1404 255 1448 n.
312 1378 449 1468 68.)
492 1378 723 1449 Varias
750 1376 1089 1471 subjungit
1134 1379 1522 1451 Benedictus
1563 1382 1720 1453 XIV
1766 1384 2110 1459 Sacrarum
2163 1392 2450 1487 Congre-

182 1496 512 1584 gationum
548 1492 1035 1577 declarationes»,
1082 1514 1159 1563 ex
1197 1494 1442 1585 quibus
1476 1496 1614 1567 haec
1642 1499 2088 1573 concludenda
2132 1510 2402 1581 veniunt
2432 1540 2448 1581 :

182 1612 243 1677 1⁰
296 1610 481 1678 dictae
542 1606 899 1691 Tertiariae‚
978 1627 1110 1676 non
1184 1608 1473 1679 obstante
1545 1614 2002 1687 constitutione
2055 1618 2292 1693 Leonis
2359 1626 2448 1715 X,

176 1730 513 1795 remanent
576 1722 1073 1793 ordinariorum
1128 1722 1574 1815 jurisdictioni
1651 1728 1975 1819 subjectae.
2059 1734 2128 1801 2⁰
2195 1736 2281 1807 Ut
2353 1764 2451 1811 re-

178 1841 437 1930 gulares
514 1838 753 1928 possint
828 1840 1119 1931 ipsarum
1195 1839 1624 1911 confessiones
1699 1843 1948 1929 audire,
2021 1867 2152 1917 non
2215 1854 2456 1925 sufficit

180 1976 295 2025 eos
362 1954 726 2045 approbatos
778 1974 915 2023 esse
984 1955 1069 2023 ad
1118 1954 1472 2025 audiendas
1535 1956 1964 2029 confessiones
2015 1963 2448 2053 regularium,

178 2068 291 2137 sed
356 2067 692 2161 approbari
742 2069 825 2139 ab
890 2068 1207 2160 Episcopo
1257 2069 1496 2139 debent
1557 2093 1674 2162 pro
1733 2073 2142 2145 saecularium
2201 2083 2452 2153 confes-

176 2184 486 2255 sionibus,
552 2184 614 2253 3⁰
677 2181 1007 2253 Tenentur
1044 2185 1367 2277 ejusmodi
1422 2184 1778 2279 Tertiarioe,
1837 2190 2003 2260 sicut
2065 2201 2128 2261 et
2177 2196 2286 2265 alii
2339 2220 2454 2288 pa-

176 2301 495 2390 rochiani,
562 2301 1099 2370 communionem
1136 2302 1233 2369 ·in
1293 2298 1598 2373 Paschate
1647 2303 1720 2373 in
1769 2305 2034 2377 ecclesia
2099 2313 2452 2401 parochiali

176 2420 479 2510 recipere,
525 2436 645 2485 nec
678 2419 951 2507 possunt
973 2417 1299 2505 regulares
1330 2416 1397 2485 in
1429 2419 1564 2488 suis
1597 2420 1884 2491 ecclesiis
1913 2429 2446 2499 communionem

172 2534 268 2603 eis
318 2532 599 2625 praebere
653 2529 756 2601 die
821 2530 1334 2602 Resurrectionis
1391 2532 1770 2605 Dominicae.
1835 2537 1902 2604 4ο
1955 2538 2303 2631 Nequeunt
2355 2568 2453 2617 re-

176 2646 431 2737 gulares
478 2646 635 2741 ipsis
684 2648 995 2717 viaticum
1043 2654 1106 2715 et
1176 2652 1532 2715 extremam
1591 2652 1966 2720 unctionem
2051 2658 2444 2739 ministrare.

182 2766 252 2831 5⁰
290 2760 507 2843 Quoad
550 2760 951 2854 sepulturam
978 2761 1133 2851 ipsis
1168 2760 1403 2853 pariter
1437 2760 1902 2852 applicandum
1925 2768 2040 2853 jus
2068 2790 2446 2854 commune,

178 2886 437 2949 caeteros
460 2879 881 2971 parochianos
904 2878 1243 2947 saeculares
1270 2877 1640 2968 respiciens,

259 2992 586 3087 Equidem
630 2992 1019 3062 Benedictus
1062 2990 1241 3075 Xlll,
1293 2989 1748 3061 constitutione
1793 2996 2188 3085 pretiosiuS,
2253 3002 2454 3091 privi-

178 3108 341 3199 legia
364 3108 527 3201 ipsis
562 3108 775 3177 denuo
802 3112 1223 3195 concesserat.
1264 3104 1392 3177 Sed
1439 3106 1598 3176 huie
1641 3111 2086 3181 constitutioni
2121 3113 2452 3205 derogavit

176 3222 478 3293 Clemens
502 3220 649 3313 xil,
688 3230 751 3291 et
776 3244 917 3291 rem
940 3226 1139 3291 totam
1174 3224 1247 3289 in
1280 3243 1434 3289 eum
1465 3228 1705 3291 statum
1729 3226 2029 3307 restituit,
2059 3226 2132 3296 in
2159 3251 2288 3320 quo
2317 3240 2451 3301 erat

178 3346 327 3407 ante
356 3338 607 3409 bullam
630 3337 998 3425 Pretiosius
1028 3337 1201 3429 (vide
1230 3338 1489 3407 citatam
1513 3338 2016 3411 institutionem
2047 3345 2198 3433 105,
2227 3370 2296 3417 n.
2335 3350 2444 3432 71,

178 3448 507 3525 Benedicti
534 3454 733 3547 xlv).

262 3572 347 3645 V.
398 3572 834 3655 Concluditur
870 3569 1263 3641 hodiernum
1291 3573 1413 3663 jus
1452 3592 1796 3643 commune
1833 3576 2060 3665 quoad
2091 3580 2452 3649 Tertiarias

172 3691 530 3780 sejunctim
581 3688 897 3757 vivente&
954 3724 1045 3739 --
1096 3684 1533 3777 Exposuimus
1587 3709 1892 3779 quaenam
1945 3690 2138 3759 fuerit
2194 3695 2448 3783 piarum

175 3804 495 3891 ejusmodi
537 3803 929 3873 feminarum
976 3800 1285 3871 canonica
1332 3800 1644 3886 conditio,
1693 3804 1866 3874 circa
1906 3811 2200 3897 tempora
2242 3810 2450 3879 Bene-

174 3914 331 3987 dicti
375 3914 555 3989 XW.
607 3914 813 3986 Porro
858 3916 941 3985 ab
995 3917 1121 3986 hoc
1171 3922 1462 4008 tempore
1513 3938 1645 3985 non
1703 3923 1864 4009 puto
1915 3920 2084 4011 ipsas
2137 3919 2334 3991 fuisse
2379 3926 2450 3993 in

174 4033 460 4124 antiquis
502 4032 639 4101 suis
666 4030 1049 4123 privilegiis,
1080 4030 1367 4121 generali
1412 4031 1643 4101 saltem
1687 4030 1854 4123 lege,
1884 4035 2235 4104 restitutas.
2269 4037 2452 4120 Quod

175 4148 225 4215 si
265 4156 515 4237 tamen,
547 4150 648 4218 vel
673 4147 1007 4228 omnibus,
1048 4146 1153 4215 vel
1178 4146 1535 4237 aliquibus,
1593 4148 1857 4239 aliquod
1901 4151 2221 4239 ejusmodi
2256 4155 2456 4244 privi-

177 4256 425 4351 legium
480 4262 949 4334 recentioribus
996 4262 1394 4354 temporibus
1453 4282 1836 4331 concessum
1886 4262 2102 4351 fuerit,
2162 4265 2454 4357 ipsarum

175 4382 287 4461 est,
316 4386 383 4448 et
408 4379 827 4470 superiorum
870 4376 1275 4469 regularium
1325 4398 1609 4469 quorum
1660 4377 1916 4461 tertiam
1953 4380 2248 4473 regulam
2299 4408 2450 4477 pro-

420 4500 469 4555 1.
2103 4504 2173 4551 ει
