2834 4959
359 395 370 405 ἱ
430 322 554 378 150
987 327 1326 376 TRAGTATUS
1363 329 1444 376 lm
1488 329 1636 376 sumt
1682 327 2101 376 REGULAMUM.

429 479 466 519 α
511 473 667 520 rum
692 467 816 519 aut
838 451 1186 518 domorum
1205 461 1422 534 erant,
1452 427 1797 518 uendentes
1825 449 2198 542 offerebant
2222 448 2447 530 pretia
2465 473 2700 523 eorum
2793 513 2794 518 ,

436 594 469 632 α
515 590 663 660 quoe
689 547 1080 652 vendebant,
1109 577 1174 633 et
1191 565 1536 658 ponebant
1562 577 1717 634 ante
1736 564 1933 657 pedes
1962 563 2461 657 Apostolorum.
2500 567 2707 636 Divi-
2793 549 2794 596 7

435 710 470 751 «
515 682 791 752 debatur
809 694 1034 751 autem
1047 671 1336 773 sinqulis
1353 693 1557 773 prout
1574 681 1803 772 cuique
1814 702 1983 771 opus
1995 690 2161 748 erat.
2184 679 2386 766 Talis,
2402 679 2701 770 inquam,

435 823 472 864 (ι
519 807 652 867 erat
677 804 835 866 tunc
861 799 1074 866 omnis
1100 797 1410 884 Ecclesia,
1437 797 1659 886 quales
1687 815 1867 864 nunc
1895 816 2255 887 perpaucos
2282 795 2355 862 in
2392 796 2707 866 coenobiis

409 939 473 982 ··«
515 913 810 983 invenire
833 913 1095 982 difficile
1117 921 1231 982 est.
1263 939 1298 980 n
1335 911 1663 982 Adversus
1680 912 1852 981 hanc
1883 911 2054 978 inter
2080 909 2433 1008 monachos
2458 907 2703 1003 AEgyp-
2793 915 2794 1000 ξ

427 1033 626 1101 tiacos
664 1035 986 1120 receptam
1020 1029 1255 1099 saeculo
1277 1035 1507 1121 quarto
1546 1028 1626 1096 de
1658 1031 1858 1096 status
1885 1027 1987 1094 sui
2028 1027 2282 1116 origine
2324 1027 2701 1095 sententiam

429 1146 659 1241 oincit
682 1144 1146 1215 Thomassinus
1191 1145 1282 1238 (1)
1330 1167 1463 1214 non
1490 1145 1643 1212 satis
1684 1165 1751 1211 se
1796 1139 2014 1210 videre
2076 1165 2113 1206 ι(
2152 1139 2330 1209 unde
2366 1147 2701 1232 suppetere
2793 1123 2794 1178 f

439 1286 475 1328 ι(
513 1268 772 1356 possent
801 1261 1101 1332 Cassiano
1127 1261 1330 1331 solida
1364 1263 1775 1350 argumenta,
1810 1256 2051 1348 quibus
2085 1255 2427 1325 conficeret
2457 1258 2697 1347 primos

441 1403 476 1444 α
501 1353 806 1447 Ecclesiae
823 1376 1421 1468 Hierosolymitanae
1438 1375 1681 1461 fideles,
1704 1381 1839 1443 tam
1858 1375 2167 1468 conJ‘ugia
2188 1393 2387 1464 quam
2406 1375 2703 1465 patrimo-

445 1521 479 1560 «
509 1495 618 1562 nia
649 1493 1039 1584 repudiasse.
1091 1519 1128 1558 »
1160 1493 1412 1562 Verum
1456 1491 1660 1560 facilis
1691 1491 1949 1560 videtur
1982 1513 2058 1560 ex
2098 1489 2435 1582 ‘Alphonso
2468 1487 2705 1560 Salme-

434 1621 594 1670 rone
621 1600 701 1668 ad
724 1600 893 1668 hanc
921 1598 1350 1690 obJectionem
1373 1597 1702 1689 responsio
1714 1599 1805 1690 (2)
1826 1622 1845 1666 z
1878 1621 1915 1666 et
1934 1597 2005 1668 Si
2022 1598 2179 1666 tales
2202 1597 2520 1687 conjugati
2544 1619 2711 1688 opus

445 1741 480 1780 ι(
505 1718 932 1807 generationis
976 1724 1039 1784 et
1088 1717 1545 1808 procreationis
1598 1715 1958 1783 liberorum
1992 1713 2113 1782 sibi
2162 1735 2292 1781 non
2323 1713 2705 1802 adimerent,

444 1848 478 1888 α
506 1823 774 1891 stultum
803 1829 938 1892 erat
957 1830 1020 1890 et
1044 1830 1264 1893 contra
1287 1845 1555 1892 omnem
1580 1822 1895 1891 rationem
1922 1820 2255 1888 facultates
2284 1843 2429 1888 suas
2459 1823 2529 1889 in
2554 1843 2707 1914 pau-

419 1939 480 2003 ⁸«
509 1959 686 2027 peres
735 1939 1141 2020 distribuere,
1181 1961 1342 2027 quas
1383 1940 1537 2026 jure
1582 1943 1825 2005 naturae
1872 1957 2125 2004 servare
2168 1937 2591 2028 cogebantur,
2634 1943 2701 2004 ut

445 2078 482 2118 α
503 2054 655 2121 filiis
683 2053 987 2123 alimenta
1021 2055 1462 2143 relinquerent
1499 2060 1563 2120 et
1586 2060 1660 2122 ut
1684 2053 1853 2120 filias
1880 2053 2024 2120 dote
2046 2053 2193 2121 data
2217 2054 2484 2122 honeste
2514 2051 2702 2120 collo-

445 2192 482 2232 α
511 2187 656 2234 care
684 2176 993 2258 ‘possent3
1043 2189 1256 2258 neque
1296 2167 1647 2236 verisimile
1692 2175 1787 2237 est
1842 2167 2179 2258 Apostolos
2230 2167 2594 2256 permisisse
2642 2175 2707 2234 ut

447 2305 482 2346 α
509 2281 894 2352 substantias
913 2305 1058 2352 suas
1076 2282 1440 2351 dividerent
1460 2289 1523 2350 et
1543 2281 1622 2350 ad
1642 2283 1833 2373 pedes
1852 2303 2000 2352 suos
2019 2288 2353 2376 ponerent.
2380 2305 2415 2344 ι»
2448 2279 2707 2350 Gravio-

437 2415 578 2466 rem
633 2399 935 2466 nonnulli
986 2398 1427 2467 difficultatem
1481 2399 1551 2466 in
1604 2419 1679 2467 eo
1732 2399 2007 2490 positam
2064 2395 2478 2478 arbitrantur,
2544 2395 2700 2486 quod

441 2510 786 2588 Piammon
832 2514 1029 2582 abbas
1063 2514 1257 2583 verba
1302 2513 1368 2583 S.
1399 2513 1594 2582 Lucae
1631 2512 1710 2582 de
1750 2512 2061 2582 omuibus
2100 2513 2458 2581 universim
2492 2509 2705 2604 primis

440 2622 740 2696 fidelibus
785 2625 1332 2722 Jerosolymitanis
1372 2625 1755 2697 intellexisse
1792 2628 2085 2697 videatur
2116 2634 2227 2696 aut
2257 2629 2483 2696 saltem
2512 2627 2697 2695 videri

443 2743 680 2832 possit;
723 2746 812 2811 ita
847 2752 922 2812 ut
951 2745 1072 2812 hoc
1118 2749 1330 2836 potius
1358 2766 1435 2814 ex
1478 2743 1686 2836 capite
1714 2744 1929 2834 aliqua
1972 2742 2369 2812 correctione
2406 2742 2700 2832 indigeat.

447 2857 632 2930 Hanc
679 2862 1044 2952 suppeditat
1071 2861 1312 2946 EstiuS,
1355 2870 1548 2954 caput
1573 2867 1883 2950 quartum
1928 2860 2219 2929 Actuum
2266 2858 2702 2950 Apostolorum

445 2982 925 3064 commentatum
977 2977 1117 3062 ubi,
1161 2963 1479 3068 posquam
1526 2976 1974 3065 probabilibus
2025 2974 2383 3044 rationibus
2430 2973 2624 3042 suasit
2644 2989 2707 3035 ea

447 3111 594 3181 quae
633 3111 670 3161 a
713 3091 780 3162 S.
830 3093 1262 3183 Evangelista,
1307 3093 1781 3164 universalibus
1824 3091 1976 3161 licet
2014 3091 2335 3179 terminis„
2389 3089 2703 3162 dicuntur,

449 3227 584 3276 non
624 3208 994 3298 accipienda
1035 3229 1170 3277 esse
1213 3208 1294 3276 de
1344 3213 1474 3276 tota
1517 3213 1757 3298 quanta
1793 3210 1927 3278 erat
1976 3204 2257 3275 Ecclesia
2308 3203 2705 3296 Jerosolymi·

449 3325 625 3406 tana,
673 3322 783 3390 sed
831 3323 909 3392 de
952 3344 1191 3413 magno
1235 3328 1491 3391 tantum
1544 3320 1836 3389 fidelium
1885 3341 2203 3406 numero,
2259 3320 2407 3391 dein
2454 3321 2705 3411 subjun-

451 3437 547 3528 git
581 3433 672 3528 (3)
715 3460 733 3504 :
773 3461 810 3502 n
847 3438 1258 3510 Manifestum
1287 3439 1486 3508 etiam
1531 3437 1705 3528 quod
1742 3436 1861 3526 qui
1896 3433 2250 3505 Christiani
2294 3437 2561 3522 fiebant,
2590 3451 2701 3503 non

459 3551 914 3642 «jubebantur
971 3554 1192 3623 omnia
1253 3576 1371 3624 sua
1428 3553 1793 3641 relinquere
1838 3557 1901 3618 et
1957 3551 2243 3640 pretium
2286 3568 2521 3619 rerum
2570 3563 2707 3616 con-
2793 3589 2794 3622 2

461 3693 497 3734 ι(
524 3669 688 3736 ferre
711 3670 782 3736 in
805 3689 1185 3753 commune;
1213 3668 1368 3761 quia
1392 3668 1621 3737 Petrus
1644 3666 1804 3736 dicit
1828 3665 2104 3735 Ananiae
2134 3689 2153 3734 t
2184 3668 2426 3738 Nonne
2452 3677 2703 3733 manens
2793 3675 2794 3734 ἶ

460 3813 494 3855 α
525 3783 651 3857 tibi
671 3785 1011 3871 manebat,
1044 3797 1108 3854 et
1138 3783 1617 3855 venumdatum
1656 3781 1732 3851 in
1772 3792 1891 3850 tua
1924 3795 2069 3851 erat
2091 3784 2473 3873 potestate?
2501 3780 2565 3848 id
2592 3779 2704 3858 est,
2793 3779 2794 3828 ἐ

523 4147 592 4209 (1)
610 4146 709 4210 Op.
733 4151 819 4198 cit.
845 4149 981 4211 part.
1023 4151 1068 4208 1,
1089 4146 1173 4198 lib.
1207 4147 1258 4209 3,
1277 4159 1386 4212 cap.
1415 4151 1492 4208 12,
1514 4161 1657 4201 num.
1686 4152 1765 4212 lo,
1792 4161 1909 4213 pag.
1942 4147 2056 4200 685-
2793 4187 2794 4208 1

523 4239 593 4301 (2)
619 4235 889 4289 Commenc.
915 4239 970 4288 in
989 4240 1187 4303 Evanq.
1214 4238 1343 4288 His-t.
1364 4239 1414 4288 et
1432 4239 1541 4292 Act.
1574 4240 1913 4305 Apost.,tom.
1939 4242 2018 4299 12,
2036 4235 2184 4288 tract.
2220 4236 2293 4296 19,
2322 4243 2439 4298 pag.
2476 4232 2581 4290 121.
2601 4223 2705 4278 edit,

456 4327 632 4378 colon.
669 4329 810 4378 1604.
1582 4338 1589 4349 ·

515 4417 576 4478 (3)
595 4415 688 4478 Op.
719 4415 825 4474 cit„
849 4411 954 4464 Act.
987 4426 1055 4478 iv,
1082 4417 1161 4477 32,
1195 4429 1306 4480 pag.
1335 4419 1429 4469 5⁷8
1462 4421 1515 4468 et
1539 4420 1654 4469 579.
