2834 4959
1026 371 1178 420 uns
1219 373 1479 430 omnm.
1868 393 1879 408 ·
2277 369 2389 428 591

203 499 582 568 ΡιιοΡοειιΊο
611 493 839 562 XXIV
865 504 910 560 ⁸.
960 531 1050 559 -.-
1073 495 1153 563 Si
1179 495 1563 584 eqrediatur
1610 497 1899 564 novitius
1948 513 2103 565 ante
2148 501 2400 589 profes-

112 616 386 699 sionem,
412 609 682 680 reseitui
710 607 842 699 apsi
866 607 1097 676 debent
1118 610 1346 676 omnia
1363 633 1511 698 quae
1534 633 1657 676 sua
1685 623 1903 694 erant,
1936 613 2137 680 etiam
2162 636 2237 681 ea
2255 635 2401 705 quoe

117 732 338 801 debita
360 732 590 819 forma
617 725 980 794 conventui
1017 723 1307 793 dederat.
1342 763 1433 778 —
1458 725 1761 815 Seqmtur
1788 749 1862 794 ex
1901 729 2109 796 verbis
2132 727 2403 797 Triden-

118 848 242 914 tini
271 842 531 928 decreti,
570 839 692 909 sub
741 839 1178 930 propositione
1231 842 1261 907 1
1321 841 1711 932 transcripti.
1754 840 1832 909 Et
1870 849 2129 911 notetur
2176 847 2405 914 tradita

63 1015 74 1028 .
123 959 456 1050 Episcopis
475 961 746 1046 potestas
769 961 1169 1024 conventum
1190 956 1271 1024 ad
1300 956 1365 1024 id
1397 955 1829 1047 compellendi
1862 958 2061 1026 etiam
2093 981 2213 1049 per
2242 982 2401 1029 cen·-

121 1097 342 1156 suras;
369 1095 514 1162 quae
537 1071 864 1162 dispositio
901 1077 1226 1161 exemptos
1253 1073 1447 1140 etiam
1482 1073 1809 1163 regulares
1844 1075 2130 1163 attingit.

213 1188 656 1258 Nihilominus
703 1187 942 1254 novitio
971 1186 1330 1275 egredienti
1369 1209 1503 1256 non
1532 1209 1669 1257 esse
1694 1189 2207 1280 relinquendum
2242 1191 2401 1258 reli-

129 1306 342 1396 gionis
386 1303 715 1388 habitum,
767 1303 877 1370 sed
940 1302 1410 1371 restituendum
1458 1305 1633 1372 illius
1682 1305 1993 1396 pretium,
2029 1327 2065 1372 a
2131 1304 2203 1375 S.
2240 1306 2404 1374 Con-

132 1422 502 1512 gregatione
541 1417 820 1488 Concilii·
857 1418 1153 1487 decisum
1207 1417 1429 1505 fuisse,
1480 1421 1623 1489 vide
1667 1421 1841 1512 apud
1892 1421 2181 1490 Ferraris
2230 1421 2406 1512 (voce

131 1537 541 1618 NovitiatuS,
571 1558 640 1602 n.
677 1534 816 1620 68).

221 1651 590 1720 Pnorosmo
619 1647 856 1718 XXV⁸.
887 1687 980 1702 —-—
1010 1649 1318 1721 Novitius
1355 1649 1692 1740 eqrediens
1722 1640 1983 1719 t'enetur
2011 1650 2263 1718 solvere
2293 1673 2405 1718 esc·

121 1788 365 1858 pensas
375 1789 508 1856 pro
535 1766 676 1856 ipso
686 1766 906 1853 factas
937 1785 980 1830 a
1007 1766 1435 1850 monasterio,
1467 1765 1527 1832 si
1552 1763 1630 1831 de
1652 1765 1772 1832 hoe
1794 1764 2225 1834 intervenerit
2239 1789 2407 1855 pac-

133 1881 430 1968 tum,vel
449 1882 544 1948 ita
569 1884 750 1970 ferat
766 1878 1024 1948 ordinis
1038 1878 1433 1950 consuetudo
1455 1904 1479 1946 .·
1498 1902 1675 1948 secus
1691 1901 1827 1947 non
1854 1891 2135 1946 tenetur.
2151 1879 2401 1947 -Tri-

20 2069 22 2080 ἱ
135 1997 484 2066 dentinum
553 1997 874 2064 decretum
941 1996 1158 2084 (initio
1224 1998 1553 2086 praesentis
1618 1996 1845 2086 capitis
1919 1991 2405 2082 transcriptum)

20 2109 22 2180 ζ
131 2111 468 2204 permittit
503 2113 762 2202 quidem
812 2115 952 2182 dari
979 2136 1016 2182 a
1045 2115 1290 2182 novitio
1328 2115 1429 2181 vel
1456 2113 1538 2181 ab
1574 2115 1715 2202 ejus
1754 2112 2254 2199 consanguineis
2284 2132 2407 2178 ne-

139 2226 408 2298 cessaria
439 2251 551 2317 pro
577 2230 748 2296 victu
775 2232 846 2328 et-
858 2228 1127 2316 vestitu3
1173 2228 1284 2296 sed
1309 2228 1453 2328 dari
1474 2249 1602 2295 non
1626 2225 1958 2318 praecipit.
2008 2225 2179 2294 Hinc
2208 2225 2413 2294 solent

139 2346 424 2415 doctores
473 2346 936 2435 obligationem
993 2367 1298 2437 expensas
1364 2347 1505 2415 illas
1560 2345 1947 2416 monasterio
1996 2345 2406 2429 refundendi,

141 2464 346 2551 quoad
377 2463 702 2530 novitium
733 2462 810 2528 ad
843 2461 1162 2530 saeculum
1199 2463 1601 2545 redeuntem,
1634 2463 2017 2553 restringere
2047 2462 2126 2529 ad
2156 2482 2407 2542 casum,

139 2601 268 2668 quo
324 2581 412 2647 ita
457 2579 616 2646 ferat
670 2584 930 2668 paetum
965 2578 1231 2657 initum,
1263 2579 1360 2644 vel
1393 2581 1766 2646 monasterii
1808 2580 2201 2648 consuetudo
2246 2579 2414 2670 (vide

141 2694 542 2772 Ferrarium,
576 2715 727 2763 voce
755 2693 1170 2778 Novitiatus,
1193 2715 1262 2761 n.
1295 2693 1417 2777 693
1448 2701 1511 2762 et
1536 2693 2142 2782 Schmalzgrueber,
2169 2696 2235 2761 in
2258 2698 2415 2762 titu-

139 2811 288 2878 lum
313 2807 392 2877 de
418 2809 882 2900 Reqularibus‚
921 2832 990 2879 n.
1024 2809 1162 2899 80).

1037 3045 1314 3116 CAPUT
1369 3043 1519 3115 VII.

537 3237 614 3280 DE
655 3236 802 3282 JURE
845 3234 1228 3282 NOVITIORUM
1272 3233 1473 3288 QUOAD
1516 3230 1846 3277 BENEFICIA
1892 3231 2029 3275 SUA.

237 3403 563 3486 Dicemus,
595 3406 656 3473 1⁰
706 3427 787 3474 an
827 3403 1055 3474 novitii
1091 3403 1407 3472 beneficia
1446 3423 1561 3469 sua
1600 3402 1879 3469 retinere
1924 3401 2169 3491 possint
2213 3420 2419 3488 usque

149 3519 228 3588 ad
265 3543 451 3589 suam
495 3521 1000 3612 professionem:
1069 3521 1134 3588 2⁰
1181 3541 1263 3588 an
1318 3519 1513 3586 etiam
1570 3519 1884 3585 retineant
1933 3517 2069 3606 juS,
2103 3514 2418 3582 beneficio

147 3653 262 3700 suo
298 3655 650 3724 annexum,
676 3636 956 3725 eligendi
999 3642 1060 3704 et
1111 3633 1511 3723 suffragandi
1546 3655 1563 3700 ε
1623 3631 1688 3701 3⁰
1732 3633 1891 3724 quid
1938 3630 2307 3722 requiratur
2350 3634 2422 3695 ut

145 3747 354 3816 valide
377 3751 1111 3840 renuntient-beneficiis
1144 3751 1302 3821 suis.

1216 3979 1355 4071 §L

701 4121 782 4170 An
815 4119 996 4171 novitii
1016 4119 1258 4172 beneficia
1289 4134 1379 4172 sua
1399 4123 1615 4173 retinere
1634 4121 1850 4183 possint.

241 4293 620 4364 Pnorosrno
655 4299 732 4367 1⁸.
763 4335 854 4352 -
879 4299 1284 4390 Beneficium
1321 4298 1538 4368 cleriei
1572 4296 1961 4388 reliqionem
1987 4293 2426 4386 inqredientis

125 4405 290 4478 ‘non
299 4423 522 4504 potest
536 4413 741 4484 alteri
765 4415 1048 4505 conferri
1067 4415 1248 4483 intra
1266 4414 1632 4482 novitiatus
1646 4435 1921 4482 annum.
1946 4449 2037 4463 —
2062 4409 2133 4478 ld
2156 4410 2427 4478 omnino
