2834 4959
267 366 277 377 ·
311 354 391 407 44
878 340 1216 433 τιιᾼοτηυε
1261 356 1340 402 nr.
1384 356 1535 402 man
1582 356 1997 405 assummum.

305 479 492 549 valde
533 488 756 569 aptum
805 479 886 547 ad
925 477 1286 569 augendam
1335 482 1681 567 utramque
1727 476 1901 547 hanc
1958 476 2375 565 charitatem;
2430 476 2583 563 quia

310 593 688 663 exercitium
733 591 894 660 illud
927 612 1182 660 summe
1232 589 1366 659 Deo
1409 588 1647 681 placet,
1704 594 1926 681 utpote
1972 591 2113 679 ejus
2166 589 2467 679 gloriam,
2520 595 2585 657 et

313 708 680 777 animarum
705 706 1002 791 salutem,
1033 711 1096 775 et
1129 705 1523 775 afflictorum
1554 704 1847 774 levamen
1868 697 2256 797 procurans3
2296 703 2583 793 hincque

313 824 630 914 ejusmodi
685 824 1054 892 exercitium
1113 843 1369 912 magnae
1411 822 1632 911 gratiae
1660 826 2165 913 consequuntur,
2198 842 2343 912 quae
2368 819 2581 911 pluri-

317 958 504 1007 mum
547 940 780 1027 juvant
827 939 906 1006 ad
973 934 1444 1029 proficiendum
1494 936 1563 1004 in
1605 936 1955 1005 virtutibus
2000 942 2064 1005 et
2116 936 2577 1025 acquirendam

311 1052 640 1144 propriam
689 1052 1169 1144 perfectionem.
1205 1050 1380 1143 Ergo
1405 1049 1729 1119 charitatis
1773 1069 1965 1141 opera
1988 1070 2141 1141 erga
2182 1050 2575 1141 proximum,

315 1188 460 1257 quae
501 1174 652 1236 sunt
705 1167 786 1236 de
827 1168 1119 1254 consilio,
1181 1166 1327 1235 licet
1377 1186 1511 1235 non
1560 1166 1918 1258 pertineant
1960 1162 2041 1235 ad
2078 1166 2413 1235 essentiam
2455 1172 2584 1235 sta-

319 1292 425 1353 tus
464 1283 870 1375 perfectionis
913 1283 1346 1374 acquirendae,
1377 1284 1621 1373 optime
1653 1288 1869 1351 tamen
1916 1288 2185 1373 possunt
2207 1282 2278 1349 in
2304 1302 2382 1349 eo
2414 1287 2583 1351 statu

315 1400 637 1478 exerceri,
714 1398 879 1490 quin
924 1399 1174 1470 desinat
1239 1419 1376 1467 esse
1434 1397 1845 1489 perfectionis
1894 1395 2304 1487 acquirendae
2356 1400 2576 1465 status.

319 1513 490 1583 Hinc
530 1514 667 1582 dari
695 1522 962 1607 possunt
1005 1520 1204 1583 status
1245 1510 1653 1605 perfectionis
1699 1513 2135 1604 acquirendae,
2164 1532 2445 1601 quorum
2470 1510 2583 1579 alii

317 1628 584 1699 consilia
637 1626 1096 1697 misericordiae
1137 1650 1288 1718 erga
1339 1629 1713 1723 proximum
1744 1628 2111 1696 exercendae
2154 1626 2578 1717 complectan-

311 1750 445 1831 tur,
483 1742 594 1811 alii
619 1764 751 1812 non
773 1743 1304 1835 complectantur.

1251 2058 1527 2131 CAPUT
1576 2060 1659 2129 X.

317 2264 400 2309 An
439 2264 784 2311 EssENTIAH
824 2262 1122 2309 COMPLETI
1160 2262 1386 2308 STATUS
1430 2264 1865 2311 PERPECTIOMS
1906 2262 2317 2317 AcQUIRENDAE
2364 2262 2589 2317 lutom-

517 2362 698 2407 m‘run
738 2362 818 2408 UT
858 2361 1005 2407 TRIA
1051 2360 1334 2406 consum
1379 2361 1765 2409 ssvANGELIcA
1812 2362 1963 2410 VOTO
2008 2362 2379 2409 FIRHENTUR.

405 2536 572 2605 Nam
600 2538 681 2606 ad
725 2538 1040 2607 rationem
1091 2542 1292 2606 status
1334 2538 1693 2628 requiritur
1736 2539 1952 2630 aliqua
1983 2559 2172 2607 causa
2200 2556 2595 2629 permanen-

317 2650 472 2719 tiam
538 2672 652 2719 seu
712 2650 1080 2721 firmitatem
1139 2652 1477 2721 inducens.
1541 2652 1727 2722 Unde
1764 2654 1844 2722 ad
1913 2655 2251 2723 essentiam
2308 2652 2591 2741 alicujus

315 2772 515 2834 status
563 2762 994 2858 particularis,
1055 2768 1408 2859 requiritur
1458 2775 1555 2854 ut,
1611 2776 1930 2858 quatenus
1980 2769 2149 2854 talis,
2210 2768 2592 2837 firmitatem

317 2876 550 2950 habeat
614 2903 690 2951 ex
767 2882 983 2974 aliqua
1041 2904 1235 2951 causa
1315 2885 1829 2975 permanentiam
1876 2883 2245 2953 inducente.
2302 2882 2593 2953 Proinde

313 3006 512 3068 status
551 2999 909 3091 completus
963 3000 1372 3091 perfectionis
1434 3001 1845 3090 acquirendae
1898 3002 2171 3092 requirit
2224 3006 2299 3069 ut
2351 3000 2589 3069 firmus

313 3111 395 3178 sit
423 3112 631 3202 quoad
682 3135 756 3181 ea
795 3116 1016 3183 omnia
1055 3136 1204 3206 quae
1245 3136 1402 3185 eum
1440 3115 1635 3185 talem
1692 3116 2117 3203 constituunt,
2170 3136 2283 3185 seu
2320 3136 2464 3205 qum
2497 3112 2588 3182 ad

311 3227 454 3315 ejus
503 3229 845 3298 essentiam
888 3232 1233 3321 pertinent.
1281 3230 1452 3299 Cum
1496 3238 1745 3316 autem,
1792 3254 1871 3302 ex
1906 3231 2116 3318 dictis,
2166 3231 2247 3299 ad
2296 3233 2437 3321 ejus
2478 3249 2588 3298 es-

309 3342 584 3410 sentiam
641 3348 1002 3437 pertineant
1054 3348 1172 3414 tria
1227 3347 1492 3415 consilia
1540 3348 1931 3437 evangelica,
1993 3346 2237 3417 stabilis
2290 3351 2356 3414 et
2390 3344 2591 3415 firma

311 3476 446 3524 esse
465 3455 725 3527 debebit
751 3458 1018 3551 illorum
1050 3460 1473 3530 consiliorum
1494 3461 1893 3530 observantia
1918 3485 1937 3530 :
1970 3460 2261 3551 alioquin
2282 3461 2423 3550 jam
2448 3478 2591 3529 non

309 3572 432 3638 erit
450 3570 809 3663 compietus
825 3576 1228 3663 perfectionis
1256 3576 1663 3668 acquirendae
1688 3582 1910 3645 status.

397 3681 540 3753 Jam
589 3678 740 3754 ve‘ro
785 3686 949 3757 bene
985 3686 1374 3779 intelligitur
1437 3689 1694 3758 firmam
1754 3694 1819 3757 et
1868 3685 2165 3757 stabilem
2225 3686 2407 3756 reddi
2438 3708 2589 3759 eam

311 3794 781 3869 observantiam
839 3824 950 3893 per
985 3804 1484 3895 promissionem
1534 3804 1669 3873 Deo
1724 3803 1984 3891 factam,
2018 3824 2158 3892 seu,
2203 3802 2375 3894 quod
2408 3802 2619 3873 idem·

311 3916 431 3993 est,
479 3934 594 4001 per
640 3921 888 3985 votum.
943 3916 1131 3988 Tunc
1179 3919 1423 3988 scilicet
1460 3919 1525 3987 vi
1563 3920 1695 3987 voti
1748 3918 2068 4009 obligatus
2121 3926 2429 4011 perpetuo
2482 3939 2595 3987 re·

287 4023 603 4094 manebit
628 4029 827 4101 homo
859 4032 939 4102 ad
975 4032 1451 4103 observandum
1499 4032 1847 4103 consilium
1882 4034 2297 4125 paupertatis,
2326 4034 2595 4103 castita-

309 4140 392 4208 tis
431 4146 493 4209 et
537 4141 936 4217 obedientiae.
972 4148 1230 4230 Atvero,
1264 4155 1495 4239 praeter
1521 4151 2017 4242 promissionem
2060 4148 2195 4219 Deo
2242 4150 2475 4220 factam
2500 4148 2591 4219 de

311 4255 637 4326 servandis
683 4260 810 4331 illis
841 4262 1152 4345 consiliis,
1203 4264 1384 4333 nulla
1422 4266 1735 4358 assignari
1759 4272 1961 4359 potest
2000 4286 2191 4335 causa
2227 4286 2374 4357 quae
2418 4263 2593 4334 obli-

312 4370 636 4458 gationem
669 4375 934 4449 inducat
957 4379 1026 4447 in
1053 4400 1280 4451 eorum
1301 4378 1744 4454 observatione
1776 4378 2218 4473 permanendi.
