2834 4959
331 328 409 382 58
691 376 704 387 ,
897 334 1236 383 TRACTATUS
1281 338 1359 385 mi
1401 338 1552 384 JURE
1594 336 2009 385 anonumum.

323 478 477 526 men
513 478 588 525 ea
633 456 795 524 ratio
850 478 1106 547 prorsus
1135 456 1483 547 rejicienda
1522 464 1637 541 est,
1678 478 1834 525 cum
1874 458 2014 547 jam
2044 456 2313 525 omnino
2336 462 2595 525 certum

318 574 400 642 sit
439 578 738 641 votorum
780 570 1250 641 solemnitatem
1297 573 1376 641 ad
1423 572 1709 663 religiosi
1752 576 1953 641 status
2002 570 2427 641 substantiam
2452 593 2593 641 non

317 691 659 783 pertinere.

407 804 476 871 2⁰
517 804 650 875 Nec
691 804 857 873 valet
907 806 1098 891 ratio,
1129 827 1334 895 quam
1360 806 1668 895 oppositoe
1712 805 2045 873 sententiae
2080 804 2333 895 patroni
2378 802 2599 873 dedu-

301 927 476 987 ·cunt
522 942 602 989 ex
651 922 991 989 traditione
1037 921 1174 1007 illa,
1219 943 1350 1011 qua
1397 930 1695 990 setotum
1730 922 2067 1011 religiosus
2094 919 2228 989 Deo
2263 924 2601 1013 mancipat

322 1042 384 1103 et
409 1034 626 1115 donat,
665 1057 991 1126 quamque
1030 1037 1110 1105 de
1137 1036 1420 1127 religiosi
1464 1043 1665 1106 status
1716 1036 2069 1105 substantia
2112 1058 2247 1104 esse
2300 1059 2416 1105 nos
2466 1038 2597 1128 ipsi

319 1172 517 1241 supra
561 1150 968 1221 admisimus.
1019 1150 1286 1221 Necesse
1335 1158 1455 1236 est,
1512 1151 1846 1242 inquiunt,
1899 1152 2309 1219 traditionem
2359 1152 2525 1219 hanc
2552 1174 2599 1221 a

321 1264 458 1335 Deo
503 1268 859 1357 acceptari;
901 1268 1190 1358 alioquin
1237 1267 1421 1336 nulla
1464 1274 1528 1337 et
1576 1268 1826 1337 nullius
1870 1267 2132 1336 effectus
2160 1267 2369 1336 foret:
2416 1268 2599 1337 Deus

322 1386 541 1450 autem
599 1381 782 1451 illam
817 1404 950 1450 non
1001 1391 1284 1473 acceptat
1328 1382 1697 1451 immediate
1754 1404 1867 1473 per
1914 1384 2200 1473 seipsum
2234 1406 2251 1451 τ
2292 1405 2449 1473 ergo
2480 1406 2601 1452 ne-

323 1518 496 1567 cesse
535 1506 628 1565 est
673 1505 748 1565 ut
779 1505 1139 1588 acceptetur
1181 1498 1264 1567 ab
1309 1498 1529 1587 aliquo
1560 1499 1829 1567 homine
1856 1498 2119 1565 nomine
2147 1496 2263 1566 Dei
2297 1522 2315 1566 ε
2372 1498 2599 1568 nullus

321 1623 537 1685 autem
591 1616 788 1683 homo
836 1623 1036 1705 potest
1063 1616 1158 1685 sic
1203 1614 1412 1684 valide
1453 1620 1781 1705 acceptare
1809 1613 2074 1716 nomine
2102 1612 2246 1697 Dei,
2278 1615 2405 1683 nisi
2452 1636 2602 1705 spe-

323 1734 550 1804 cialem
597 1737 1118 1805 commissionem
1165 1756 1279 1803 seu
1333 1741 1705 1825 potestatem
1765 1734 1979 1824 quoad
2027 1735 2149 1803 hoc
2204 1756 2243 1803 a
2293 1732 2427 1802 Deo
2450 1734 2607 1825 ipso

321 1852 636 1942 acceperit
679 1876 695 1921 ε
757 1874 954 1942 quam
1009 1840 1302 1941 quidem'
1344 1856 1715 1941 potestatem
1786 1850 2159 1940 acceptandi
2218 1850 2607 1921 donationes

323 1970 586 2037 nomine
637 1968 764 2039 Dei·
800 1968 1048 2060 accepit
1093 1991 1130 2036 a
1181 1966 1314 2037 Deo
1361 1966 1670 2050 Ecclesia,
1718 1987 1852 2035 non
1908 1974 2125 2034 autem
2173 1966 2349 2034 ullus
2396 1967 2613 2037 homo

325 2084 611 2174 privatus
643 2108 660 2152 ε
699 2108 733 2148 α
768 2082 1004 2151 Nullus
1043 2089 1259 2149 autem
1313 2082 1491 2169 (sunt
1542 2083 1738 2151 verba
1790 2081 2075 2151 Suaresii
2117 2084 2291 2151 hanc
2334 2088 2615 2151 senten—

331 2222 368 2264 «
400 2198 558 2264 tiam
607 2198 1006 2286 exponentis,
1036 2194 1114 2263 de
1144 2196 1511 2287 Reliqione,
1554 2202 1737 2265 tracta
1776 2200 1841 2281 7,
1898 2196 1945 2268 l.
2002 2198 2071 2279 2,
2124 2219 2183 2266 c.
2240 2196 2347 2276 15,
2396 2219 2463 2265 n.
2522 2198 2612 2289 6)

337 2334 372 2374 ι(
401 2307 577 2377 illam
611 2308 1032 2401 (potestatem)
1061 2310 1296 2398 accipit
1317 2308 1687 2377 immediate
1714 2332 1754 2378 a
1778 2306 1909 2379 Deo
1934 2309 2064 2377 nisi
2088 2309 2403 2379 Summus
2424 2306 2607 2377 Pon-

336 2448 370 2487 «
399 2424 588 2503 tifex;
642 2430 706 2491 et
750 2422 894 2491 ideo
932 2443 1183 2491 necesse
1231 2429 1325 2491 est
1365 2430 1440 2491 ut
1492 2423 1725 2493 modus
1778 2423 2201 2493 contrahendi
2236 2432 2299 2493 et
2350 2426 2612 2493 consti—

335 2539 621 2608 «tuendi
672 2540 854 2607 hunc
901 2547 1162 2622 statum,
1204 2538 1430 2607 saltem
1483 2539 1696 2628 quoad
1736 2560 2075 2630 personam
2118 2547 2599 2629 acceptantem‚

336 2682 368 2719 (ι
399 2657 466 2721 in
522 2656 706 2745 cujus
757 2654 1056 2723 manibus
1097 2662 1243 2723 vota
1297 2654 1481 2743 fiant,
1529 2656 1609 2722 sit
1658 2654 1740 2723 ab
1798 2652 2083 2723 Ecclesia
2122 2656 2475 2735 institutus,
2538 2664 2617 2724 et

336 2796 368 2835 <t
397 2770 613 2858 aliquo
633 2768 826 2839 modo
853 2769 1260 2860 approbatus,
1299 2792 1336 2834 »

412 2884 558 2955 Non
599 2887 785 2971 valet,
841 2889 1140 2975 inquam,
1185 2886 1308 2953 hoc
1345 2884 1785 2953 ratiocinium.
1830 2882 2089 2953 Etenim
2114 2884 2287 2976 quod
2318 2896 2613 2975 nequeat

325 3000 494 3070 dicta
538 3002 794 3071 traditio
820 3002 902 3069 ab
931 3000 1148 3090 aliquo
1179 3002 1427 3091 privato
1480 3000 1747 3066 homine
1797 3001 2115 3089 acceptari
2144 3001 2411 3070 nomine
2450 2999 2609 3086 Dei,

326 3138 732 3207 nequaquam
789 3126 1040 3187 certum
1073 3123 1190 3203 est,
1243 3122 1305 3183 et
1355 3116 1753 3185 contrarium
1796 3118 2101 3185 sustineri
2146 3123 2366 3207 potest.
2420 3114 2604 3209 Sup-

326 3254 672 3324 ponamus,
703 3234 886 3303 verbi
933 3233 1158 3321 gratia,
1188 3230 1436 3299 Titium
1477 3230 1642 3299 velle
1680 3252 1815 3299 sese
1864 3230 2166 3321 religioso
2192 3234 2379 3301 statui
2412 3233 2609 3303 addi-

327 3370 498 3435 cere,
547 3350 771 3441 triplex
813 3348 1158 3417 consilium
1197 3346 1644 3436 evangelicum
1686 3349 2001 3431 vovendo,
2059 3356 2123 3414 et
2174 3348 2605 3421 determinata

325 3464 606 3555 quadam
657 3485 886 3533 norma
931 3464 1227 3546 vivendo,
1281 3484 1480 3551 quam
1525 3468 1694 3530 recta
1748 3464 1921 3563 ratio¹
1967 3462 2165 3531 dictat
2213 3486 2347 3533 esse
2395 3466 2604 3533 hone-

326 3580 670 3651 stissimam
695 3588 758 3648 et
777 3581 958 3649 valde
983 3580 1364 3671 proficuam.
1399 3580 1555 3647 Adit
1577 3576 2069 3667 Sempronium,
2106 3582 2427 3670 privatum
2450 3584 2605 3670 qui-

325 3698 474 3767 dem
519 3698 738 3765 virum
763 3704 826 3762 et
851 3696 1116 3776 laicum,
1156 3704 1252 3764 ast
1283 3694 1623 3785 prudentia
1648 3700 1713 3760 et
1746 3715 2011 3762 morum
2038 3696 2365 3763 sanctitate
2409 3698 2603 3767 valde

329 3810 929 3881 commendabilem.
960 3808 1114 3878 Tria
1165 3818 1308 3879 vota
1354 3812 1425 3876 in
1478 3810 1619 3897 ejus
1664 3807 1967 3877 manibus
2012 3811 2271 3891 emittit,
2301 3813 2601 3883 totalem-

327 3946 454 4014 que
509 3927 613 3993 sui
653 3926 858 4017 ipsius
905 3924 1311 3993 traditionem
1363 3943 1475 3989 seu
1541 3921 1957 3991 donationem
2015 3922 2149 3992 Deo
2206 3924 2379 3995 facit.
2410 3924 2605 3996 Sem·

329 4038 596 4129 pronius
631 4050 872 4118 autem,
925 4040 1190 4108 nomine
1225 4036 1369 4121 Dei,
1429 4037 1841 4105 traditionem
1870 4039 2051 4107 illam
2102 4048 2410 4131 acceptat,
2440 4064 2601 4111 nec-

331 4174 462 4221 non
515 4156 780 4241 regendi
818 4154 1000 4241 Titii,
1049 4164 1356 4241 tanquam
1428 4172 1541 4240 per
1608 4158 1831 4220 votum
1884 4154 2263 4224 obedientiae
2310 4156 2433 4223 sibi
2456 4159 2601 4245 jam

329 4268 596 4354 subditi,
648 4290 872 4337 curam
939 4272 1210 4338 assumit
1269 4273 1334 4335 et
1399 4268 1689 4355 spondet.
1748 4268 1922 4354 Cur,
1976 4292 2217 4359 quaiso,
2266 4270 2435 4339 Deus
2468 4274 2593 4341 boc

333 4385 526 4455 modo
551 4386 784 4455 iactam
809 4408 848 4454 a
867 4384 1039 4458 Titio
1061 4384 1477 4455 traditionem
1522 4404 1655 4453 non
1682 4388 2087 4475 acceptaret?
2138 4386 2215 4457 ln
2260 4388 2362 4458 his
2412 4390 2599 4458 enim
