2834 4959
1067 355 1220 404 PARS
1265 358 1525 415 QUARTA.
2308 358 2383 416 58
2394 361 2428 416 9

155 481 324 548 tatis
361 477 592 547 titulo.
623 475 906 546 -Vide
929 477 1104 568 apud
1131 477 1443 562 Fen-raris,
1480 501 1631 548 voce
1649 483 2061 570 Novitiatus,
2094 507 2162 556 n.
2193 489 2279 556 45
2308 491 2425 581 (1).

153 592 584 683 proceditque
629 591 784 680 hoc,
831 593 1021 660 etiam
1061 593 1336 660 sibonis
1384 595 1519 662 suis
1569 598 1992 668 renuntiasset
2035 600 2103 668 in
2152 602 2431 674 favorem

153 710 510 792 societatis3
576 707 896 776 nimirum
955 708 1148 776 etiam
1194 713 1350 776 tunc
1397 708 1477 776 de
1521 711 1673 798 Jure
1718 712 1887 781 nihil
1936 720 2260 785 teneretur
2308 719 2433 811 ipsi

151 825 508 894 refundere
557 824 847 892 societas·
903 825 1001 890 De
1025 823 1210 912 jure,
1257 823 1528 912 inquam
1557 853 1575 910 ;
1634 847 1786 894 nam
1842 827 1897 896 si
1947 851 2189 920 egenus
2249 832 2429 919 foret,

153 945 493 1010 teneretur
519 939 785 1008 societas
831 959 906 1006 ex
943 938 1264 1027 aequitate,
1307 961 1426 1030 pro
1472 941 1835 1012 donationis
1875 945 2091 1035 mode,
2134 947 2437 1017 alimenta

153 1057 216 1126 ei
270 1059 590 1146 praestare.
638 1052 810 1125 Vide
839 1055 903 1122 id
956 1054 1304 1144 probatum
1347 1077 1384 1122 a
1422 1054 1997 1148 Schmalzgrueber
2042 1061 2137 1152 (in
2167 1063 2429 1132 titulum

155 1169 243 1238 de
266 1167 732 1260 Reqularibus,
755 1189 824 1237 n.
863 1169 1046 1258 141).

257 1285 634 1354 Pnorosmo
657 1284 844 1352 XVII
847 1291 893 1353 ⁸.
919 1287 1106 1352 —In
1125 1286 1743 1376 conqreqationibus
1766 1311 1915 1380 quae
1936 1302 2093 1358 vota
2109 1293 2433 1364 solemnia

157 1423 296 1469 non
323 1401 592 1484 habent,
626 1413 906 1492 possunt
933 1425 978 1470 a
995 1400 1268 1468 novitiis
1286 1401 1506 1470 valide
1524 1403 1680 1492 fieri
1700 1403 2088 1476 donationes
2107 1420 2168 1476 et
2186 1433 2433 1478 renun-

161 1516 502 1604 tiationes,
553 1517 717 1608 quin
761 1528 1054 1585 servetur
1114 1514 1483 1584 Tridentini
1528 1516 1775 1586 decreti
1821 1523 2075 1610 forma.
2129 1561 2219 1576 —
2262 1523 2431 1604 Quia

161 1652 400 1724 nempe
426 1633 755 1702 decretum
781 1633 948 1702 illud
968 1630 1427 1701 Tridentinum
1456 1633 1589 1722 agit
1637 1635 1951 1704 duntaxat
1993 1637 2071 1706 de
2100 1639 2437 1708 ordinibus

163 1747 484 1838 religiosis
514 1751 584 1818 in
612 1750 854 1839 quibus
891 1749 964 1816 fit
1011 1749 1320 1839 professio
1366 1770 1559 1836 :quae
1600 1771 1745 1834 vox,
1792 1751 1861 1818 in
1902 1753 2204 1822 strictiori
2244 1777 2436 1824 sensu

157 1873 452 1950 sumpta,
487 1885 620 1932 non
645 1865 1029 1955 intelligitur
1051 1865 1179 1932 nisi
1214 1864 1292 1933 de
1325 1864 1724 1954 professione
1757 1888 1877 1957 per
1916 1866 2230 1937 solemnia
2263 1877 2431 1939 vota.

157 1975 434 2044 Etcum
483 1975 810 2066 dispositio
851 1976 990 2046 haec
1031 1981 1140 2068 jus
1183 1984 1370 2046 antea
1421 1981 1644 2068 vigens
1679 1979 2043 2069 restringat,
2098 1988 2193 2048 est
2219 1983 2433 2051 stricte

157 2091 671 2181 interpretanda.
720 2090 888 2162 Vide
944 2093 1523 2183 Schmalzgrueber
1566 2093 1733 2184 (loco
1775 2094 1992 2181 citato,
2023 2115 2090 2162 n.
2149 2093 2325 2186 145).
2372 2096 2430 2165 A

159 2206 416 2274 fortiori
461 2214 683 2276 autem
741 2207 863 2276 sub
910 2207 1286 2278 Tridentino
1331 2211 1585 2279 decreto
1628 2231 1759 2279 non
1798 2209 2438 2300 comprehenduntur

163 2323 694 2412 congregationes
745 2324 812 2390 in
860 2324 1102 2414 quibus
1153 2332 1264 2394 aut
1314 2325 1499 2394 nulla
1537 2324 1920 2394 emittuntur
1952 2333 2123 2409 vota,
2155 2335 2267 2394 aut
2304 2347 2435 2396 non

163 2445 496 2528 perpetua.

257 2551 632 2622 Psorosmo
657 2552 922 2624 XV111·.
952 2592 1043 2606 -
1065 2555 1377 2626 Novitius
1400 2568 1875 2625 testamentum
1901 2569 2059 2626 ante
2080 2557 2436 2649 professio-

159 2689 320 2735 nem
356 2691 658 2738 revocare
681 2682 926 2761 potest,
947 2693 1085 2738 non
1107 2681 1340 2738 autem
1359 2681 1522 2759 post
1532 2672 2040 2759 professionem.
2074 2711 2165 2724 -—
2190 2674 2355 2742 Vide
2376 2673 2439 2742 id

163 2783 512 2872 probatum
538 2786 710 2876 apud
735 2785 1030 2856 Ferraris
1059 2785 1238 2878 (voce
1272 2783 1686 2862 Novitiatus,
1726 2804 1796 2850 n.
1827 2785 1915 2852 50
1954 2793 2013 2852 et
2039 2787 2227 2873 seq.).

258 2897 632 2969 Pnorosrno
658 2901 860 2970 XlX⁸.
892 2941 984 2954 —
1027 2899 1304 2986 Quando
1335 2899 1629 2968 novitius
1648 2909 1801 2965 ante
1828 2898 2311 2988 professionem
2337 2908 2441 2965 te·-

157 3025 576 3082 stamentum
613 3039 750 3083 non
780 3015 1100 3104 condidit,
1137 3017 1208 3084 vi
1236 3015 1603 3110 profession
1614 3014 1671 3082 is
1694 3010 1975 3081 succedit
1999 3013 2069 3080 in
2092 3013 2233 3102 ejus
2267 3012 2439 3080 bona

158 3143 223 3197 et
229 3131 408 3220 jura
429 3134 925 3219 monasterium,
953 3136 1014 3202 si
1032 3132 1190 3201 ordo
1215 3134 1301 3200 sit
1321 3155 1539 3224 capax
1558 3127 1945 3221 possidendi
1970 3129 2039 3196 in
2059 3129 2433 3197 communi:

155 3246 218 3312 si
262 3244 422 3313 ordo
451 3271 586 3315 non
629 3249 714 3314 sit
738 3271 958 3338 capam
973 3247 1362 3340 possidendi
1387 3249 1459 3314 in
1488 3246 1847 3332 communi,
1885 3242 2233 3313 succedunt
2267 3265 2430 3312 con-

155 3362 543 3450 sanquinei.
561 3401 648 3414 —
667 3363 832 3432 Vide
857 3365 1028 3454 apud
1060 3363 1110 3433 F
1114 3363 1372 3448 erraris,
1407 3382 1559 3430 voce
1588 3353 2011 3448 Novitiatus,
2037 3383 2108 3428 n.
2140 3360 2252 3430 53.
2280 3360 2448 3429 Sunt

158 3480 387 3543 autem
421 3497 679 3566 capaces
717 3478 1082 3568 possidendi
1107 3479 1178 3546 in
1209 3477 1546 3546 communi
1578 3498 1803 3544 omnes
1830 3474 2116 3563 religiosi
2153 3475 2440 3560 ordineS,

159 3597 403 3681 praeter
426 3591 829 3682 Capuccinos
853 3599 918 3662 et
941 3593 1224 3664 Minores
1257 3593 1335 3659 de
1373 3591 1801 3660 observantia.
2370 3577 2377 3584 ⁸
2424 3675 2434 3684 ·

255 3705 634 3776 Pnorosmo
661 3707 833 3778 XX⁸.
875 3747 962 3760 —
987 3710 1126 3779 Sub
1174 3708 1606 3777 anathemate
1638 3707 2078 3800 prohibentur
2094 3714 2439 3796 parentes,

158 3822 548 3914 propinqui
582 3837 646 3891 et
681 3837 1012 3894 curatores
1039 3824 1410 3916 quidquam
1449 3823 1527 3892 de
1558 3824 1744 3891 bonis
1772 3822 2011 3892 novitii
2048 3830 2292 3912 proeter
2320 3819 2449 3886 vie-

163 3952 324 4008 tum
345 3947 411 4004 et
444 3936 778 4022 vestitum,
811 3939 971 4008 dare
999 3939 1428 4008 monasterio,
1461 3978 1549 3991 ·-
1574 3938 1880 4029 Sequitur
1907 3961 1980 4006 ex
2004 3940 2021 4006 i
2030 3931 2449 4027 psismetTri·

237 4161 302 4220 (ι)
335 4158 410 4208 Ita
438 4157 628 4221 pluries
655 4157 878 4209 decisum
902 4161 1026 4209 esta
1055 4159 1109 4211 S.
1141 4159 1537 4224 Congregatione
1580 4155 1911 4207 conemini
1940 4167 2142 4206 causam
2159 4149 2450 4214 Neapolita-

166 4263 292 4300 nam
333 4249 392 4298 28
425 4247 658 4298 februarii
689 4249 808 4298 1722
836 4245 1139 4309 (Thesaurus
1162 4248 1346 4308 recol„
1385 4251 1513 4296 tom.
1558 4247 1606 4305 2,
1648 4257 1760 4306 pag.
1802 4245 1923 4302 132).
1952 4244 2012 4292 Et
2056 4246 2121 4290 ita
2174 4237 2448 4288 tenendum

169 4339 286 4387 fuse
311 4335 487 4397 probat
521 4335 822 4400 Plgnatellus
847 4339 1005 4398 (tomo
1037 4339 1114 4397 10,
1147 4335 1361 4384 consult.
1390 4337 1487 4392 92),
1524 4335 1707 4382 multas
1734 4333 1987 4380 adducens
2010 4331 2064 4379 S.
2107 4326 2449 4391 congregatio-

173 4425 255 4474 nis
281 4425 484 4474 Concilil
513 4425 808 4477 decisiones.
