2834 4959
418 339 539 396 220
996 347 1336 394 'mac‘ruts
1382 347 1462 394 nr.
1497 347 1648 394 suaa
1687 345 2101 392 anonumum,

416 471 579 538 lium
602 465 914 536 instituta.
950 466 1094 533 Imo
1122 465 1201 532 de
1254 467 1333 534 iis
1360 473 1672 556 tanquam
1726 465 1806 533 de
1857 462 2270 556 re-possibili‚
2298 467 2360 530 et
2387 461 2686 532 nondum

416 587 746 662 existente,
804 581 1059 649 videtur
1104 581 1283 669 loqui
1336 578 1740 661 Pelizzarius,
1767 577 1928 646 dum
1983 579 2076 646 sic
2129 577 2552 666 quaestionem
2591 578 2689 644 in-

416 700 659 769 stituit:
726 724 763 763 α
788 697 895 766 An
926 699 1123 786 possit
1168 697 1313 764 dari
1364 697 1522 766 ordo
1571 694 1982 780 monialium,
2040 695 2110 762 in
2167 715 2300 782 quo
2355 693 2540 760 nulla
2579 694 2690 762 fiat

426 841 463 880 α
488 813 797 905 professio
842 811 1149 880 solemnis
1174 810 1207 877 ‘t
1262 835 1296 876 a
1358 811 1481 879 Cui
1536 809 1900 880 difficultati
1947 809 2288 900 respondet
2334 833 2354 878 z
2419 835 2456 874 ι(
2507 807 2690 876 Posse

426 927 645 1010 «dari,
695 948 825 995 non
876 935 1089 995 tamen
1128 925 1508 1016 expedire...
1551 931 1856 1015 poterunt
1881 924 2022 994 dari
2077 929 2140 992 et
2171 923 2518 1006 moniales,
2551 945 2685 1012 quai

432 1067 469 1108 α
490 1043 619 1110 sint
644 1063 809 1112 verae
836 1041 1173 1129 religiosas,
1210 1023 1327 1108 etsi
1354 1062 1486 1107 non
1531 1040 1767 1109 faciant
1809 1039 2267 1130 professionem
2301 1038 2681 1120 solemnem,

430 1183 467 1222 «
496 1159 606 1226 sed
650 1158 859 1226 solum
908 1157 1143 1224 iaciant
1186 1163 1333 1224 vota
1358 1155 1704 1245 simplicia.
1737 1181 1776 1221 x»
1831 1154 1952 1245 (De
1975 1153 2402 1234 monialibus,
2433 1176 2582 1244 cap.
2628 1155 2684 1235 l,

424 1295 493 1342 n.
534 1274 670 1361 15.)

514 1387 827 1468 Quamvis
867 1387 935 1456 S.
996 1386 1149 1455 Pius
1192 1385 1253 1454 V
1286 1407 1576 1476 expresse
1617 1385 1922 1474 loquatur
1970 1383 2380 1453 solummodo
2427 1385 2510 1453 de
2537 1384 2686 1454 Ter-

426 1503 656 1586 tiariiS‚
706 1503 964 1571 videtur
1018 1501 1450 1569 nihilominus
1523 1501 1664 1589 ejus
1745 1499 2076 1590 dispositio
2151 1499 2538 1568 extendenda
2611 1503 2684 1568 ad

424 1615 745 1706 quaslibet
795 1615 1149 1685 mulierum
1194 1614 1724 1705 congregationes
1781 1615 2024 1706 absque
2073 1614 2362 1684 clausura
2417 1622 2479 1681 et
2524 1618 2688 1682 votis

429 1731 833 1801 solemnibus
878 1733 1280 1822 degentium.
1344 1730 1413 1799 ld
1469 1734 1760 1822 sequitur
1789 1754 1865 1799 ex
1890 1731 2052 1821 legis
2092 1731 2244 1799 fine.
2277 1730 2432 1800 Vult
2453 1753 2686 1821 nempe

430 1854 689 1916 sanctus
736 1847 1023 1916 Pontifex
1076 1849 1155 1916 de
1206 1847 1420 1916 medio
1469 1847 1689 1916 tollere
1736 1845 2100 1934 Tertiarias,
2159 1846 2244 1916 ob
2295 1869 2435 1915 eam
2489 1847 2684 1916 solam

430 1965 743 2030 rationem
772 1963 945 2054 quod
998 1963 1241 2053 absque
1296 1961 1607 2030 clausura·
1627 1968 1688 2028 et
1737 1967 2034 2028 votorum
2067 1959 2470 2030 solemnitate
2497 1963 2684 2030 colle-

432 2079 683 2166 gialiter
746 2079 985 2146 vivant.
1048 2077 1219 2164 Ergo
1292 2077 1572 2144 formam
1641 2076 1812 2144 hanc
1870 2075 2130 2144 vivendi
2185 2075 2510 2144 sublatam
2563 2076 2688 2142 vult

430 2195 729 2273 omnin0,
754 2201 818 2259 et
858 2192 1233 2280 ubicunque
1270 2192 1486 2259 fuerit.
1521 2191 1828 2259 Nominat
1855 2196 2072 2265 autern
2103 2190 2516 2298 solummodp
2537 2191 2682 2260 Ter·

432 2307 671 2392 tiariaS,
720 2307 872 2394 quia
916 2306 1067 2374 solae
1113 2310 1273 2374 tunc
1318 2305 1488 2372 dicto
1539 2306 1729 2373 modo
1789 2306 2134 2390 vivebant3
2205 2307 2314 2374 sed
2373 2308 2684 2374 intentum
2777 2363 2779 2366 Α

430 2423 573 2510 ejus
608 2428 861 2490 coeteras
890 2419 1178 2508 ejusdem
1208 2419 1486 2490 instituti
1512 2421 2037 2509 congregationes
2075 2421 2457 2510 mulierum,
2489 2429 2685 2514 aperte
2778 2429 2779 2463 ³

436 2534 1044 2625 comprehendebat.

520 2649 693 2718 Hinc
720 2648 1091 2736 canonistae,
1144 2655 1403 2739 agentes
1431 2649 1512 2720 de
1569 2651 1800 2720 exortis
1843 2658 2058 2743 postea
2105 2655 2540 2724 conventibus
2567 2675 2685 2723 mu·
2776 2689 2777 2735 2

432 2767 689 2847 lierum,
742 2767 836 2834 sic
878 2766 1115 2855 absque
1158 2766 1461 2834 clausura
1520 2772 1581 2834 et
1631 2769 1795 2836 votis
1845 2767 2246 2836 solemnibus
2294 2769 2682 2858 degentium,

431 2891 493 2951 et
538 2882 932 2952 aTertiariis
958 2883 1436 2965 distinctarum,
1495 2884 1933 2952 communiter
1981 2891 2358 2975 supponunt
2409 2907 2526 2954 eos
2573 2904 2685 2952 esse

430 2997 871 3065 constitutioni
920 2997 1121 3064 sancti
1165 2995 1263 3065 Pii
1293 2996 1354 3065 V
1380 2999 1756 3067 contrarios.
1817 2998 1942 3067 Pro
1969 3019 2102 3089 quo
2149 3007 2213 3067 et
2241 2999 2474 3069 adduci
2505 3005 2688 3092 potest

432 3112 759 3182 Benedicti
782 3111 935 3180 XlV
968 3112 1310 3181 auctoritas
1346 3138 1362 3178 ε
1392 3114 1634 3182 etenim
1659 3115 1728 3181 in
1757 3135 1872 3183 sua
1891 3115 2340 3185 constitutione
2367 3119 2681 3207 quamviS,

439 3229 521 3297 30
546 3229 767 3319 aprilis
799 3227 996 3315 1749,
1025 3228 1273 3318 agendo
1318 3229 1398 3296 de
1443 3230 1864 3299 conventibus
1893 3232 2309 3320 monialium,
2361 3252 2510 3323 quae
2551 3231 2685 3300 Vir-

434 3338 618 3427 qines
672 3343 1061 3431 Anqlicanoe
1116 3341 1523 3428 dicebantur,
1577 3352 1640 3413 et
1695 3346 2010 3414 clausurae
2055 3367 2188 3416 non
2241 3348 2680 3437 adigebantur,

434 3453 591 3522 dicit
612 3475 716 3521 eas
744 3475 874 3522 non
911 3458 1103 3525 fuisse
1136 3457 1514 3548 approbatas
1541 3460 1669 3527 nisi
1697 3483 1849 3534 cum
1873 3460 2186 3547 clausula,
2223 3476 2542 3531 caeterum
2573 3482 2686 3530 non
2770 3473 2771 3484 ³

436 3565 843 3636 incendimus
863 3592 986 3660 per
992 3583 1353 3662 proesentes
1375 3573 1597 3662 :psum
1625 3576 2186 3644 conservator-ium
2225 3577 2298 3644 in
2321 3577 2555 3668 aliquo
2577 3597 2686 3666 ap·

426 3688 737 3776 probare.
774 3688 853 3757 Et
874 3691 1092 3758 addit:
1126 3717 1161 3757 α
1178 3690 1337 3771 Quae
1362 3691 1697 3785 (clausula)
1729 3702 1884 3763 tunc
1903 3695 2144 3786 apponi
2167 3699 2524 3778 consuevit,
2551 3714 2686 3766 cum

449 3822 483 3860 a
508 3801 949 3892 approbantur
974 3823 1089 3869 seu
1141 3803 1633 3872 confirmantun
1661 3807 1901 3894 regulae
1951 3807 2226 3897 alicujus
2252 3803 2683 3876 conservatorii

448 3937 483 3978 ι(
510 3922 619 3981 aut
664 3916 1031 3984 monasterii
1078 3919 1462 3999 mulierum,
1517 3922 1656 3990 sine
1713 3922 2014 3992 clausura
2063 3923 2449 4007 viventium,
2485 3929 2684 3992 contra

2767 3769 2769 3776 ⁴

446 4051 481 4092 α
504 4032 948 4123 praescriptum
998 4033 1330 4102 decretalis
1393 4033 1713 4105 Bonifacii
1769 4036 1915 4108 vul
1981 4044 2046 4108 et
2093 4037 2498 4109 decretorum
2553 4055 2686 4106 con·
2765 4042 2767 4093 Ι

446 4167 483 4208 α
512 4141 646 4215 cilii
672 4143 1057 4234 Tridentini,
1086 4169 1339 4218 necnon
1384 4151 1860 4222 constitutionis
1911 4153 1980 4224 S.
2017 4153 2115 4224 Pii
2163 4153 2243 4239 V,
2295 4177 2442 4246 quae
2477 4149 2686 4241 incipit

448 4283 483 4324 α
526 4259 721 4328 Circa
736 4264 1119 4352 pastoralis.
1152 4291 1188 4330 »

525 4373 698 4463 Ergo
762 4396 983 4446 revera
1042 4381 1570 4472 congregationes
1629 4385 1934 4476 quaelibet
2001 4386 2416 4475 monialium,
2456 4326 2684 4471 ¹absque

2753 4931 2759 4941 a
