2834 4959
1093 383 1247 431 uns
1295 385 1515 432 raim.
2312 387 2338 437 1
2358 383 2433 439 33

187 503 551 594 principum,
603 503 941 593 ipsiusque
990 501 1301 592 'Sigiberti
1362 503 1691 596 opinione,
1742 507 2064 596 sponsalia
2101 507 2430 580 dissolvit:

183 623 348 707 prout
373 623 595 685 narrat
618 635 990 706 anonymus
1014 617 1234 686 saeculi
1262 618 1466 687 octavi
1520 620 1797 709 scriptor
1836 621 1983 689 vitae
2018 621 2087 692 S.
2122 621 2291 692 Galli
2320 626 2435 714 (1).

181 731 326 801 lnter
373 733 546 802 viros
596 753 860 822 quoque
917 729 1055 800 Deo
1105 731 1394 822 devotos,
1458 754 1640 823 aeque
1684 739 2013 804 vetustum
2064 757 2199 805 esse
2246 739 2439 807 talem

177 847 564 936 professionis
623 846 861 929 ritum,
925 846 1212 936 liquebit
1261 869 1339 916 ex
1391 849 1477 915 iis
1528 869 1677 937 quae
1722 855 1941 940 postea
2017 853 2439 922 commodiori

58 973 60 1018 ῑ
177 961 315 1030 loco
361 961 1039 1033 commemorabimus.
1095 959 1421 1032 Eumdem
1462 967 1682 1032 autem
1734 970 1829 1033 sat
1870 963 1985 1034 diu
2036 967 2441 1057 perdurasse,

185 1077 504 1166 indigitant
541 1077 657 1146 illa
703 1075 780 1146 B.
844 1075 1192 1146 Lanfranci
1237 1077 1719 1148 Cantuariensis
1764 1079 2254 1174 Archiepiscopi
2296 1105 2441 1152 ver-

185 1194 268 1261 ba
319 1181 527 1282 (25:01
549 1192 844 1262 Canones
897 1193 1276 1284 decretaque
1325 1193 1441 1263 SS.
1505 1192 1777 1264 Patrum
1840 1217 1973 1281 eos,
2025 1199 2141 1286 qui
2204 1206 2443 1268 vestem

194 1330 228 1370 α
250 1305 553 1396 religionis
606 1306 856 1396 aliquot
919 1307 1146 1376 diebus
1194 1309 1266 1376 in
1313 1314 1661 1400 conspectu
1715 1309 2065 1379 hominum
2118 1311 2437 1392 deferunt,

194 1422 320 1490 «ad
348 1421 650 1492 saeculum
696 1441 1086 1514 quocunque
1145 1423 1342 1492 modo
1403 1429 1621 1516 postea
1668 1426 1877 1494 redire
1928 1448 2063 1496 non
2112 1427 2359 1498 sinunt.
2402 1453 2435 1492 η

185 1534 234 1602 Ε
269 1537 496 1627 quihus
537 1537 838 1618 decretis,
901 1537 1182 1608 collectis
1210 1543 1351 1606 tum
1392 1560 1431 1608 a
1461 1539 1528 1608 S.
1560 1538 1749 1611 Petro
1775 1540 2096 1612 Damiano
2134 1541 2251 1634 (3),
2301 1550 2443 1611 tum

183 1671 212 1716 a
241 1651 406 1721 Luca
455 1651 780 1721 Dacherio
823 1651 914 1743 (4)
953 1652 1250 1742 aliisque,
1313 1675 1527 1721 unum
1576 1655 1977 1746 proferemus
2024 1680 2339 1728 canonem
2400 1661 2445 1726 6

181 1764 429 1836 Concilii
475 1767 772 1836 Toletani
799 1770 956 1837 sexti
991 1765 1080 1858 (5)
1114 1792 1130 1835 ε
1159 1795 1195 1834 α
1229 1767 1541 1858 Quisquis
1588 1771 1883 1839 virorum
1924 1772 2027 1839 vel
2088 1775 2445 1843 mulierum

191 1905 218 1942 α
242 1881 528 1951 habitum
583 1882 786 1952 semel
842 1884 1130 1951 induerit
1184 1889 1533 1972 spontanee
1607 1883 2019 1972 religiosum,
2078 1892 2189 1952 aut
2240 1887 2294 1952 si
2347 1889 2448 1954 vir

58 2077 60 2098 Ι
197 2021 229 2060 α
257 1998 490 2069 deditus
535 1999 838 2071 Ecclesiae
890 2001 1116 2086 choro,
1177 1999 1280 2070 vel
1351 2000 1588 2068 femina
1634 1999 1831 2068 fuerit
1872 2021 1947 2069 ac
1988 2001 2115 2068 fuit
2162 2001 2449 2090 delegata

189 2141 218 2180 (t
253 2117 606 2207 puellarum
686 2119 1103 2204 monasterio,
1159 2120 1232 2187 in
1312 2126 1591 2210 utroque
1670 2140 1822 2188 sexu
1871 2119 2325 2210 praevaricator
2370 2122 2448 2188 ad

193 2257 220 2297 ιι
246 2237 633 2324 propositum
687 2237 932 2304 invitus
973 2237 1208 2304 reverti
1251 2242 1521 2326 cogatur
1567 2262 1583 2304 :
1620 2240 1696 2304 ut
1732 2235 1831 2303 vir
1889 2235 2336 2324 detondeatur,
2382 2244 2444 2305 et

189 2371 217 2409 ι
237 2349 438 2439 puella
491 2351 890 2420 monasterio
938 2351 1390 2441 reintegretur,
1444 2357 1561 2420 etc.
1598 2375 1633 2416 »
1683 2350 1841 2432 Quae
1883 2351 2152 2442 quidem
2194 2351 2281 2419 ita
2319 2352 2440 2419 ali-

187 2465 444 2550 quandiu
483 2463 812 2536 intellecta
854 2465 1062 2554 fuere,
1111 2470 1184 2534 ut
1214 2467 1329 2555 qui
1373 2467 1446 2534 in
1496 2466 1818 2550 extremis,
1870 2468 2067 2536 etiam
2109 2487 2244 2535 non
2292 2488 2439 2536 sen·-

191 2579 406 2665 tientes,
450 2601 578 2649 nec
627 2581 728 2648 sui
757 2587 1106 2672 compotes,
1154 2601 1364 2670 neque
1411 2582 1686 2670 proinde
1740 2601 1886 2649 eam
1910 2589 2220 2672 petentes,
2274 2590 2444 2652 veste

191 2693 612 2778 poenitentium
649 2701 764 2764 aut
814 2695 1285 2764 monachorum
1313 2695 1528 2764 induti
1558 2665 1867 2777 ¹luissent,
1915 2696 1971 2762 si
1995 2697 2226 2765 deinde
2274 2720 2441 2766 con-

194 2807 574 2896 valescerent,
634 2809 714 2879 ad
770 2811 1218 2901 poenitentiam
1291 2815 1485 2899 atque
1538 2809 1697 2877 adeo
1766 2808 1845 2876 ad
1912 2809 2059 2879 vitae
2120 2810 2437 2899 religiosoe

195 2925 374 2996 officia
419 2935 734 3022 perpetuo
812 2936 1184 3000 tenerentur
1215 2951 1234 3012 ;
1265 2929 1676 3020 potissimum
1733 2932 1802 2997 in
1849 2927 2184 3019 Hispania,
2214 2929 2331 2996 ubi
2362 2949 2437 2998 ea

192 3041 378 3129 opinio
420 3065 743 3134 magnum
803 3044 1006 3113 robur
1055 3046 1300 3134 accepit
1357 3043 1441 3111 ab
1490 3043 1783 3133 exemplo
1825 3041 2129 3112 Wamhae
2180 3040 2435 3133 Visigo-

189 3155 420 3228 thorum
464 3159 662 3250 regis,
721 3163 782 3228 et
839 3180 1088 3228 canone
1114 3159 1158 3226 2
1211 3159 1471 3228 concilii
1521 3157 1815 3228 Toletani
1858 3158 2273 3246 duodecimi3
2303 3181 2435 3248 quo

195 3291 432 3363 canone,
457 3278 616 3348 licet
653 3275 776 3346 sub
805 3277 1006 3344 unius
1057 3278 1216 3345 anni
1245 3274 1913 3346 excommunicatione
1954 3275 2432 3361 interminant,

193 3409 270 3458 ne
309 3396 640 3486 quisquam
669 3393 961 3463 sacerdos
1019 3394 1326 3481 infirmis,
1381 3414 1515 3462 non
1571 3394 1791 3484 aliquo
1832 3393 2057 3462 saltem
2104 3403 2269 3463 nutu
2324 3403 2436 3464 aut

189 3508 404 3581 indicio
438 3513 506 3582 id
553 3513 947 3605 petentibus,
1022 3513 1424 3605 poenitentiae
1496 3512 1795 3581 ordinem
1836 3517 2073 3581 temere
2141 3517 2431 3605 imponat

188 3619 364 3711 (quod
407 3649 562 3696 sane
604 3647 680 3697 eo
719 3647 872 3697 casu
911 3625 1212 3697 Ecclesiae
1256 3627 1525 3696 nomine
1563 3626 1771 3697 facere
1819 3647 1953 3696 non
1983 3625 2276 3719 poterat),
2326 3627 2427 3692 ni-

185 3735 519 3811 hilominus
568 3741 852 3810 sancitur
927 3740 1248 3830 ejusmodi
1301 3739 1751 3832 poenitentiam
1799 3749 2007 3812 ratam
2062 3737 2423 3809 habendam

240 4001 302 4061 (1)
319 3999 452 4067 Apud
471 4003 634 4066 Peru,
666 4003 894 4054 Monam.
936 4001 1104 4053 Germ.
1141 4001 1281 4066 hulst„
1309 4006 1439 4054 tom.
1478 4005 1527 4066 ²,
1556 4015 1677 4068 pag.
1708 4005 1767 4054 12
1794 4005 1847 4054 et
1874 4003 1931 4053 13
1947 4019 1963 4060 ;
1986 4003 2039 4050 et
2062 4001 2114 4048 in
2145 3996 2285 4048 Actis»⁸
2311 3999 2427 4063 88„

185 4089 298 4139 tom.
319 4093 344 4138 7
359 4091 608 4155 Octobris,
631 4103 754 4157 pag.
783 4094 898 4144 891.

237 4175 472 4244 (2)E1›nt.
505 4183 566 4233 26
589 4182 724 4232 inter
747 4179 802 4232 B.
834 4179 1098 4233 Lnntrancl
1125 4181 1306 4246 Opera,
1326 4181 1456 4234 edit.
1486 4179 1732 4241 Dacherll,
1752 4191 1871 4244 pag.
1900 4177 2015 4230 31⁴.

243 4267 492 4331 (inopum.
529 4273 607 4332 16,
631 4273 759 4323 tom.
799 4273 834 4332 3⁴
855 4269 1096 4336 Operum,
1118 4270 1248 4323 edit.
1281 4269 1530 4334 cajetam,
1550 4281 1636 4321 an.
1674 4268 1815 4329 1743,
1838 4275 1949 4331 pag.
1987 4269 2075 4319 183
2093 4271 2147 4318 et
2164 4279 2305 4330 seqq.

247 4357 304 4416 (4)
329 4357 436 4410 Not.
469 4359 497 4408 b
515 4363 569 4412 in
586 4359 741 4426 Epist.
769 4361 830 4410 32
850 4359 906 4412 B.
931 4359 1215 4421 Lanfranct,
1238 4372 1298 4425 p.
1328 4361 1439 4411 362.

253 4443 310 4503 (⁵)
329 4444 738 4512 Labhe‚Concil.,
761 4453 886 4502 tom.
917 4453 965 4511 5,
985 4448 1084 4501 col.
1119 4447 1261 4500 1744.
