2834 4959
379 307 499 362 348
931 313 1272 361 TRACTATUS
1315 312 1394 359 DE
1434 311 1585 359 sum:
1630 310 2043 358 maumam.

385 462 420 501 «
461 441 684 524 tosque
721 433 1074 520 renuntiat,
1107 438 1186 502 ut
1227 430 1664 500 conditionem
1706 435 2076 520 statumque
2124 430 2647 522 presbyterorum

389 574 423 612 «
467 546 878 616 saecularium
913 546 1090 616 illico
1134 545 1302 614 inire
1339 545 1611 613 valeant.
1658 543 1989 614 Generalis
2030 543 2169 614 haee
2213 545 2507 637 namque
2549 548 2650 615 de·

387 690 421 726 «
469 663 758 748 claratio,
804 683 952 750 quae
991 661 1196 731 inscia
1247 683 1511 750 prorsus
1554 659 1923 752 Apostolica
1966 661 2140 744 sede,
2188 661 2339 750 tibi,
2388 682 2647 731 venera·

385 805 422 845 «
469 778 618 847 bilis
659 777 877 862 frater,
922 783 1284 869 opportuna
1325 775 1515 844 malis
1558 775 1694 844 visa
1736 781 1853 859 est,
1909 774 2097 845 nobis
2138 797 2295 844 cum
2344 777 2651 868 intempe-

389 918 424 960 α
469 893 652 972 stiva,
681 898 818 960 tum
851 892 1119 984 periculi
1147 892 1335 984 plena
1362 892 1640 960 videtur.
1671 915 1708 956 n

472 1008 846 1077 Pnorosrrio
876 1006 1012 1076 111⁸.
1041 1045 1132 1060 --
1157 1007 1514 1097 Requlares
1554 1005 1829 1098 dispersi
1864 1017 2015 1075 voto
2054 1005 2346 1074 solemni
2364 1027 2647 1100 pauper-

385 1122 545 1188 tatis
569 1122 672 1190 ita
697 1121 1228 1212 obstm'nquntur,
1261 1135 1342 1190 ut
1365 1121 1622 1191 nullius
1641 1123 1743 1190 rei
1770 1143 1999 1190 verum
2024 1119 2405 1191 dominium
2428 1123 2645 1213 acqui-

381 1259 528 1304 rere
553 1237 845 1306 valeant.
893 1275 981 1290 —-
1025 1237 1308 1322 Etenim,
1335 1261 1406 1306 ex
1438 1239 1628 1306 dictis
1652 1245 1879 1308 votum
1912 1237 2201 1307 solemne
2243 1239 2643 1329 paupertatis,
2768 1283 2779 1304 .

384 1373 517 1420 non
547 1352 833 1422 obstante
866 1353 1288 1441 dispersione,
1314 1356 1384 1422 in
1413 1374 1529 1422 suo
1552 1353 1781 1423 robore
1806 1359 2163 1445 permanet.
2192 1352 2316 1422 Sed
2344 1353 2423 1421 de
2453 1373 2647 1422 essen·

384 1467 470 1532 tia
509 1466 710 1557 hujus
741 1469 872 1537 voti
910 1474 1004 1536 est
1037 1475 1114 1537 ut
1145 1469 1521 1559 religiosum
1558 1469 1907 1559 cujuslibet
1958 1467 2233 1539 dominii
2284 1471 2645 1559 incapacem

385 1581 648 1650 reddat:
692 1604 844 1672 ergo
879 1590 1216 1672 nequeunt
1253 1584 1565 1673 religiosi,
1612 1585 2033 1675 quantumvis
2076 1583 2335 1674 dispersi
2374 1589 2439 1650 et
2484 1589 2649 1650 tem-

385 1717 626 1786 porum
657 1699 996 1788 iniquitate
1023 1700 1345 1790 exagitati,
1379 1702 1474 1768 rei
1500 1700 1700 1770 ullius
1726 1721 1956 1770 verum
1984 1699 2346 1768 dominium
2375 1695 2497 1765 sibi
2532 1717 2641 1764 ac-

385 1813 662 1902 quirere.

474 1927 556 1998 Et
602 1930 1020 1999 confirmatur
1079 1933 1372 2022 exemplo
1424 1953 1918 2025 suppresseram
1972 1931 2431 2022 religiosorum
2492 1927 2647 1997 ordi-

389 2065 577 2112 num.
629 2044 823 2132 Nam‚
875 2053 949 2115 ut
993 2046 1426 2137 propositione
1471 2049 1534 2116 1·
1580 2049 1830 2118 dictum
1858 2054 1973 2134 est,
2014 2053 2077 2116 et
2106 2045 2355 2114 horum
2400 2041 2646 2136 professi

388 2165 726 2225 remanent
771 2159 1043 2228 solemni
1090 2169 1230 2230 voto
1273 2163 1664 2252 paupertatis
1696 2163 2009 2234 obstricti.
2056 2161 2243 2243 Quod
2290 2161 2347 2228 si
2398 2161 2515 2228 hoe
2548 2179 2645 2226 ve-

391 2289 540 2338 rum
564 2271 643 2337 sit
671 2271 752 2339 de
787 2275 1168 2363 suppressi8‚
1195 2297 1232 2343 a
1255 2275 1501 2345 fortiori
1526 2276 1605 2346 de
1626 2277 1951 2369 dispersiS.

478 2387 552 2454 ln
598 2387 1152 2458 confirmationem
1191 2393 1389 2458 etiam
1436 2391 1668 2462 adduci
1710 2401 1913 2484 potest
1946 2393 2227 2483 religiosi
2266 2391 2352 2460 ad
2396 2390 2646 2481 Episco-

391 2509 616 2592 patum
659 2506 849 2571 erecti
901 2507 1218 2588 conditio;
1252 2508 1332 2577 de
1369 2530 1499 2600 qua
1544 2512 1639 2579 sic
1683 2512 1945 2581 adnotat
1992 2509 2310 2579 zamboni
2352 2508 2553 2598 (parte
2586 2505 2641 2588 3,

389 2637 543 2704 voce
567 2619 947 2708 Reqularis,
979 2623 1020 2711 5
1052 2622 1193 2712 15):
1231 2651 1268 2691 α
1295 2625 1659 2716 Religiosus
1685 2626 1768 2696 ad
1811 2625 2263 2718 Episcopatum
2304 2629 2643 2714 promotus,

397 2757 430 2797 α
467 2735 651 2822 juxta
699 2737 1118 2827 receptiorem
1177 2743 1563 2810 sententiam
1601 2748 1891 2812 remanet
1918 2743 2262 2812 obstrictus
2308 2747 2467 2809 voto
2502 2760 2642 2832 pau-

398 2871 431 2909 «
479 2851 766 2936 pertatiS,
797 2857 858 2918 et
885 2855 1222 2946 proprium
1261 2857 1500 2927 habere
1522 2879 1654 2926 non
1684 2863 1907 2949 potest.
1947 2881 1981 2924 n
2026 2857 2479 2950 (Fir-mariana
2502 2857 2638 2924 Ben.

397 2961 478 3026 17
529 2962 682 3050 julii
738 2965 936 3050 1723,
979 2971 1020 3058 §
1067 2969 1160 3061 5.)
1220 2996 1254 3037 α
1304 2971 1647 3042 Paternam
1688 2973 2122 3044 haereditatem
2160 2972 2289 3040 sibi
2336 2969 2643 3040 vindicare

401 3099 432 3138 α
480 3084 679 3165 potest
745 3085 1056 3172 tanquam
1117 3085 1350 3172 haeres3
1425 3090 1535 3156 sed
1594 3088 1717 3156 sibi
1786 3087 2117 3158 vindicare
2176 3093 2380 3177 potest
2454 3079 2643 3174 quoad

402 3217 436 3254 α
482 3213 700 3280 usum,
743 3218 876 3266 non
919 3206 1135 3270 autem
1176 3202 1388 3291 quoad
1430 3205 1883 3295 proprietatem
1926 3212 1989 3272 et
2010 3203 2411 3290 dominium,
2450 3218 2641 3290 quum

398 3333 431 3370 <t
479 3307 620 3377 haec
647 3310 727 3378 ad
755 3334 940 3384 suam
969 3315 1318 3386 Ecclesiam
1358 3319 1595 3389 deferri
1636 3320 1881 3390 debeat.
1913 3347 1949 3389 n
1987 3319 2286 3410 (ibidem,
2318 3318 2365 3408 g
2390 3317 2433 3386 5
2465 3320 2527 3384 et
2556 3312 2639 3398 ὃ.)

385 3420 477 3490 De
518 3446 649 3514 quo
691 3428 837 3498 vide
881 3433 1075 3501 etiam
1111 3431 1623 3526 Tamburinum,
1666 3443 1839 3506 tomo
1884 3437 1949 3527 3,
1996 3458 2141 3528 pag.
2184 3434 2300 3522 28,
2342 3437 2494 3505 edit.
2533 3429 2635 3502 Co·

385 3539 576 3610 loniae
605 3545 836 3637 Agrip.
870 3547 1068 3619 1691.

473 3656 554 3725 Et
605 3660 844 3751 pariter
899 3665 1166 3755 professi
1217 3669 1403 3756 ejecti
1459 3691 1496 3738 e
1559 3667 1869 3762 religione
1881 3661 1907 3756 s,
1968 3679 2232 3740 manent
2286 3681 2431 3743 voto
2480 3689 2633 3764 pau·

383 3776 646 3861 pertatis
672 3776 998 3865 obstrieti3
1032 3801 1153 3852 nec
1182 3783 1386 3854 ullius
1432 3785 1528 3855 rei
1566 3785 1935 3861 dominium
1980 3789 2323 3880 acquirere
2356 3791 2631 3882 possunt,

383 3899 578 3980 prout
603 3881 720 3961 su'o
749 3893 889 3963 loeo
915 3895 1187 3967 dicetur.

469 4005 836 4082 Pnorosmo
863 4011 1006 4084 IV·.
1038 4053 1128 4067 —
1167 4016 1408 4084 Votum
1447 4019 1737 4091 solemne
1764 4025 2185 4114 paupertatis
2214 4047 2355 4094 non
2381 4017 2633 4115 impedit

381 4122 542 4212 quin
563 4129 894 4217 requlares
927 4128 1207 4223 dispersi
1232 4134 1414 4204 licite
1435 4147 1500 4205 et
1528 4137 1749 4208 valide
1770 4140 2030 4233 possint
2047 4163 2147 4210 res
2170 4141 2306 4210 sibi
2315 4142 2505 4210 utiles
2525 4145 2631 4206 aut

381 4244 776 4312 necessarias
797 4267 1206 4340 comparare,
1230 4253 1554 4343 pecunias
1580 4255 1767 4346 apud
1785 4277 1853 4324 se
1886 4257 2143 4343 habere,
2173 4271 2239 4326 et
2268 4259 2485 4327 varios
2506 4276 2629 4324 em·

376 4355 652 4442 paonis,
675 4359 1100 4454 venditionis,
1121 4379 1186 4434 et
1197 4365 1579 4438 donationis
1598 4383 1979 4442 contractus
1998 4372 2190 4442 inire.
2220 4412 2311 4424 —
2334 4372 2489 4441 Nam
2504 4369 2633 4458 qui-
