<?xml version="1.0" encoding="UTF-8"?>
<!DOCTYPE html PUBLIC "-//W3C//DTD XHTML 1.0 Transitional//EN"
    "http://www.w3.org/TR/xhtml1/DTD/xhtml1-transitional.dtd">
<html xmlns="http://www.w3.org/1999/xhtml" xml:lang="en" lang="en">
 <head>
  <title>
</title>
<meta http-equiv="Content-Type" content="text/html;charset=utf-8" />
  <meta name='ocr-system' content='tesseract 3.04.00' />
  <meta name='ocr-capabilities' content='ocr_page ocr_carea ocr_par ocr_line ocrx_word'/>
</head>
<body>
  <div class='ocr_page' id='page_1' title='image "./tractatusdejure01unkngoog_0479.png"; bbox 0 0 2834 4959; ppageno 0'>
   <div class='ocr_carea' id='block_1_1' title="bbox 1124 353 2460 409">
    <p class='ocr_par' dir='ltr' id='par_1_1' title="bbox 1124 353 2460 409">
     <span class='ocr_line' id='line_1_1' title="bbox 1124 353 2460 409; baseline 0.004 -6"><span class='ocrx_word' id='word_1_1' title='bbox 1124 354 1279 403; x_wconf 70' lang='lat' dir='ltr'><strong>uns</strong></span> <span class='ocrx_word' id='word_1_2' title='bbox 1324 356 1568 404; x_wconf 71' lang='lat' dir='ltr'><strong>mm.</strong></span> <span class='ocrx_word' id='word_1_3' title='bbox 2347 353 2460 409; x_wconf 73' lang='grc'><strong>461</strong></span> 
     </span>
    </p>
   </div>
   <div class='ocr_carea' id='block_1_2' title="bbox 182 476 2528 4125">
    <p class='ocr_par' dir='ltr' id='par_1_2' title="bbox 188 476 2528 2498">
     <span class='ocr_line' id='line_1_2' title="bbox 196 476 2473 573; baseline 0.002 -24"><span class='ocrx_word' id='word_1_4' title='bbox 196 480 367 549; x_wconf 82' lang='lat' dir='ltr'><strong>riam</strong></span> <span class='ocrx_word' id='word_1_5' title='bbox 392 486 459 549; x_wconf 89' lang='lat' dir='ltr'><strong>et</strong></span> <span class='ocrx_word' id='word_1_6' title='bbox 474 479 847 570; x_wconf 76' lang='lat' dir='ltr'><strong>applicatio.</strong></span> <span class='ocrx_word' id='word_1_7' title='bbox 872 476 1131 547; x_wconf 83' lang='lat' dir='ltr'><strong>Etenim</strong></span> <span class='ocrx_word' id='word_1_8' title='bbox 1154 482 1297 545; x_wconf 77' lang='lat' dir='ltr'><strong>vota</strong></span> <span class='ocrx_word' id='word_1_9' title='bbox 1316 476 1428 547; x_wconf 80' lang='lat' dir='ltr'><strong>illa</strong></span> <span class='ocrx_word' id='word_1_10' title='bbox 1447 478 1764 549; x_wconf 84' lang='lat' dir='ltr'><strong>solemnia</strong></span> <span class='ocrx_word' id='word_1_11' title='bbox 1787 498 1921 549; x_wconf 80' lang='lat' dir='ltr'><strong>non</strong></span> <span class='ocrx_word' id='word_1_12' title='bbox 1941 479 2168 559; x_wconf 69' lang='lat' dir='ltr'><strong>forent,</strong></span> <span class='ocrx_word' id='word_1_13' title='bbox 2201 481 2300 549; x_wconf 76' lang='lat' dir='ltr'><strong>vel</strong></span> <span class='ocrx_word' id='word_1_14' title='bbox 2317 484 2473 573; x_wconf 85' lang='lat' dir='ltr'><strong>quia</strong></span> 
     </span>
     <span class='ocr_line' id='line_1_3' title="bbox 192 592 2478 687; baseline 0.002 -24"><span class='ocrx_word' id='word_1_15' title='bbox 192 594 287 664; x_wconf 83' lang='lat' dir='ltr'><strong>lex</strong></span> <span class='ocrx_word' id='word_1_16' title='bbox 306 594 527 665; x_wconf 81' lang='lat' dir='ltr'><strong>civilis</strong></span> <span class='ocrx_word' id='word_1_17' title='bbox 552 592 779 663; x_wconf 81' lang='lat' dir='ltr'><strong>Galliae</strong></span> <span class='ocrx_word' id='word_1_18' title='bbox 806 592 1087 661; x_wconf 85' lang='lat' dir='ltr'><strong>obstaret</strong></span> <span class='ocrx_word' id='word_1_19' title='bbox 1116 592 1526 684; x_wconf 79' lang='lat' dir='ltr'><strong>incapacitati</strong></span> <span class='ocrx_word' id='word_1_20' title='bbox 1551 592 1828 662; x_wconf 88' lang='lat' dir='ltr'><strong>dominii</strong></span> <span class='ocrx_word' id='word_1_21' title='bbox 1857 620 1876 681; x_wconf 85' lang='lat'><em>3</em></span> <span class='ocrx_word' id='word_1_22' title='bbox 1909 594 2012 665; x_wconf 83' lang='lat' dir='ltr'><strong>vel</strong></span> <span class='ocrx_word' id='word_1_23' title='bbox 2031 594 2188 685; x_wconf 86' lang='lat' dir='ltr'><strong>quia</strong></span> <span class='ocrx_word' id='word_1_24' title='bbox 2214 595 2478 687; x_wconf 81' lang='lat' dir='ltr'><strong>religio·</strong></span> 
     </span>
     <span class='ocr_line' id='line_1_4' title="bbox 192 705 2474 797; baseline 0.002 -20"><span class='ocrx_word' id='word_1_25' title='bbox 192 726 311 793; x_wconf 84' lang='lat' dir='ltr'><strong>sos,</strong></span> <span class='ocrx_word' id='word_1_26' title='bbox 344 710 405 777; x_wconf 88' lang='lat' dir='ltr'><strong>si</strong></span> <span class='ocrx_word' id='word_1_27' title='bbox 452 708 667 777; x_wconf 79' lang='lat' dir='ltr'><strong>forent</strong></span> <span class='ocrx_word' id='word_1_28' title='bbox 690 705 971 775; x_wconf 89' lang='lat' dir='ltr'><strong>dominii</strong></span> <span class='ocrx_word' id='word_1_29' title='bbox 1019 707 1385 797; x_wconf 72' lang='lat' dir='ltr'><strong>incapaces,</strong></span> <span class='ocrx_word' id='word_1_30' title='bbox 1421 711 1514 774; x_wconf 90' lang='lat' dir='ltr'><strong>tot</strong></span> <span class='ocrx_word' id='word_1_31' title='bbox 1565 706 2060 777; x_wconf 81' lang='lat' dir='ltr'><strong>difficultatibus</strong></span> <span class='ocrx_word' id='word_1_32' title='bbox 2108 708 2209 777; x_wconf 87' lang='lat' dir='ltr'><strong>lex</strong></span> <span class='ocrx_word' id='word_1_33' title='bbox 2265 709 2474 781; x_wconf 80' lang='lat' dir='ltr'><strong>civilis</strong></span> 
     </span>
     <span class='ocr_line' id='line_1_5' title="bbox 189 820 2468 914; baseline 0.002 -23"><span class='ocrx_word' id='word_1_34' title='bbox 189 821 579 913; x_wconf 85' lang='lat' dir='ltr'><strong>implicaret,</strong></span> <span class='ocrx_word' id='word_1_35' title='bbox 596 829 671 891; x_wconf 89' lang='lat' dir='ltr'><strong>ut</strong></span> <span class='ocrx_word' id='word_1_36' title='bbox 689 828 833 892; x_wconf 83' lang='lat' dir='ltr'><strong>vota</strong></span> <span class='ocrx_word' id='word_1_37' title='bbox 856 842 1011 891; x_wconf 88' lang='lat' dir='ltr'><strong>eum</strong></span> <span class='ocrx_word' id='word_1_38' title='bbox 1030 820 1155 891; x_wconf 88' lang='lat' dir='ltr'><strong>hac</strong></span> <span class='ocrx_word' id='word_1_39' title='bbox 1166 820 1592 912; x_wconf 83' lang='lat' dir='ltr'><strong>incapacitate</strong></span> <span class='ocrx_word' id='word_1_40' title='bbox 1609 842 1744 890; x_wconf 85' lang='lat' dir='ltr'><strong>non</strong></span> <span class='ocrx_word' id='word_1_41' title='bbox 1767 828 1978 893; x_wconf 87' lang='lat' dir='ltr'><strong>essent</strong></span> <span class='ocrx_word' id='word_1_42' title='bbox 1997 823 2076 892; x_wconf 89' lang='lat' dir='ltr'><strong>de</strong></span> <span class='ocrx_word' id='word_1_43' title='bbox 2089 846 2161 893; x_wconf 90' lang='lat' dir='ltr'><strong>re</strong></span> <span class='ocrx_word' id='word_1_44' title='bbox 2191 824 2468 914; x_wconf 88' lang='lat' dir='ltr'><strong>meliori,</strong></span> 
     </span>
     <span class='ocr_line' id='line_1_6' title="bbox 190 934 2472 1027; baseline 0.003 -24"><span class='ocrx_word' id='word_1_45' title='bbox 190 954 317 1003; x_wconf 90' lang='lat' dir='ltr'><strong>nec</strong></span> <span class='ocrx_word' id='word_1_46' title='bbox 344 935 612 1025; x_wconf 76' lang='lat' dir='ltr'>proinde</span> <span class='ocrx_word' id='word_1_47' title='bbox 651 936 913 1019; x_wconf 78' lang='lat' dir='ltr'><strong>valida3</strong></span> <span class='ocrx_word' id='word_1_48' title='bbox 943 934 1044 1003; x_wconf 76' lang='lat' dir='ltr'><strong>vel</strong></span> <span class='ocrx_word' id='word_1_49' title='bbox 1070 936 1255 1025; x_wconf 88' lang='lat' dir='ltr'><strong>quia,</strong></span> <span class='ocrx_word' id='word_1_50' title='bbox 1286 940 1361 1005; x_wconf 91' lang='lat' dir='ltr'><strong>ut</strong></span> <span class='ocrx_word' id='word_1_51' title='bbox 1386 940 1558 1005; x_wconf 86' lang='lat' dir='ltr'><strong>certa</strong></span> <span class='ocrx_word' id='word_1_52' title='bbox 1587 936 1752 1006; x_wconf 80' lang='lat' dir='ltr'><strong>foret</strong></span> <span class='ocrx_word' id='word_1_53' title='bbox 1803 938 2126 1027; x_wconf 86' lang='lat' dir='ltr'><strong>ejusmodi</strong></span> <span class='ocrx_word' id='word_1_54' title='bbox 2173 944 2472 1009; x_wconf 78' lang='lat' dir='ltr'><strong>votorum</strong></span> 
     </span>
     <span class='ocr_line' id='line_1_7' title="bbox 190 1047 2468 1145; baseline 0.004 -28"><span class='ocrx_word' id='word_1_55' title='bbox 190 1047 587 1135; x_wconf 68' lang='lat' dir='ltr'><strong>solemnitas,</strong></span> <span class='ocrx_word' id='word_1_56' title='bbox 640 1050 1074 1141; x_wconf 74' lang='lat' dir='ltr'><strong>requireretur</strong></span> <span class='ocrx_word' id='word_1_57' title='bbox 1122 1068 1417 1138; x_wconf 87' lang='lat' dir='ltr'><strong>expressa</strong></span> <span class='ocrx_word' id='word_1_58' title='bbox 1465 1050 1634 1121; x_wconf 86' lang='lat' dir='ltr'><strong>sedis</strong></span> <span class='ocrx_word' id='word_1_59' title='bbox 1676 1050 2061 1142; x_wconf 74' lang='lat' dir='ltr'><strong>Apostolieae</strong></span> <span class='ocrx_word' id='word_1_60' title='bbox 2100 1052 2468 1145; x_wconf 73' lang='lat' dir='ltr'><strong>declaratio,</strong></span> 
     </span>
     <span class='ocr_line' id='line_1_8' title="bbox 196 1163 2474 1254; baseline 0.002 -20"><span class='ocrx_word' id='word_1_61' title='bbox 196 1185 323 1254; x_wconf 81' lang='lat' dir='ltr'><strong>qua</strong></span> <span class='ocrx_word' id='word_1_62' title='bbox 352 1172 694 1235; x_wconf 83' lang='lat' dir='ltr'><strong>testaretur</strong></span> <span class='ocrx_word' id='word_1_63' title='bbox 721 1187 793 1235; x_wconf 88' lang='lat' dir='ltr'><strong>se</strong></span> <span class='ocrx_word' id='word_1_64' title='bbox 842 1163 1085 1233; x_wconf 86' lang='lat' dir='ltr'><strong>habere</strong></span> <span class='ocrx_word' id='word_1_65' title='bbox 1110 1171 1185 1233; x_wconf 89' lang='lat' dir='ltr'><strong>ut</strong></span> <span class='ocrx_word' id='word_1_66' title='bbox 1228 1164 1545 1234; x_wconf 86' lang='lat' dir='ltr'><strong>solemnia</strong></span> <span class='ocrx_word' id='word_1_67' title='bbox 1589 1166 1886 1235; x_wconf 77' lang='lat' dir='ltr'><strong>virorum</strong></span> <span class='ocrx_word' id='word_1_68' title='bbox 1927 1168 2119 1237; x_wconf 91' lang='lat' dir='ltr'><strong>hodie</strong></span> <span class='ocrx_word' id='word_1_69' title='bbox 2161 1170 2231 1237; x_wconf 91' lang='lat' dir='ltr'><strong>in</strong></span> <span class='ocrx_word' id='word_1_70' title='bbox 2265 1168 2474 1239; x_wconf 86' lang='lat' dir='ltr'><strong>Gallia</strong></span> 
     </span>
     <span class='ocr_line' id='line_1_9' title="bbox 196 1280 2466 1374; baseline 0.001 -23"><span class='ocrx_word' id='word_1_71' title='bbox 196 1280 641 1372; x_wconf 83' lang='lat' dir='ltr'><strong>profitentium</strong></span> <span class='ocrx_word' id='word_1_72' title='bbox 682 1288 851 1352; x_wconf 78' lang='lat' dir='ltr'><strong>vota.</strong></span> <span class='ocrx_word' id='word_1_73' title='bbox 904 1280 1111 1371; x_wconf 81' lang='lat' dir='ltr'><strong>Atqui</strong></span> <span class='ocrx_word' id='word_1_74' title='bbox 1178 1280 1444 1351; x_wconf 79' lang='lat' dir='ltr'><strong>nullum</strong></span> <span class='ocrx_word' id='word_1_75' title='bbox 1489 1302 1566 1351; x_wconf 89' lang='lat' dir='ltr'><strong>ex</strong></span> <span class='ocrx_word' id='word_1_76' title='bbox 1595 1281 1702 1351; x_wconf 87' lang='lat' dir='ltr'><strong>his</strong></span> <span class='ocrx_word' id='word_1_77' title='bbox 1753 1281 1882 1352; x_wconf 86' lang='lat' dir='ltr'><strong>dici</strong></span> <span class='ocrx_word' id='word_1_78' title='bbox 1935 1288 2164 1374; x_wconf 86' lang='lat' dir='ltr'><strong>potest.</strong></span> <span class='ocrx_word' id='word_1_79' title='bbox 2191 1284 2244 1353; x_wconf 90' lang='lat' dir='ltr'><strong>E</strong></span> <span class='ocrx_word' id='word_1_80' title='bbox 2263 1286 2466 1355; x_wconf 87' lang='lat' dir='ltr'><strong>tenim</strong></span> 
     </span>
     <span class='ocr_line' id='line_1_10' title="bbox 196 1395 2472 1488; baseline 0.002 -24"><span class='ocrx_word' id='word_1_81' title='bbox 196 1416 391 1488; x_wconf 85' lang='lat' dir='ltr'><strong>supra</strong></span> <span class='ocrx_word' id='word_1_82' title='bbox 444 1396 787 1487; x_wconf 86' lang='lat' dir='ltr'><strong>probatum</strong></span> <span class='ocrx_word' id='word_1_83' title='bbox 830 1402 925 1465; x_wconf 86' lang='lat' dir='ltr'><strong>est</strong></span> <span class='ocrx_word' id='word_1_84' title='bbox 970 1395 1183 1485; x_wconf 82' lang='lat' dir='ltr'><strong>legem</strong></span> <span class='ocrx_word' id='word_1_85' title='bbox 1225 1396 1486 1467; x_wconf 87' lang='lat' dir='ltr'><strong>civilem</strong></span> <span class='ocrx_word' id='word_1_86' title='bbox 1538 1395 1790 1485; x_wconf 63' lang='lat' dir='ltr'><strong>Galliae,</strong></span> <span class='ocrx_word' id='word_1_87' title='bbox 1833 1399 2250 1486; x_wconf 81' lang='lat' dir='ltr'><strong>quantumvis</strong></span> <span class='ocrx_word' id='word_1_88' title='bbox 2293 1401 2472 1469; x_wconf 88' lang='lat' dir='ltr'><strong>inca·</strong></span> 
     </span>
     <span class='ocr_line' id='line_1_11' title="bbox 197 1509 2464 1607; baseline 0.001 -27"><span class='ocrx_word' id='word_1_89' title='bbox 197 1510 537 1600; x_wconf 81' lang='lat' dir='ltr'><strong>pacitatem</strong></span> <span class='ocrx_word' id='word_1_90' title='bbox 570 1510 843 1581; x_wconf 89' lang='lat' dir='ltr'><strong>dominii</strong></span> <span class='ocrx_word' id='word_1_91' title='bbox 872 1510 943 1579; x_wconf 89' lang='lat' dir='ltr'><strong>in</strong></span> <span class='ocrx_word' id='word_1_92' title='bbox 970 1509 1273 1601; x_wconf 82' lang='lat' dir='ltr'><strong>religioso</strong></span> <span class='ocrx_word' id='word_1_93' title='bbox 1302 1530 1440 1580; x_wconf 91' lang='lat' dir='ltr'><strong>non</strong></span> <span class='ocrx_word' id='word_1_94' title='bbox 1485 1517 1817 1602; x_wconf 82' lang='lat' dir='ltr'><strong>agnoscat,</strong></span> <span class='ocrx_word' id='word_1_95' title='bbox 1845 1512 2212 1583; x_wconf 84' lang='lat' dir='ltr'><strong>nullatenus</strong></span> <span class='ocrx_word' id='word_1_96' title='bbox 2253 1516 2464 1607; x_wconf 86' lang='lat' dir='ltr'><strong>impe-</strong></span> 
     </span>
     <span class='ocr_line' id='line_1_12' title="bbox 196 1623 2470 1719; baseline 0.003 -24"><span class='ocrx_word' id='word_1_97' title='bbox 196 1625 337 1695; x_wconf 89' lang='lat' dir='ltr'><strong>dire</strong></span> <span class='ocrx_word' id='word_1_98' title='bbox 384 1626 737 1717; x_wconf 85' lang='lat' dir='ltr'><strong>quominus</strong></span> <span class='ocrx_word' id='word_1_99' title='bbox 759 1623 1151 1714; x_wconf 70' lang='lat' dir='ltr'><strong>incapacitas</strong></span> <span class='ocrx_word' id='word_1_100' title='bbox 1184 1623 1323 1692; x_wconf 78' lang='lat' dir='ltr'><strong>hoec</strong></span> <span class='ocrx_word' id='word_1_101' title='bbox 1376 1624 1598 1693; x_wconf 83' lang='lat' dir='ltr'><strong>adesse</strong></span> <span class='ocrx_word' id='word_1_102' title='bbox 1653 1626 1874 1716; x_wconf 87' lang='lat' dir='ltr'><strong>possit.</strong></span> <span class='ocrx_word' id='word_1_103' title='bbox 1919 1623 2078 1693; x_wconf 85' lang='lat' dir='ltr'><strong>ltem</strong></span> <span class='ocrx_word' id='word_1_104' title='bbox 2126 1628 2470 1719; x_wconf 88' lang='lat' dir='ltr'><strong>probatum</strong></span> 
     </span>
     <span class='ocr_line' id='line_1_13' title="bbox 190 1737 2472 1833; baseline 0.001 -22"><span class='ocrx_word' id='word_1_105' title='bbox 190 1747 313 1824; x_wconf 72' lang='lat' dir='ltr'><strong>oet,</strong></span> <span class='ocrx_word' id='word_1_106' title='bbox 344 1762 481 1810; x_wconf 87' lang='lat' dir='ltr'><strong>non</strong></span> <span class='ocrx_word' id='word_1_107' title='bbox 522 1739 827 1833; x_wconf 88' lang='lat' dir='ltr'><strong>impediri</strong></span> <span class='ocrx_word' id='word_1_108' title='bbox 882 1737 1195 1810; x_wconf 81' lang='lat' dir='ltr'><strong>indirecte</strong></span> <span class='ocrx_word' id='word_1_109' title='bbox 1231 1738 1725 1829; x_wconf 72' lang='lat' dir='ltr'><strong>incapacitatem</strong></span> <span class='ocrx_word' id='word_1_110' title='bbox 1767 1739 1949 1808; x_wconf 88' lang='lat' dir='ltr'><strong>illam</strong></span> <span class='ocrx_word' id='word_1_111' title='bbox 1993 1740 2078 1809; x_wconf 89' lang='lat' dir='ltr'><strong>ob</strong></span> <span class='ocrx_word' id='word_1_112' title='bbox 2127 1749 2472 1833; x_wconf 79' lang='lat' dir='ltr'><strong>praetensas</strong></span> 
     </span>
     <span class='ocr_line' id='line_1_14' title="bbox 188 1850 2470 1944; baseline 0.002 -20"><span class='ocrx_word' id='word_1_113' title='bbox 188 1853 605 1924; x_wconf 85' lang='lat' dir='ltr'><strong>difficultates</strong></span> <span class='ocrx_word' id='word_1_114' title='bbox 652 1876 727 1923; x_wconf 88' lang='lat' dir='ltr'><strong>ex</strong></span> <span class='ocrx_word' id='word_1_115' title='bbox 778 1853 1039 1944; x_wconf 58' lang='lat' dir='ltr'><strong>praefata</strong></span> <span class='ocrx_word' id='word_1_116' title='bbox 1088 1852 1227 1941; x_wconf 81' lang='lat' dir='ltr'><strong>lege</strong></span> <span class='ocrx_word' id='word_1_117' title='bbox 1276 1851 1456 1921; x_wconf 81' lang='lat' dir='ltr'><strong>civili</strong></span> <span class='ocrx_word' id='word_1_118' title='bbox 1499 1850 1870 1921; x_wconf 86' lang='lat' dir='ltr'><strong>exorientes.</strong></span> <span class='ocrx_word' id='word_1_119' title='bbox 1919 1853 2000 1921; x_wconf 86' lang='lat' dir='ltr'><strong>Et</strong></span> <span class='ocrx_word' id='word_1_120' title='bbox 2047 1854 2308 1925; x_wconf 82' lang='lat' dir='ltr'><strong>tandem</strong></span> <span class='ocrx_word' id='word_1_121' title='bbox 2357 1880 2470 1929; x_wconf 90' lang='lat' dir='ltr'><strong>su-</strong></span> 
     </span>
     <span class='ocr_line' id='line_1_15' title="bbox 188 1965 2470 2058; baseline 0.002 -25"><span class='ocrx_word' id='word_1_122' title='bbox 188 1966 445 2056; x_wconf 84' lang='lat' dir='ltr'><strong>periori</strong></span> <span class='ocrx_word' id='word_1_123' title='bbox 494 1967 939 2057; x_wconf 80' lang='lat' dir='ltr'><strong>propositione,</strong></span> <span class='ocrx_word' id='word_1_124' title='bbox 993 1965 1339 2057; x_wconf 85' lang='lat' dir='ltr'><strong>probatum</strong></span> <span class='ocrx_word' id='word_1_125' title='bbox 1390 1970 1488 2033; x_wconf 89' lang='lat' dir='ltr'><strong>est</strong></span> <span class='ocrx_word' id='word_1_126' title='bbox 1541 1985 1672 2033; x_wconf 93' lang='lat' dir='ltr'><strong>non</strong></span> <span class='ocrx_word' id='word_1_127' title='bbox 1723 1969 1980 2032; x_wconf 88' lang='lat' dir='ltr'><strong>tantum</strong></span> <span class='ocrx_word' id='word_1_128' title='bbox 2035 1987 2166 2034; x_wconf 87' lang='lat' dir='ltr'><strong>non</strong></span> <span class='ocrx_word' id='word_1_129' title='bbox 2223 1970 2470 2058; x_wconf 80' lang='lat' dir='ltr'><strong>requiri</strong></span> 
     </span>
     <span class='ocr_line' id='line_1_16' title="bbox 190 2075 2464 2171; baseline 0.001 -22"><span class='ocrx_word' id='word_1_130' title='bbox 190 2098 561 2169; x_wconf 77' lang='lat' dir='ltr'><strong>expressam</strong></span> <span class='ocrx_word' id='word_1_131' title='bbox 609 2080 773 2149; x_wconf 89' lang='lat' dir='ltr'><strong>sedis</strong></span> <span class='ocrx_word' id='word_1_132' title='bbox 838 2078 1227 2171; x_wconf 80' lang='lat' dir='ltr'><strong>Apostolicae</strong></span> <span class='ocrx_word' id='word_1_133' title='bbox 1300 2078 1794 2149; x_wconf 81' lang='lat' dir='ltr'><strong>declarationem</strong></span> <span class='ocrx_word' id='word_1_134' title='bbox 1845 2085 1918 2146; x_wconf 87' lang='lat' dir='ltr'><strong>ut</strong></span> <span class='ocrx_word' id='word_1_135' title='bbox 1967 2075 2282 2149; x_wconf 86' lang='lat' dir='ltr'><strong>solemnia</strong></span> <span class='ocrx_word' id='word_1_136' title='bbox 2335 2083 2464 2151; x_wconf 87' lang='lat' dir='ltr'><strong>sint</strong></span> 
     </span>
     <span class='ocr_line' id='line_1_17' title="bbox 192 2193 2470 2289; baseline 0.002 -25"><span class='ocrx_word' id='word_1_137' title='bbox 192 2194 389 2265; x_wconf 87' lang='lat' dir='ltr'><strong>hodie</strong></span> <span class='ocrx_word' id='word_1_138' title='bbox 417 2194 487 2265; x_wconf 87' lang='lat' dir='ltr'><strong>in</strong></span> <span class='ocrx_word' id='word_1_139' title='bbox 528 2194 733 2265; x_wconf 82' lang='lat' dir='ltr'><strong>Gallia</strong></span> <span class='ocrx_word' id='word_1_140' title='bbox 761 2202 905 2265; x_wconf 78' lang='lat' dir='ltr'><strong>vota</strong></span> <span class='ocrx_word' id='word_1_141' title='bbox 938 2194 1393 2285; x_wconf 80' lang='lat' dir='ltr'><strong>religiosorum</strong></span> <span class='ocrx_word' id='word_1_142' title='bbox 1425 2194 1549 2264; x_wconf 88' lang='lat' dir='ltr'><strong>rite</strong></span> <span class='ocrx_word' id='word_1_143' title='bbox 1589 2193 2058 2285; x_wconf 84' lang='lat' dir='ltr'><strong>profitentium,</strong></span> <span class='ocrx_word' id='word_1_144' title='bbox 2087 2195 2198 2265; x_wconf 87' lang='lat' dir='ltr'><strong>sed</strong></span> <span class='ocrx_word' id='word_1_145' title='bbox 2225 2200 2470 2289; x_wconf 84' lang='lat' dir='ltr'><strong>requiri</strong></span> 
     </span>
     <span class='ocr_line' id='line_1_18' title="bbox 195 2310 2528 2402; baseline 0.002 -23"><span class='ocrx_word' id='word_1_146' title='bbox 195 2332 235 2379; x_wconf 91' lang='lat' dir='ltr'><strong>e</strong></span> <span class='ocrx_word' id='word_1_147' title='bbox 260 2318 477 2383; x_wconf 81' lang='lat' dir='ltr'><strong>eontm</strong></span> <span class='ocrx_word' id='word_1_148' title='bbox 497 2332 857 2402; x_wconf 76' lang='lat' dir='ltr'><strong>expressam</strong></span> <span class='ocrx_word' id='word_1_149' title='bbox 901 2310 1084 2379; x_wconf 87' lang='lat' dir='ltr'><strong>illam</strong></span> <span class='ocrx_word' id='word_1_150' title='bbox 1130 2310 1654 2394; x_wconf 85' lang='lat' dir='ltr'><strong>declarationem,</strong></span> <span class='ocrx_word' id='word_1_151' title='bbox 1685 2316 1761 2377; x_wconf 87' lang='lat' dir='ltr'><strong>ut</strong></span> <span class='ocrx_word' id='word_1_152' title='bbox 1788 2316 1934 2379; x_wconf 80' lang='lat' dir='ltr'><strong>vota</strong></span> <span class='ocrx_word' id='word_1_153' title='bbox 1983 2311 2128 2381; x_wconf 68' lang='lat' dir='ltr'><strong>haec</strong></span> <span class='ocrx_word' id='word_1_154' title='bbox 2155 2314 2468 2385; x_wconf 88' lang='lat' dir='ltr'><strong>solemnia</strong></span> <span class='ocrx_word' id='word_1_155' title='bbox 2518 2336 2528 2343; x_wconf 91' lang='lat'><strong>·</strong></span> 
     </span>
     <span class='ocr_line' id='line_1_19' title="bbox 196 2428 523 2498; baseline 0 -3"><span class='ocrx_word' id='word_1_156' title='bbox 196 2446 328 2498; x_wconf 86' lang='lat' dir='ltr'><strong>non</strong></span> <span class='ocrx_word' id='word_1_157' title='bbox 370 2428 523 2495; x_wconf 85' lang='lat' dir='ltr'><strong>sint.</strong></span> 
     </span>
    </p>

    <p class='ocr_par' dir='ltr' id='par_1_3' title="bbox 182 2539 2468 4125">
     <span class='ocr_line' id='line_1_20' title="bbox 284 2539 2468 2633; baseline -0 -18"><span class='ocrx_word' id='word_1_158' title='bbox 284 2544 483 2615; x_wconf 82' lang='lat' dir='ltr'><strong>Nota.</strong></span> <span class='ocrx_word' id='word_1_159' title='bbox 510 2540 691 2612; x_wconf 86' lang='lat' dir='ltr'><strong>-Si</strong></span> <span class='ocrx_word' id='word_1_160' title='bbox 738 2548 957 2611; x_wconf 86' lang='lat' dir='ltr'><strong>tamen</strong></span> <span class='ocrx_word' id='word_1_161' title='bbox 1002 2540 1183 2609; x_wconf 87' lang='lat' dir='ltr'><strong>sedes</strong></span> <span class='ocrx_word' id='word_1_162' title='bbox 1228 2539 1624 2629; x_wconf 87' lang='lat' dir='ltr'><strong>Apostolica,</strong></span> <span class='ocrx_word' id='word_1_163' title='bbox 1668 2560 1816 2629; x_wconf 79' lang='lat' dir='ltr'><strong>quoe</strong></span> <span class='ocrx_word' id='word_1_164' title='bbox 1866 2541 2161 2633; x_wconf 82' lang='lat' dir='ltr'><strong>praesatos</strong></span> <span class='ocrx_word' id='word_1_165' title='bbox 2211 2542 2468 2614; x_wconf 87' lang='lat' dir='ltr'><strong>ordines</strong></span> 
     </span>
     <span class='ocr_line' id='line_1_21' title="bbox 196 2652 2466 2749; baseline 0.002 -23"><span class='ocrx_word' id='word_1_166' title='bbox 196 2658 633 2749; x_wconf 86' lang='lat' dir='ltr'><strong>approbando,</strong></span> <span class='ocrx_word' id='word_1_167' title='bbox 657 2662 803 2727; x_wconf 71' lang='lat' dir='ltr'><strong>vota</strong></span> <span class='ocrx_word' id='word_1_168' title='bbox 846 2657 921 2725; x_wconf 89' lang='lat' dir='ltr'><strong>in</strong></span> <span class='ocrx_word' id='word_1_169' title='bbox 968 2654 1361 2747; x_wconf 75' lang='lat' dir='ltr'><strong>professione</strong></span> <span class='ocrx_word' id='word_1_170' title='bbox 1412 2652 1534 2720; x_wconf 86' lang='lat' dir='ltr'><strong>rite</strong></span> <span class='ocrx_word' id='word_1_171' title='bbox 1587 2655 1936 2723; x_wconf 83' lang='lat' dir='ltr'><strong>emittenda</strong></span> <span class='ocrx_word' id='word_1_172' title='bbox 1993 2678 2114 2748; x_wconf 87' lang='lat' dir='ltr'><strong>pro</strong></span> <span class='ocrx_word' id='word_1_173' title='bbox 2157 2657 2466 2730; x_wconf 87' lang='lat' dir='ltr'><strong>solemni-</strong></span> 
     </span>
     <span class='ocr_line' id='line_1_22' title="bbox 194 2766 2462 2865; baseline 0 -24"><span class='ocrx_word' id='word_1_174' title='bbox 194 2772 323 2841; x_wconf 84' lang='lat' dir='ltr'><strong>bus</strong></span> <span class='ocrx_word' id='word_1_175' title='bbox 366 2773 733 2865; x_wconf 79' lang='lat' dir='ltr'><strong>acceptavit,</strong></span> <span class='ocrx_word' id='word_1_176' title='bbox 767 2790 1057 2863; x_wconf 83' lang='lat' dir='ltr'><strong>expresse</strong></span> <span class='ocrx_word' id='word_1_177' title='bbox 1088 2766 1598 2859; x_wconf 87' lang='lat' dir='ltr'><strong>acceptationem</strong></span> <span class='ocrx_word' id='word_1_178' title='bbox 1647 2766 1816 2834; x_wconf 88' lang='lat' dir='ltr'><strong>hanc</strong></span> <span class='ocrx_word' id='word_1_179' title='bbox 1863 2772 2222 2839; x_wconf 82' lang='lat' dir='ltr'><strong>retraxisset</strong></span> <span class='ocrx_word' id='word_1_180' title='bbox 2253 2776 2462 2859; x_wconf 87' lang='lat' dir='ltr'><strong>quoad</strong></span> 
     </span>
     <span class='ocr_line' id='line_1_23' title="bbox 190 2877 2460 2976; baseline -0.002 -21"><span class='ocrx_word' id='word_1_181' title='bbox 190 2884 519 2976; x_wconf 81' lang='lat' dir='ltr'><strong>religiosos</strong></span> <span class='ocrx_word' id='word_1_182' title='bbox 567 2887 807 2972; x_wconf 84' lang='lat' dir='ltr'><strong>Gallos,</strong></span> <span class='ocrx_word' id='word_1_183' title='bbox 856 2886 1085 2975; x_wconf 87' lang='lat' dir='ltr'><strong>utique</strong></span> <span class='ocrx_word' id='word_1_184' title='bbox 1130 2887 1279 2951; x_wconf 78' lang='lat' dir='ltr'><strong>vota</strong></span> <span class='ocrx_word' id='word_1_185' title='bbox 1330 2880 1626 2970; x_wconf 86' lang='lat' dir='ltr'><strong>ipsorum</strong></span> <span class='ocrx_word' id='word_1_186' title='bbox 1678 2877 1992 2947; x_wconf 88' lang='lat' dir='ltr'><strong>solemnia</strong></span> <span class='ocrx_word' id='word_1_187' title='bbox 2041 2900 2176 2948; x_wconf 87' lang='lat' dir='ltr'><strong>non</strong></span> <span class='ocrx_word' id='word_1_188' title='bbox 2233 2882 2460 2952; x_wconf 72' lang='lat' dir='ltr'><strong>forent.</strong></span> 
     </span>
     <span class='ocr_line' id='line_1_24' title="bbox 190 2993 2464 3086; baseline -0.001 -15"><span class='ocrx_word' id='word_1_189' title='bbox 190 2998 315 3071; x_wconf 87' lang='lat' dir='ltr'><strong>Sed</strong></span> <span class='ocrx_word' id='word_1_190' title='bbox 340 3003 419 3071; x_wconf 90' lang='lat' dir='ltr'><strong>ad</strong></span> <span class='ocrx_word' id='word_1_191' title='bbox 452 3004 519 3073; x_wconf 86' lang='lat' dir='ltr'><strong>id</strong></span> <span class='ocrx_word' id='word_1_192' title='bbox 566 3002 917 3073; x_wconf 83' lang='lat' dir='ltr'><strong>necessaria</strong></span> <span class='ocrx_word' id='word_1_193' title='bbox 976 3008 1094 3086; x_wconf 82' lang='lat' dir='ltr'><strong>est,</strong></span> <span class='ocrx_word' id='word_1_194' title='bbox 1145 3005 1219 3069; x_wconf 84' lang='lat' dir='ltr'><strong>ut</strong></span> <span class='ocrx_word' id='word_1_195' title='bbox 1262 2997 1572 3080; x_wconf 88' lang='lat' dir='ltr'><strong>diximus,</strong></span> <span class='ocrx_word' id='word_1_196' title='bbox 1609 2993 1778 3065; x_wconf 88' lang='lat' dir='ltr'><strong>sedis</strong></span> <span class='ocrx_word' id='word_1_197' title='bbox 1824 2994 2204 3086; x_wconf 82' lang='lat' dir='ltr'><strong>Apostolicae</strong></span> <span class='ocrx_word' id='word_1_198' title='bbox 2257 2998 2464 3068; x_wconf 88' lang='lat' dir='ltr'><strong>decla-</strong></span> 
     </span>
     <span class='ocr_line' id='line_1_25' title="bbox 186 3110 2460 3208; baseline -0.001 -23"><span class='ocrx_word' id='word_1_199' title='bbox 186 3117 395 3203; x_wconf 84' lang='lat' dir='ltr'><strong>ratio;</strong></span> <span class='ocrx_word' id='word_1_200' title='bbox 430 3120 617 3208; x_wconf 82' lang='lat' dir='ltr'><strong>cujus</strong></span> <span class='ocrx_word' id='word_1_201' title='bbox 664 3116 1117 3188; x_wconf 87' lang='lat' dir='ltr'><strong>declarationis</strong></span> <span class='ocrx_word' id='word_1_202' title='bbox 1162 3134 1245 3183; x_wconf 90' lang='lat' dir='ltr'><strong>ne</strong></span> <span class='ocrx_word' id='word_1_203' title='bbox 1298 3111 1652 3201; x_wconf 79' lang='lat' dir='ltr'><strong>vestigium</strong></span> <span class='ocrx_word' id='word_1_204' title='bbox 1695 3110 1960 3201; x_wconf 88' lang='lat' dir='ltr'><strong>quidem</strong></span> <span class='ocrx_word' id='word_1_205' title='bbox 2017 3112 2300 3202; x_wconf 89' lang='lat' dir='ltr'><strong>reperire</strong></span> <span class='ocrx_word' id='word_1_206' title='bbox 2339 3124 2460 3197; x_wconf 86' lang='lat' dir='ltr'><strong>est,</strong></span> 
     </span>
     <span class='ocr_line' id='line_1_26' title="bbox 190 3225 2460 3327; baseline -0.002 -22"><span class='ocrx_word' id='word_1_207' title='bbox 190 3234 399 3325; x_wconf 86' lang='lat' dir='ltr'><strong>quoad</strong></span> <span class='ocrx_word' id='word_1_208' title='bbox 432 3242 715 3321; x_wconf 79' lang='lat' dir='ltr'><strong>caeteros,</strong></span> <span class='ocrx_word' id='word_1_209' title='bbox 742 3240 973 3327; x_wconf 62' lang='lat' dir='ltr'><strong>praeter</strong></span> <span class='ocrx_word' id='word_1_210' title='bbox 999 3232 1377 3322; x_wconf 85' lang='lat' dir='ltr'><strong>Trappistas</strong></span> <span class='ocrx_word' id='word_1_211' title='bbox 1421 3225 1650 3297; x_wconf 82' lang='lat' dir='ltr'><strong>Galliae</strong></span> <span class='ocrx_word' id='word_1_212' title='bbox 1693 3228 2028 3318; x_wconf 80' lang='lat' dir='ltr'><strong>religiosos</strong></span> <span class='ocrx_word' id='word_1_213' title='bbox 2063 3228 2460 3323; x_wconf 82' lang='lat' dir='ltr'><strong>(Trappista-</strong></span> 
     </span>
     <span class='ocr_line' id='line_1_27' title="bbox 190 3342 2465 3442; baseline -0 -23"><span class='ocrx_word' id='word_1_214' title='bbox 190 3370 344 3419; x_wconf 87' lang='lat' dir='ltr'><strong>rum</strong></span> <span class='ocrx_word' id='word_1_215' title='bbox 392 3352 577 3421; x_wconf 88' lang='lat' dir='ltr'><strong>enim</strong></span> <span class='ocrx_word' id='word_1_216' title='bbox 634 3372 780 3421; x_wconf 89' lang='lat' dir='ltr'><strong>mox</strong></span> <span class='ocrx_word' id='word_1_217' title='bbox 844 3346 1190 3442; x_wconf 89' lang='lat' dir='ltr'><strong>specialem</strong></span> <span class='ocrx_word' id='word_1_218' title='bbox 1266 3343 1706 3414; x_wconf 88' lang='lat' dir='ltr'><strong>conditionem</strong></span> <span class='ocrx_word' id='word_1_219' title='bbox 1782 3342 2270 3440; x_wconf 82' lang='lat' dir='ltr'><strong>describemus).</strong></span> <span class='ocrx_word' id='word_1_220' title='bbox 2326 3346 2465 3418; x_wconf 89' lang='lat' dir='ltr'><strong>Imo</strong></span> 
     </span>
     <span class='ocr_line' id='line_1_28' title="bbox 192 3454 2464 3555; baseline -0.001 -22"><span class='ocrx_word' id='word_1_221' title='bbox 192 3466 589 3535; x_wconf 88' lang='lat' dir='ltr'><strong>contrarium</strong></span> <span class='ocrx_word' id='word_1_222' title='bbox 644 3486 720 3535; x_wconf 89' lang='lat' dir='ltr'><strong>ex</strong></span> <span class='ocrx_word' id='word_1_223' title='bbox 784 3463 1065 3555; x_wconf 86' lang='lat' dir='ltr'><strong>quodam</strong></span> <span class='ocrx_word' id='word_1_224' title='bbox 1145 3479 1342 3550; x_wconf 88' lang='lat' dir='ltr'><strong>supra</strong></span> <span class='ocrx_word' id='word_1_225' title='bbox 1423 3458 1612 3527; x_wconf 88' lang='lat' dir='ltr'><strong>citato</strong></span> <span class='ocrx_word' id='word_1_226' title='bbox 1681 3454 1888 3525; x_wconf 80' lang='lat' dir='ltr'><strong>Sacroe</strong></span> <span class='ocrx_word' id='word_1_227' title='bbox 1967 3455 2464 3532; x_wconf 78' lang='lat' dir='ltr'><strong>Poenitentiariae</strong></span> 
     </span>
     <span class='ocr_line' id='line_1_29' title="bbox 187 3570 2466 3671; baseline -0.006 -20"><span class='ocrx_word' id='word_1_228' title='bbox 187 3600 499 3671; x_wconf 86' lang='lat' dir='ltr'><strong>responso</strong></span> <span class='ocrx_word' id='word_1_229' title='bbox 542 3581 815 3651; x_wconf 85' lang='lat' dir='ltr'><strong>eruitur.</strong></span> <span class='ocrx_word' id='word_1_230' title='bbox 850 3578 1017 3647; x_wconf 88' lang='lat' dir='ltr'><strong>Nam</strong></span> <span class='ocrx_word' id='word_1_231' title='bbox 1052 3596 1207 3645; x_wconf 89' lang='lat' dir='ltr'><strong>cum</strong></span> <span class='ocrx_word' id='word_1_232' title='bbox 1260 3590 1522 3642; x_wconf 87' lang='lat' dir='ltr'><strong>sacrum</strong></span> <span class='ocrx_word' id='word_1_233' title='bbox 1568 3571 1690 3639; x_wconf 89' lang='lat' dir='ltr'><strong>hoc</strong></span> <span class='ocrx_word' id='word_1_234' title='bbox 1735 3570 2019 3639; x_wconf 87' lang='lat' dir='ltr'><strong>tribunal</strong></span> <span class='ocrx_word' id='word_1_235' title='bbox 2068 3576 2308 3664; x_wconf 78' lang='lat' dir='ltr'><strong>pluries</strong></span> <span class='ocrx_word' id='word_1_236' title='bbox 2336 3596 2466 3644; x_wconf 81' lang='lat' dir='ltr'><strong>res-</strong></span> 
     </span>
     <span class='ocr_line' id='line_1_30' title="bbox 186 3684 2466 3787; baseline -0.003 -21"><span class='ocrx_word' id='word_1_237' title='bbox 186 3696 542 3787; x_wconf 85' lang='lat' dir='ltr'><strong>pondisset,</strong></span> <span class='ocrx_word' id='word_1_238' title='bbox 574 3700 719 3764; x_wconf 82' lang='lat' dir='ltr'><strong>vota</strong></span> <span class='ocrx_word' id='word_1_239' title='bbox 769 3690 1155 3762; x_wconf 88' lang='lat' dir='ltr'><strong>monialium</strong></span> <span class='ocrx_word' id='word_1_240' title='bbox 1194 3687 1422 3758; x_wconf 81' lang='lat' dir='ltr'><strong>Galliae</strong></span> <span class='ocrx_word' id='word_1_241' title='bbox 1469 3706 1604 3755; x_wconf 87' lang='lat' dir='ltr'><strong>non</strong></span> <span class='ocrx_word' id='word_1_242' title='bbox 1647 3686 1870 3755; x_wconf 88' lang='lat' dir='ltr'><strong>haberi</strong></span> <span class='ocrx_word' id='word_1_243' title='bbox 1905 3704 1944 3753; x_wconf 87' lang='lat' dir='ltr'><strong>a</strong></span> <span class='ocrx_word' id='word_1_244' title='bbox 1985 3684 2134 3755; x_wconf 84' lang='lat' dir='ltr'><strong>sede</strong></span> <span class='ocrx_word' id='word_1_245' title='bbox 2180 3687 2466 3779; x_wconf 87' lang='lat' dir='ltr'><strong>Aposto-</strong></span> 
     </span>
     <span class='ocr_line' id='line_1_31' title="bbox 184 3800 2466 3903; baseline -0.002 -24"><span class='ocrx_word' id='word_1_246' title='bbox 184 3812 321 3880; x_wconf 85' lang='lat' dir='ltr'><strong>liea</strong></span> <span class='ocrx_word' id='word_1_247' title='bbox 370 3833 491 3903; x_wconf 89' lang='lat' dir='ltr'><strong>pro</strong></span> <span class='ocrx_word' id='word_1_248' title='bbox 542 3808 965 3893; x_wconf 86' lang='lat' dir='ltr'><strong>solemnibus,</strong></span> <span class='ocrx_word' id='word_1_249' title='bbox 998 3813 1061 3876; x_wconf 89' lang='lat' dir='ltr'><strong>et</strong></span> <span class='ocrx_word' id='word_1_250' title='bbox 1110 3804 1459 3896; x_wconf 79' lang='lat' dir='ltr'><strong>quaesitum</strong></span> <span class='ocrx_word' id='word_1_251' title='bbox 1515 3802 1761 3885; x_wconf 76' lang='lat' dir='ltr'><strong>fuisset,</strong></span> <span class='ocrx_word' id='word_1_252' title='bbox 1817 3822 1900 3869; x_wconf 89' lang='lat' dir='ltr'><strong>an</strong></span> <span class='ocrx_word' id='word_1_253' title='bbox 1951 3801 2126 3871; x_wconf 89' lang='lat' dir='ltr'><strong>idem</strong></span> <span class='ocrx_word' id='word_1_254' title='bbox 2179 3800 2258 3869; x_wconf 86' lang='lat' dir='ltr'><strong>de</strong></span> <span class='ocrx_word' id='word_1_255' title='bbox 2306 3806 2466 3874; x_wconf 83' lang='lat' dir='ltr'><strong>votis</strong></span> 
     </span>
     <span class='ocr_line' id='line_1_32' title="bbox 182 3917 2456 4011; baseline -0.004 -15"><span class='ocrx_word' id='word_1_256' title='bbox 182 3926 477 3995; x_wconf 79' lang='lat' dir='ltr'><strong>virorem</strong></span> <span class='ocrx_word' id='word_1_257' title='bbox 506 3926 576 3995; x_wconf 90' lang='lat' dir='ltr'><strong>in</strong></span> <span class='ocrx_word' id='word_1_258' title='bbox 606 3924 815 3995; x_wconf 85' lang='lat' dir='ltr'><strong>Gallia</strong></span> <span class='ocrx_word' id='word_1_259' title='bbox 852 3920 1355 4011; x_wconf 80' lang='lat' dir='ltr'><strong>intelligendum</strong></span> <span class='ocrx_word' id='word_1_260' title='bbox 1382 3917 1569 4003; x_wconf 71' lang='lat' dir='ltr'><strong>toret,</strong></span> <span class='ocrx_word' id='word_1_261' title='bbox 1621 3936 2009 4007; x_wconf 88' lang='lat' dir='ltr'><strong>responsum</strong></span> <span class='ocrx_word' id='word_1_262' title='bbox 2035 3922 2151 4002; x_wconf 83' lang='lat' dir='ltr'><strong>est,</strong></span> <span class='ocrx_word' id='word_1_263' title='bbox 2189 3918 2456 3987; x_wconf 87' lang='lat' dir='ltr'><strong>emissas</strong></span> 
     </span>
     <span class='ocr_line' id='line_1_33' title="bbox 182 4029 2466 4125; baseline -0.005 -13"><span class='ocrx_word' id='word_1_264' title='bbox 182 4042 307 4112; x_wconf 86' lang='lat' dir='ltr'><strong>hac</strong></span> <span class='ocrx_word' id='word_1_265' title='bbox 367 4042 449 4111; x_wconf 88' lang='lat' dir='ltr'><strong>de</strong></span> <span class='ocrx_word' id='word_1_266' title='bbox 520 4062 593 4111; x_wconf 85' lang='lat' dir='ltr'><strong>re</strong></span> <span class='ocrx_word' id='word_1_267' title='bbox 646 4040 1131 4125; x_wconf 84' lang='lat' dir='ltr'><strong>declarationes,</strong></span> <span class='ocrx_word' id='word_1_268' title='bbox 1182 4034 1279 4115; x_wconf 58' lang='lat' dir='ltr'><strong>ad,</strong></span> <span class='ocrx_word' id='word_1_269' title='bbox 1318 4031 1636 4102; x_wconf 89' lang='lat' dir='ltr'><strong>moniales</strong></span> <span class='ocrx_word' id='word_1_270' title='bbox 1693 4029 1918 4101; x_wconf 81' lang='lat' dir='ltr'><strong>Gallioe</strong></span> <span class='ocrx_word' id='word_1_271' title='bbox 1965 4031 2276 4101; x_wconf 86' lang='lat' dir='ltr'><strong>duntaxat</strong></span> <span class='ocrx_word' id='word_1_272' title='bbox 2324 4054 2466 4124; x_wconf 85' lang='lat' dir='ltr'><strong>spe-</strong></span> 
     </span>
    </p>
   </div>
   <div class='ocr_carea' id='block_1_3' title="bbox 184 4162 2471 4355">
    <p class='ocr_par' dir='ltr' id='par_1_4' title="bbox 184 4162 2471 4355">
     <span class='ocr_line' id='line_1_34' title="bbox 184 4162 2471 4355; baseline -0.006 -12"><span class='ocrx_word' id='word_1_273' title='bbox 184 4162 751 4341; x_wconf 54' lang='lat' dir='ltr'><strong>ctagirollarium.</strong></span> <span class='ocrx_word' id='word_1_274' title='bbox 780 4304 871 4321; x_wconf 90' lang='lat'>-</span> <span class='ocrx_word' id='word_1_275' title='bbox 909 4264 1083 4355; x_wconf 82' lang='lat' dir='ltr'><strong>Ergo</strong></span> <span class='ocrx_word' id='word_1_276' title='bbox 1124 4260 1441 4333; x_wconf 87' lang='lat' dir='ltr'><strong>solemnia</strong></span> <span class='ocrx_word' id='word_1_277' title='bbox 1472 4265 1614 4328; x_wconf 82' lang='lat' dir='ltr'><strong>vota</strong></span> <span class='ocrx_word' id='word_1_278' title='bbox 1659 4260 1966 4327; x_wconf 87' lang='lat' dir='ltr'><strong>emittunt</strong></span> <span class='ocrx_word' id='word_1_279' title='bbox 1995 4258 2082 4327; x_wconf 85' lang='lat' dir='ltr'><strong>in·</strong></span> <span class='ocrx_word' id='word_1_280' title='bbox 2102 4257 2313 4329; x_wconf 87' lang='lat' dir='ltr'><strong>Gallia</strong></span> <span class='ocrx_word' id='word_1_281' title='bbox 2340 4258 2471 4331; x_wconf 86' lang='lat' dir='ltr'><strong>Do·</strong></span> 
     </span>
    </p>
   </div>
   <div class='ocr_carea' id='block_1_4' title="bbox 180 4370 2468 4471">
    <p class='ocr_par' dir='ltr' id='par_1_5' title="bbox 180 4370 2468 4471">
     <span class='ocr_line' id='line_1_35' title="bbox 180 4370 2468 4471; baseline -0.005 -17"><span class='ocrx_word' id='word_1_282' title='bbox 180 4383 535 4471; x_wconf 88' lang='lat' dir='ltr'><strong>minieani‚</strong></span> <span class='ocrx_word' id='word_1_283' title='bbox 564 4383 851 4465; x_wconf 81' lang='lat' dir='ltr'><strong>Jesuitae,</strong></span> <span class='ocrx_word' id='word_1_284' title='bbox 876 4376 1317 4462; x_wconf 73' lang='lat' dir='ltr'><strong>Gai-melitani,</strong></span> <span class='ocrx_word' id='word_1_285' title='bbox 1348 4371 1788 4461; x_wconf 86' lang='lat' dir='ltr'><strong>Benedictini,</strong></span> <span class='ocrx_word' id='word_1_286' title='bbox 1809 4370 2187 4463; x_wconf 87' lang='lat' dir='ltr'><strong>Capuccini,</strong></span> <span class='ocrx_word' id='word_1_287' title='bbox 2222 4372 2468 4466; x_wconf 80' lang='lat' dir='ltr'><strong>aliique</strong></span> 
     </span>
    </p>
   </div>
  </div>
 </body>
</html>
