<?xml version="1.0" encoding="UTF-8"?>
<!DOCTYPE html PUBLIC "-//W3C//DTD XHTML 1.0 Transitional//EN"
    "http://www.w3.org/TR/xhtml1/DTD/xhtml1-transitional.dtd">
<html xmlns="http://www.w3.org/1999/xhtml" xml:lang="en" lang="en">
 <head>
  <title>
</title>
<meta http-equiv="Content-Type" content="text/html;charset=utf-8" />
  <meta name='ocr-system' content='tesseract 3.04.00' />
  <meta name='ocr-capabilities' content='ocr_page ocr_carea ocr_par ocr_line ocrx_word'/>
</head>
<body>
  <div class='ocr_page' id='page_1' title='image "./tractatusdejure01unkngoog_0359.png"; bbox 0 0 2834 4959; ppageno 0'>
   <div class='ocr_carea' id='block_1_1' title="bbox 1135 334 2477 417">
    <p class='ocr_par' dir='ltr' id='par_1_1' title="bbox 1135 334 2477 417">
     <span class='ocr_line' id='line_1_1' title="bbox 1135 334 2477 417; baseline 0.012 -16"><span class='ocrx_word' id='word_1_1' title='bbox 1135 357 1284 404; x_wconf 69' lang='lat' dir='ltr'><strong>mas</strong></span> <span class='ocrx_word' id='word_1_2' title='bbox 1330 357 1569 406; x_wconf 71' lang='lat' dir='ltr'><strong>&#39;rsa-ru.</strong></span> <span class='ocrx_word' id='word_1_3' title='bbox 1804 334 1822 351; x_wconf 58' lang='lat'>⁵</span> <span class='ocrx_word' id='word_1_4' title='bbox 2362 359 2477 417; x_wconf 72' lang='lat'><strong>341</strong></span> 
     </span>
    </p>
   </div>
   <div class='ocr_carea' id='block_1_2' title="bbox 201 475 2582 2528">
    <p class='ocr_par' dir='ltr' id='par_1_2' title="bbox 201 475 2505 2070">
     <span class='ocr_line' id='line_1_2' title="bbox 205 475 2487 569; baseline 0.005 -22"><span class='ocrx_word' id='word_1_5' title='bbox 205 480 436 567; x_wconf 89' lang='lat' dir='ltr'><strong>agitur</strong></span> <span class='ocrx_word' id='word_1_6' title='bbox 481 475 1016 567; x_wconf 82' lang='lat' dir='ltr'>congregationes</span> <span class='ocrx_word' id='word_1_7' title='bbox 1057 481 1256 545; x_wconf 84' lang='lat' dir='ltr'><strong>status</strong></span> <span class='ocrx_word' id='word_1_8' title='bbox 1302 479 1591 568; x_wconf 74' lang='lat' dir='ltr'><strong>religiosi</strong></span> <span class='ocrx_word' id='word_1_9' title='bbox 1624 478 1967 550; x_wconf 77' lang='lat' dir='ltr'><strong>essentiam</strong></span> <span class='ocrx_word' id='word_1_10' title='bbox 2010 479 2312 569; x_wconf 79' lang='lat' dir='ltr'><strong>habeant,</strong></span> <span class='ocrx_word' id='word_1_11' title='bbox 2356 511 2487 558; x_wconf 86' lang='lat' dir='ltr'><strong>non</strong></span> 
     </span>
     <span class='ocr_line' id='line_1_3' title="bbox 201 587 2490 689; baseline 0.004 -29"><span class='ocrx_word' id='word_1_12' title='bbox 201 591 512 684; x_wconf 83' lang='lat' dir='ltr'><strong>sequitur</strong></span> <span class='ocrx_word' id='word_1_13' title='bbox 537 591 780 659; x_wconf 88' lang='lat' dir='ltr'><strong>absone</strong></span> <span class='ocrx_word' id='word_1_14' title='bbox 807 609 914 658; x_wconf 87' lang='lat' dir='ltr'><strong>eas</strong></span> <span class='ocrx_word' id='word_1_15' title='bbox 939 587 1249 660; x_wconf 89' lang='lat' dir='ltr'><strong>declarari</strong></span> <span class='ocrx_word' id='word_1_16' title='bbox 1289 613 1326 661; x_wconf 87' lang='lat' dir='ltr'><strong>a</strong></span> <span class='ocrx_word' id='word_1_17' title='bbox 1353 593 1500 662; x_wconf 87' lang='lat' dir='ltr'><strong>sede</strong></span> <span class='ocrx_word' id='word_1_18' title='bbox 1537 591 1905 686; x_wconf 86' lang='lat' dir='ltr'><strong>Apostolica</strong></span> <span class='ocrx_word' id='word_1_19' title='bbox 1942 617 2116 666; x_wconf 88' lang='lat' dir='ltr'><strong>mere</strong></span> <span class='ocrx_word' id='word_1_20' title='bbox 2145 599 2490 689; x_wconf 80' lang='lat' dir='ltr'><strong>toleratas,</strong></span> 
     </span>
     <span class='ocr_line' id='line_1_4' title="bbox 201 703 2490 806; baseline 0.004 -28"><span class='ocrx_word' id='word_1_21' title='bbox 201 731 346 778; x_wconf 80' lang='lat' dir='ltr'><strong>non</strong></span> <span class='ocrx_word' id='word_1_22' title='bbox 389 705 828 800; x_wconf 75' lang='lat' dir='ltr'><strong>approbatas,</strong></span> <span class='ocrx_word' id='word_1_23' title='bbox 859 703 1054 790; x_wconf 85' lang='lat' dir='ltr'><strong>Nam,</strong></span> <span class='ocrx_word' id='word_1_24' title='bbox 1083 706 1164 774; x_wconf 89' lang='lat' dir='ltr'><strong>ad</strong></span> <span class='ocrx_word' id='word_1_25' title='bbox 1194 709 1507 800; x_wconf 77' lang='lat' dir='ltr'><strong>terminos</strong></span> <span class='ocrx_word' id='word_1_26' title='bbox 1535 709 2017 778; x_wconf 77' lang='lat' dir='ltr'><strong>constitutionis</strong></span> <span class='ocrx_word' id='word_1_27' title='bbox 2044 715 2251 782; x_wconf 86' lang='lat' dir='ltr'><strong>sancti</strong></span> <span class='ocrx_word' id='word_1_28' title='bbox 2278 714 2376 784; x_wconf 88' lang='lat' dir='ltr'><strong>Pii</strong></span> <span class='ocrx_word' id='word_1_29' title='bbox 2400 717 2490 806; x_wconf 85' lang='lat' dir='ltr'><strong>V,</strong></span> 
     </span>
     <span class='ocr_line' id='line_1_5' title="bbox 204 820 2491 916; baseline 0.003 -24"><span class='ocrx_word' id='word_1_30' title='bbox 204 825 754 913; x_wconf 80' lang='lat' dir='ltr'><strong>congregationes</strong></span> <span class='ocrx_word' id='word_1_31' title='bbox 794 820 1112 912; x_wconf 87' lang='lat' dir='ltr'><strong>ejusmodi</strong></span> <span class='ocrx_word' id='word_1_32' title='bbox 1156 822 1367 892; x_wconf 81' lang='lat' dir='ltr'><strong>forent</strong></span> <span class='ocrx_word' id='word_1_33' title='bbox 1401 823 1671 904; x_wconf 60' lang='lat' dir='ltr'><strong>illicitae,</strong></span> <span class='ocrx_word' id='word_1_34' title='bbox 1712 843 1789 893; x_wconf 81' lang='lat' dir='ltr'><strong>ac</strong></span> <span class='ocrx_word' id='word_1_35' title='bbox 1824 825 2133 916; x_wconf 90' lang='lat' dir='ltr'><strong>impediri</strong></span> <span class='ocrx_word' id='word_1_36' title='bbox 2165 827 2491 900; x_wconf 86' lang='lat' dir='ltr'><strong>deberent.</strong></span> 
     </span>
     <span class='ocr_line' id='line_1_6' title="bbox 209 917 2501 1038; baseline 0.004 -30"><span class='ocrx_word' id='word_1_37' title='bbox 209 939 433 1030; x_wconf 80' lang='lat' dir='ltr'><strong>Hujus</strong></span> <span class='ocrx_word' id='word_1_38' title='bbox 501 924 692 1029; x_wconf 85' lang='lat' dir='ltr'><strong>porro</strong></span> <span class='ocrx_word' id='word_1_39' title='bbox 761 936 1197 1028; x_wconf 79' lang='lat' dir='ltr'><strong>dispositionis</strong></span> <span class='ocrx_word' id='word_1_40' title='bbox 1264 938 1547 1028; x_wconf 88' lang='lat' dir='ltr'><strong>rigorem</strong></span> <span class='ocrx_word' id='word_1_41' title='bbox 1613 940 1701 1008; x_wconf 89' lang='lat' dir='ltr'><strong>ita</strong></span> <span class='ocrx_word' id='word_1_42' title='bbox 1758 917 2253 1012; x_wconf 43' lang='lat' dir='ltr'><strong>moderandum‘</strong></span> <span class='ocrx_word' id='word_1_43' title='bbox 2287 955 2501 1038; x_wconf 86' lang='lat' dir='ltr'><strong>postea</strong></span> 
     </span>
     <span class='ocr_line' id='line_1_7' title="bbox 211 1051 2501 1148; baseline 0.004 -24"><span class='ocrx_word' id='word_1_44' title='bbox 211 1057 408 1124; x_wconf 81' lang='lat' dir='ltr'><strong>duxit</strong></span> <span class='ocrx_word' id='word_1_45' title='bbox 441 1055 618 1124; x_wconf 86' lang='lat' dir='ltr'><strong>sedes</strong></span> <span class='ocrx_word' id='word_1_46' title='bbox 661 1051 1054 1144; x_wconf 86' lang='lat' dir='ltr'><strong>Apostolica‚</strong></span> <span class='ocrx_word' id='word_1_47' title='bbox 1107 1061 1180 1121; x_wconf 88' lang='lat' dir='ltr'><strong>ut</strong></span> <span class='ocrx_word' id='word_1_48' title='bbox 1213 1059 1475 1145; x_wconf 83' lang='lat' dir='ltr'><strong>possent</strong></span> <span class='ocrx_word' id='word_1_49' title='bbox 1520 1054 1709 1124; x_wconf 61' lang='lat' dir='ltr'><strong>dictae</strong></span> <span class='ocrx_word' id='word_1_50' title='bbox 1752 1061 2281 1148; x_wconf 83' lang='lat' dir='ltr'><strong>congregationes</strong></span> <span class='ocrx_word' id='word_1_51' title='bbox 2322 1063 2501 1134; x_wconf 87' lang='lat' dir='ltr'><strong>licite</strong></span> 
     </span>
     <span class='ocr_line' id='line_1_8' title="bbox 213 1169 2504 1252; baseline 0.003 -12"><span class='ocrx_word' id='word_1_52' title='bbox 213 1171 512 1252; x_wconf 81' lang='lat' dir='ltr'><strong>existere,</strong></span> <span class='ocrx_word' id='word_1_53' title='bbox 555 1175 616 1236; x_wconf 88' lang='lat' dir='ltr'><strong>et</strong></span> <span class='ocrx_word' id='word_1_54' title='bbox 655 1175 874 1236; x_wconf 89' lang='lat' dir='ltr'><strong>tamen</strong></span> <span class='ocrx_word' id='word_1_55' title='bbox 911 1188 1046 1236; x_wconf 89' lang='lat' dir='ltr'><strong>non</strong></span> <span class='ocrx_word' id='word_1_56' title='bbox 1089 1169 1362 1238; x_wconf 90' lang='lat' dir='ltr'><strong>omnino</strong></span> <span class='ocrx_word' id='word_1_57' title='bbox 1407 1175 1818 1240; x_wconf 85' lang='lat' dir='ltr'><strong>revocaretur</strong></span> <span class='ocrx_word' id='word_1_58' title='bbox 1863 1178 1997 1241; x_wconf 86' lang='lat' dir='ltr'><strong>tam</strong></span> <span class='ocrx_word' id='word_1_59' title='bbox 2036 1176 2239 1245; x_wconf 89' lang='lat' dir='ltr'><strong>sancti</strong></span> <span class='ocrx_word' id='word_1_60' title='bbox 2289 1177 2504 1248; x_wconf 88' lang='lat' dir='ltr'><strong>Ponti-</strong></span> 
     </span>
     <span class='ocr_line' id='line_1_9' title="bbox 213 1281 2499 1378; baseline 0.003 -25"><span class='ocrx_word' id='word_1_61' title='bbox 213 1286 368 1353; x_wconf 88' lang='lat' dir='ltr'><strong>ficis</strong></span> <span class='ocrx_word' id='word_1_62' title='bbox 405 1284 748 1352; x_wconf 87' lang='lat' dir='ltr'><strong>decretum.</strong></span> <span class='ocrx_word' id='word_1_63' title='bbox 781 1281 864 1350; x_wconf 86' lang='lat' dir='ltr'><strong>Et</strong></span> <span class='ocrx_word' id='word_1_64' title='bbox 902 1282 1042 1352; x_wconf 86' lang='lat' dir='ltr'><strong>haec</strong></span> <span class='ocrx_word' id='word_1_65' title='bbox 1079 1285 1396 1374; x_wconf 87' lang='lat' dir='ltr'><strong>assignari</strong></span> <span class='ocrx_word' id='word_1_66' title='bbox 1428 1305 1611 1376; x_wconf 87' lang='lat' dir='ltr'><strong>posse</strong></span> <span class='ocrx_word' id='word_1_67' title='bbox 1642 1285 1896 1355; x_wconf 81' lang='lat' dir='ltr'><strong>videtur</strong></span> <span class='ocrx_word' id='word_1_68' title='bbox 1942 1290 2107 1358; x_wconf 89' lang='lat' dir='ltr'><strong>ratio</strong></span> <span class='ocrx_word' id='word_1_69' title='bbox 2146 1291 2499 1378; x_wconf 84' lang='lat' dir='ltr'><strong>sufficiens,</strong></span> 
     </span>
     <span class='ocr_line' id='line_1_10' title="bbox 219 1397 2505 1496; baseline 0.004 -28"><span class='ocrx_word' id='word_1_70' title='bbox 219 1403 361 1469; x_wconf 89' lang='lat' dir='ltr'><strong>imo</strong></span> <span class='ocrx_word' id='word_1_71' title='bbox 399 1407 465 1468; x_wconf 90' lang='lat' dir='ltr'><strong>et</strong></span> <span class='ocrx_word' id='word_1_72' title='bbox 511 1397 870 1488; x_wconf 68' lang='lat' dir='ltr'><strong>prudentias</strong></span> <span class='ocrx_word' id='word_1_73' title='bbox 924 1397 1144 1489; x_wconf 87' lang='lat' dir='ltr'><strong>plena,</strong></span> <span class='ocrx_word' id='word_1_74' title='bbox 1206 1419 1326 1468; x_wconf 80' lang='lat' dir='ltr'><strong>cur</strong></span> <span class='ocrx_word' id='word_1_75' title='bbox 1373 1420 1479 1468; x_wconf 88' lang='lat' dir='ltr'><strong>eas</strong></span> <span class='ocrx_word' id='word_1_76' title='bbox 1528 1401 1916 1470; x_wconf 87' lang='lat' dir='ltr'><strong>monialium</strong></span> <span class='ocrx_word' id='word_1_77' title='bbox 1970 1407 2505 1496; x_wconf 82' lang='lat' dir='ltr'><strong>congregationes</strong></span> 
     </span>
     <span class='ocr_line' id='line_1_11' title="bbox 219 1513 2505 1609; baseline 0.002 -24"><span class='ocrx_word' id='word_1_78' title='bbox 219 1516 460 1585; x_wconf 83' lang='lat' dir='ltr'><strong>toleret</strong></span> <span class='ocrx_word' id='word_1_79' title='bbox 491 1514 670 1582; x_wconf 88' lang='lat' dir='ltr'><strong>sedes</strong></span> <span class='ocrx_word' id='word_1_80' title='bbox 717 1513 1115 1605; x_wconf 85' lang='lat' dir='ltr'><strong>Apostolica,</strong></span> <span class='ocrx_word' id='word_1_81' title='bbox 1165 1521 1226 1583; x_wconf 90' lang='lat' dir='ltr'><strong>et</strong></span> <span class='ocrx_word' id='word_1_82' title='bbox 1259 1521 1481 1584; x_wconf 83' lang='lat' dir='ltr'><strong>tamen</strong></span> <span class='ocrx_word' id='word_1_83' title='bbox 1509 1539 1641 1586; x_wconf 79' lang='lat' dir='ltr'><strong>non</strong></span> <span class='ocrx_word' id='word_1_84' title='bbox 1691 1518 2034 1609; x_wconf 81' lang='lat' dir='ltr'><strong>approbet.</strong></span> <span class='ocrx_word' id='word_1_85' title='bbox 2073 1519 2260 1601; x_wconf 82' lang='lat' dir='ltr'><strong>Quod</strong></span> <span class='ocrx_word' id='word_1_86' title='bbox 2292 1527 2505 1590; x_wconf 85' lang='lat' dir='ltr'><strong>autem</strong></span> 
     </span>
     <span class='ocr_line' id='line_1_12' title="bbox 210 1626 2504 1727; baseline 0.002 -26"><span class='ocrx_word' id='word_1_87' title='bbox 210 1628 750 1722; x_wconf 83' lang='lat' dir='ltr'><strong>congregationes</strong></span> <span class='ocrx_word' id='word_1_88' title='bbox 795 1628 949 1712; x_wconf 62' lang='lat' dir='ltr'><strong>illas,</strong></span> <span class='ocrx_word' id='word_1_89' title='bbox 1003 1626 1097 1697; x_wconf 89' lang='lat' dir='ltr'><strong>sic</strong></span> <span class='ocrx_word' id='word_1_90' title='bbox 1141 1628 1449 1717; x_wconf 75' lang='lat' dir='ltr'><strong>toleratae,</strong></span> <span class='ocrx_word' id='word_1_91' title='bbox 1499 1638 1560 1698; x_wconf 90' lang='lat' dir='ltr'><strong>et</strong></span> <span class='ocrx_word' id='word_1_92' title='bbox 1599 1633 1669 1700; x_wconf 88' lang='lat' dir='ltr'><strong>in</strong></span> <span class='ocrx_word' id='word_1_93' title='bbox 1717 1633 1957 1723; x_wconf 89' lang='lat' dir='ltr'><strong>quibus</strong></span> <span class='ocrx_word' id='word_1_94' title='bbox 2002 1635 2125 1702; x_wconf 88' lang='lat' dir='ltr'><strong>tria</strong></span> <span class='ocrx_word' id='word_1_95' title='bbox 2168 1641 2314 1704; x_wconf 84' lang='lat' dir='ltr'><strong>vota</strong></span> <span class='ocrx_word' id='word_1_96' title='bbox 2358 1659 2504 1727; x_wconf 88' lang='lat' dir='ltr'><strong>per-</strong></span> 
     </span>
     <span class='ocr_line' id='line_1_13' title="bbox 213 1742 2502 1836; baseline 0.003 -23"><span class='ocrx_word' id='word_1_97' title='bbox 213 1753 436 1836; x_wconf 87' lang='lat' dir='ltr'><strong>petua,</strong></span> <span class='ocrx_word' id='word_1_98' title='bbox 487 1745 648 1813; x_wconf 89' lang='lat' dir='ltr'><strong>licet</strong></span> <span class='ocrx_word' id='word_1_99' title='bbox 691 1742 1039 1832; x_wconf 87' lang='lat' dir='ltr'><strong>simplicia,</strong></span> <span class='ocrx_word' id='word_1_100' title='bbox 1093 1743 1487 1812; x_wconf 85' lang='lat' dir='ltr'><strong>emittuntur</strong></span> <span class='ocrx_word' id='word_1_101' title='bbox 1530 1751 1593 1813; x_wconf 85' lang='lat' dir='ltr'><strong>et</strong></span> <span class='ocrx_word' id='word_1_102' title='bbox 1638 1744 1759 1814; x_wconf 84' lang='lat' dir='ltr'><strong>rite</strong></span> <span class='ocrx_word' id='word_1_103' title='bbox 1800 1753 2237 1836; x_wconf 81' lang='lat' dir='ltr'><strong>acceptantur,</strong></span> <span class='ocrx_word' id='word_1_104' title='bbox 2286 1773 2502 1820; x_wconf 88' lang='lat' dir='ltr'><strong>essen-</strong></span> 
     </span>
     <span class='ocr_line' id='line_1_14' title="bbox 215 1857 2505 1947; baseline 0.001 -18"><span class='ocrx_word' id='word_1_105' title='bbox 215 1861 378 1929; x_wconf 84' lang='lat' dir='ltr'><strong>tiam</strong></span> <span class='ocrx_word' id='word_1_106' title='bbox 415 1865 624 1929; x_wconf 88' lang='lat' dir='ltr'><strong>status</strong></span> <span class='ocrx_word' id='word_1_107' title='bbox 669 1857 950 1947; x_wconf 88' lang='lat' dir='ltr'><strong>religiosi</strong></span> <span class='ocrx_word' id='word_1_108' title='bbox 999 1857 1304 1941; x_wconf 87' lang='lat' dir='ltr'><strong>habeant,</strong></span> <span class='ocrx_word' id='word_1_109' title='bbox 1349 1864 1414 1926; x_wconf 89' lang='lat' dir='ltr'><strong>et</strong></span> <span class='ocrx_word' id='word_1_110' title='bbox 1450 1858 1689 1926; x_wconf 88' lang='lat' dir='ltr'><strong>habere</strong></span> <span class='ocrx_word' id='word_1_111' title='bbox 1734 1859 2057 1943; x_wconf 88' lang='lat' dir='ltr'><strong>dicantur,</strong></span> <span class='ocrx_word' id='word_1_112' title='bbox 2106 1861 2369 1931; x_wconf 91' lang='lat' dir='ltr'><strong>nullum</strong></span> <span class='ocrx_word' id='word_1_113' title='bbox 2408 1866 2505 1932; x_wconf 80' lang='lat' dir='ltr'><strong>vi-</strong></span> 
     </span>
     <span class='ocr_line' id='line_1_15' title="bbox 219 1971 1955 2070; baseline -0.002 -28"><span class='ocrx_word' id='word_1_114' title='bbox 219 1975 416 2044; x_wconf 88' lang='lat' dir='ltr'><strong>detur</strong></span> <span class='ocrx_word' id='word_1_115' title='bbox 439 1971 905 2043; x_wconf 85' lang='lat' dir='ltr'><strong>inconveniens</strong></span> <span class='ocrx_word' id='word_1_116' title='bbox 930 1971 1279 2042; x_wconf 79' lang='lat' dir='ltr'><strong>involvere.</strong></span> <span class='ocrx_word' id='word_1_117' title='bbox 1951 2066 1955 2070; x_wconf 21' lang='grc' dir='ltr'>Ι</span> 
     </span>
    </p>

    <p class='ocr_par' dir='ltr' id='par_1_3' title="bbox 215 2086 2582 2528">
     <span class='ocr_line' id='line_1_16' title="bbox 307 2086 2507 2178; baseline 0 -21"><span class='ocrx_word' id='word_1_118' title='bbox 307 2088 424 2157; x_wconf 86' lang='lat'>111.</span> <span class='ocrx_word' id='word_1_119' title='bbox 463 2087 648 2172; x_wconf 79' lang='lat' dir='ltr'><em>Quid</em></span> <span class='ocrx_word' id='word_1_120' title='bbox 659 2110 742 2156; x_wconf 75' lang='lat' dir='ltr'><strong>ea:</strong></span> <span class='ocrx_word' id='word_1_121' title='bbox 767 2087 1146 2156; x_wconf 77' lang='lat' dir='ltr'><strong>rationibus</strong></span> <span class='ocrx_word' id='word_1_122' title='bbox 1157 2110 1286 2178; x_wconf 76' lang='lat' dir='ltr'><strong>pro</strong></span> <span class='ocrx_word' id='word_1_123' title='bbox 1311 2099 1376 2156; x_wconf 84' lang='lat' dir='ltr'><strong>ct</strong></span> <span class='ocrx_word' id='word_1_124' title='bbox 1396 2100 1635 2157; x_wconf 81' lang='lat' dir='ltr'><strong>contra</strong></span> <span class='ocrx_word' id='word_1_125' title='bbox 1658 2086 1949 2156; x_wconf 83' lang='lat' dir='ltr'><strong>deductis</strong></span> <span class='ocrx_word' id='word_1_126' title='bbox 1968 2089 2387 2178; x_wconf 82' lang='lat' dir='ltr'><strong>inserendum</strong></span> <span class='ocrx_word' id='word_1_127' title='bbox 2408 2093 2507 2158; x_wconf 79' lang='grc' dir='ltr'><strong>υἰ-</strong></span> 
     </span>
     <span class='ocr_line' id='line_1_17' title="bbox 218 2200 2507 2294; baseline 0 -22"><span class='ocrx_word' id='word_1_128' title='bbox 218 2203 482 2272; x_wconf 75' lang='lat' dir='ltr'><strong>deutur.</strong></span> <span class='ocrx_word' id='word_1_129' title='bbox 533 2237 626 2257; x_wconf 91' lang='lat'><strong>-·</strong></span> <span class='ocrx_word' id='word_1_130' title='bbox 673 2201 902 2272; x_wconf 82' lang='lat' dir='ltr'><strong>Fateor</strong></span> <span class='ocrx_word' id='word_1_131' title='bbox 951 2200 1118 2270; x_wconf 87' lang='lat' dir='ltr'><strong>mihi</strong></span> <span class='ocrx_word' id='word_1_132' title='bbox 1171 2203 1380 2289; x_wconf 88' lang='lat' dir='ltr'><strong>magis</strong></span> <span class='ocrx_word' id='word_1_133' title='bbox 1432 2203 1714 2272; x_wconf 87' lang='lat' dir='ltr'><strong>arridere</strong></span> <span class='ocrx_word' id='word_1_134' title='bbox 1766 2205 2067 2288; x_wconf 88' lang='lat' dir='ltr'><strong>rationes,</strong></span> <span class='ocrx_word' id='word_1_135' title='bbox 2131 2227 2277 2294; x_wconf 84' lang='lat' dir='ltr'><strong>quae</strong></span> <span class='ocrx_word' id='word_1_136' title='bbox 2322 2204 2507 2273; x_wconf 90' lang='lat' dir='ltr'><strong>dictis</strong></span> 
     </span>
     <span class='ocr_line' id='line_1_18' title="bbox 217 2317 2582 2410; baseline 0 -21"><span class='ocrx_word' id='word_1_137' title='bbox 217 2317 834 2410; x_wconf 82' lang='lat' dir='ltr'><strong>congregationibus</strong></span> <span class='ocrx_word' id='word_1_138' title='bbox 867 2323 1068 2388; x_wconf 86' lang='lat' dir='ltr'><strong>status</strong></span> <span class='ocrx_word' id='word_1_139' title='bbox 1106 2318 1390 2409; x_wconf 87' lang='lat' dir='ltr'><strong>religiosi</strong></span> <span class='ocrx_word' id='word_1_140' title='bbox 1435 2321 1779 2389; x_wconf 86' lang='lat' dir='ltr'><strong>essentiam</strong></span> <span class='ocrx_word' id='word_1_141' title='bbox 1822 2319 2171 2389; x_wconf 83' lang='lat' dir='ltr'><strong>vindicant.</strong></span> <span class='ocrx_word' id='word_1_142' title='bbox 2209 2321 2290 2388; x_wconf 91' lang='lat' dir='ltr'><strong>Et</strong></span> <span class='ocrx_word' id='word_1_143' title='bbox 2320 2323 2504 2390; x_wconf 79' lang='lat' dir='ltr'><strong>valde</strong></span> <span class='ocrx_word' id='word_1_144' title='bbox 2572 2342 2582 2352; x_wconf 84' lang='lat'>·</span> 
     </span>
     <span class='ocr_line' id='line_1_19' title="bbox 215 2434 2497 2528; baseline 0 -24"><span class='ocrx_word' id='word_1_145' title='bbox 215 2443 512 2528; x_wconf 85' lang='lat' dir='ltr'><strong>optarem</strong></span> <span class='ocrx_word' id='word_1_146' title='bbox 552 2439 630 2503; x_wconf 88' lang='lat' dir='ltr'><strong>ut</strong></span> <span class='ocrx_word' id='word_1_147' title='bbox 661 2434 884 2526; x_wconf 89' lang='lat' dir='ltr'><strong>opinio</strong></span> <span class='ocrx_word' id='word_1_148' title='bbox 925 2435 1066 2504; x_wconf 83' lang='lat' dir='ltr'><strong>haec</strong></span> <span class='ocrx_word' id='word_1_149' title='bbox 1108 2437 1442 2504; x_wconf 87' lang='lat' dir='ltr'><strong>accedente</strong></span> <span class='ocrx_word' id='word_1_150' title='bbox 1484 2435 1947 2505; x_wconf 91' lang='lat' dir='ltr'><strong>modernorum</strong></span> <span class='ocrx_word' id='word_1_151' title='bbox 1997 2435 2363 2518; x_wconf 90' lang='lat' dir='ltr'><strong>doctorum,</strong></span> <span class='ocrx_word' id='word_1_152' title='bbox 2436 2448 2497 2507; x_wconf 83' lang='lat' dir='ltr'><strong>et</strong></span> 
     </span>
    </p>
   </div>
   <div class='ocr_carea' id='block_1_3' title="bbox 219 2548 2637 2649">
    <p class='ocr_par' dir='ltr' id='par_1_4' title="bbox 219 2548 2637 2649">
     <span class='ocr_line' id='line_1_20' title="bbox 219 2548 2637 2649; baseline 0 -29"><span class='ocrx_word' id='word_1_153' title='bbox 219 2552 578 2641; x_wconf 69' lang='lat' dir='ltr'><strong>praesertim</strong></span> <span class='ocrx_word' id='word_1_154' title='bbox 656 2548 1094 2618; x_wconf 87' lang='lat' dir='ltr'><strong>Romanarum</strong></span> <span class='ocrx_word' id='word_1_155' title='bbox 1174 2550 1755 2636; x_wconf 88' lang='lat' dir='ltr'><strong>congregationum</strong></span> <span class='ocrx_word' id='word_1_156' title='bbox 1827 2553 2201 2620; x_wconf 86' lang='lat' dir='ltr'><strong>auctoritate</strong></span> <span class='ocrx_word' id='word_1_157' title='bbox 2226 2604 2244 2641; x_wconf 90' lang='lat'><strong>,</strong></span> <span class='ocrx_word' id='word_1_158' title='bbox 2328 2563 2501 2621; x_wconf 88' lang='lat' dir='ltr'><strong>certa</strong></span> <span class='ocrx_word' id='word_1_159' title='bbox 2634 2643 2637 2649; x_wconf 18' lang='grc' dir='ltr'>ι</span> 
     </span>
    </p>
   </div>
   <div class='ocr_carea' id='block_1_4' title="bbox 215 2662 2587 4485">
    <p class='ocr_par' dir='ltr' id='par_1_5' title="bbox 215 2662 2587 4021">
     <span class='ocr_line' id='line_1_21' title="bbox 221 2662 2505 2757; baseline 0.003 -25"><span class='ocrx_word' id='word_1_160' title='bbox 221 2665 560 2734; x_wconf 76' lang='lat' dir='ltr'><strong>evaderet:</strong></span> <span class='ocrx_word' id='word_1_161' title='bbox 607 2665 685 2733; x_wconf 87' lang='lat' dir='ltr'><strong>ad</strong></span> <span class='ocrx_word' id='word_1_162' title='bbox 715 2665 1220 2735; x_wconf 77' lang='lat' dir='ltr'><strong>consolationem</strong></span> <span class='ocrx_word' id='word_1_163' title='bbox 1267 2662 1510 2732; x_wconf 86' lang='lat' dir='ltr'><strong>scilicet</strong></span> <span class='ocrx_word' id='word_1_164' title='bbox 1542 2663 1863 2750; x_wconf 88' lang='lat' dir='ltr'><strong>ejusmodi</strong></span> <span class='ocrx_word' id='word_1_165' title='bbox 1900 2667 2319 2754; x_wconf 88' lang='lat' dir='ltr'><strong>monialium,</strong></span> <span class='ocrx_word' id='word_1_166' title='bbox 2358 2689 2505 2757; x_wconf 80' lang='lat' dir='ltr'><strong>quae</strong></span> 
     </span>
     <span class='ocr_line' id='line_1_22' title="bbox 227 2775 2502 2872; baseline 0.001 -25"><span class='ocrx_word' id='word_1_167' title='bbox 227 2801 364 2848; x_wconf 89' lang='lat' dir='ltr'><strong>non</strong></span> <span class='ocrx_word' id='word_1_168' title='bbox 417 2801 646 2872; x_wconf 87' lang='lat' dir='ltr'><strong>parum</strong></span> <span class='ocrx_word' id='word_1_169' title='bbox 697 2781 1196 2866; x_wconf 85' lang='lat' dir='ltr'><strong>conturbantur,</strong></span> <span class='ocrx_word' id='word_1_170' title='bbox 1248 2776 1508 2869; x_wconf 90' lang='lat' dir='ltr'><strong>quando</strong></span> <span class='ocrx_word' id='word_1_171' title='bbox 1560 2775 1651 2845; x_wconf 90' lang='lat' dir='ltr'><strong>eis</strong></span> <span class='ocrx_word' id='word_1_172' title='bbox 1691 2775 1932 2843; x_wconf 89' lang='lat' dir='ltr'><strong>dicitur</strong></span> <span class='ocrx_word' id='word_1_173' title='bbox 1977 2779 2145 2868; x_wconf 88' lang='lat' dir='ltr'><strong>ipsas</strong></span> <span class='ocrx_word' id='word_1_174' title='bbox 2190 2803 2323 2847; x_wconf 91' lang='lat' dir='ltr'><strong>non</strong></span> <span class='ocrx_word' id='word_1_175' title='bbox 2369 2803 2502 2850; x_wconf 88' lang='lat' dir='ltr'><strong>esse</strong></span> 
     </span>
     <span class='ocr_line' id='line_1_23' title="bbox 223 2891 2503 2988; baseline -0.001 -25"><span class='ocrx_word' id='word_1_176' title='bbox 223 2917 417 2966; x_wconf 78' lang='lat' dir='ltr'><strong>veras</strong></span> <span class='ocrx_word' id='word_1_177' title='bbox 464 2895 830 2988; x_wconf 70' lang='lat' dir='ltr'><strong>reliqiosaS,</strong></span> <span class='ocrx_word' id='word_1_178' title='bbox 883 2894 988 2966; x_wconf 88' lang='lat' dir='ltr'><strong>sed</strong></span> <span class='ocrx_word' id='word_1_179' title='bbox 1043 2895 1427 2965; x_wconf 87' lang='lat' dir='ltr'><strong>remansisse</strong></span> <span class='ocrx_word' id='word_1_180' title='bbox 1480 2891 1550 2960; x_wconf 89' lang='lat' dir='ltr'><strong>in</strong></span> <span class='ocrx_word' id='word_1_181' title='bbox 1610 2895 1776 2958; x_wconf 86' lang='lat' dir='ltr'><strong>statu</strong></span> <span class='ocrx_word' id='word_1_182' title='bbox 1825 2891 2323 2974; x_wconf 46' lang='lat' dir='ltr'><strong>saecularitati&amp;</strong></span> <span class='ocrx_word' id='word_1_183' title='bbox 2370 2914 2503 2960; x_wconf 89' lang='lat' dir='ltr'><strong>non</strong></span> 
     </span>
     <span class='ocr_line' id='line_1_24' title="bbox 220 3007 2500 3104; baseline -0.002 -24"><span class='ocrx_word' id='word_1_184' title='bbox 220 3013 514 3082; x_wconf 88' lang='lat' dir='ltr'><strong>obstante</strong></span> <span class='ocrx_word' id='word_1_185' title='bbox 558 3013 804 3104; x_wconf 89' lang='lat' dir='ltr'><strong>triplici</strong></span> <span class='ocrx_word' id='word_1_186' title='bbox 835 3013 1008 3102; x_wconf 79' lang='lat' dir='ltr'><strong>qnod</strong></span> <span class='ocrx_word' id='word_1_187' title='bbox 1051 3013 1355 3081; x_wconf 86' lang='lat' dir='ltr'><strong>emittunt</strong></span> <span class='ocrx_word' id='word_1_188' title='bbox 1400 3014 1709 3100; x_wconf 88' lang='lat' dir='ltr'><strong>perpetuo</strong></span> <span class='ocrx_word' id='word_1_189' title='bbox 1746 3012 1917 3089; x_wconf 80' lang='lat' dir='ltr'><strong>vote,</strong></span> <span class='ocrx_word' id='word_1_190' title='bbox 1960 3014 2022 3076; x_wconf 86' lang='lat' dir='ltr'><strong>et</strong></span> <span class='ocrx_word' id='word_1_191' title='bbox 2065 3007 2356 3096; x_wconf 89' lang='lat' dir='ltr'><strong>ejusdem</strong></span> <span class='ocrx_word' id='word_1_192' title='bbox 2390 3030 2500 3100; x_wconf 87' lang='lat' dir='ltr'><strong>per</strong></span> 
     </span>
     <span class='ocr_line' id='line_1_25' title="bbox 223 3122 2505 3222; baseline -0.002 -27"><span class='ocrx_word' id='word_1_193' title='bbox 223 3129 590 3222; x_wconf 88' lang='lat' dir='ltr'><strong>legitimam</strong></span> <span class='ocrx_word' id='word_1_194' title='bbox 619 3129 1063 3198; x_wconf 88' lang='lat' dir='ltr'><strong>auctoritatem</strong></span> <span class='ocrx_word' id='word_1_195' title='bbox 1092 3126 1552 3218; x_wconf 85' lang='lat' dir='ltr'><strong>acceptatione.</strong></span> <span class='ocrx_word' id='word_1_196' title='bbox 1588 3122 1772 3205; x_wconf 86' lang='lat' dir='ltr'><strong>Quod</strong></span> <span class='ocrx_word' id='word_1_197' title='bbox 1804 3128 2023 3194; x_wconf 87' lang='lat' dir='ltr'><strong>autem</strong></span> <span class='ocrx_word' id='word_1_198' title='bbox 2056 3122 2125 3190; x_wconf 90' lang='lat' dir='ltr'><strong>in</strong></span> <span class='ocrx_word' id='word_1_199' title='bbox 2153 3123 2377 3191; x_wconf 89' lang='lat' dir='ltr'><strong>multis</strong></span> <span class='ocrx_word' id='word_1_200' title='bbox 2402 3144 2505 3190; x_wconf 90' lang='lat' dir='ltr'><strong>re-</strong></span> 
     </span>
     <span class='ocr_line' id='line_1_26' title="bbox 221 3238 2499 3334; baseline -0.002 -22"><span class='ocrx_word' id='word_1_201' title='bbox 221 3245 528 3334; x_wconf 84' lang='lat' dir='ltr'><strong>gionibus</strong></span> <span class='ocrx_word' id='word_1_202' title='bbox 555 3246 651 3312; x_wconf 88' lang='lat' dir='ltr'><strong>rei</strong></span> <span class='ocrx_word' id='word_1_203' title='bbox 681 3245 1009 3314; x_wconf 64' lang='lat' dir='ltr'><strong>catholicas</strong></span> <span class='ocrx_word' id='word_1_204' title='bbox 1047 3263 1461 3333; x_wconf 89' lang='lat' dir='ltr'><strong>summopere</strong></span> <span class='ocrx_word' id='word_1_205' title='bbox 1486 3239 1677 3309; x_wconf 89' lang='lat' dir='ltr'><strong>utiles</strong></span> <span class='ocrx_word' id='word_1_206' title='bbox 1721 3240 1854 3307; x_wconf 90' lang='lat' dir='ltr'><strong>sint</strong></span> <span class='ocrx_word' id='word_1_207' title='bbox 1884 3238 2202 3328; x_wconf 85' lang='lat' dir='ltr'><strong>ejusmodi</strong></span> <span class='ocrx_word' id='word_1_208' title='bbox 2240 3239 2499 3308; x_wconf 90' lang='lat' dir='ltr'><strong>monia-</strong></span> 
     </span>
     <span class='ocr_line' id='line_1_27' title="bbox 223 3351 2495 3446; baseline -0.001 -19"><span class='ocrx_word' id='word_1_209' title='bbox 223 3361 393 3428; x_wconf 86' lang='lat' dir='ltr'><strong>lium</strong></span> <span class='ocrx_word' id='word_1_210' title='bbox 456 3359 748 3446; x_wconf 83' lang='lat' dir='ltr'><strong>l&#39;amiliae,</strong></span> <span class='ocrx_word' id='word_1_211' title='bbox 817 3361 936 3429; x_wconf 89' lang='lat' dir='ltr'><strong>etsi</strong></span> <span class='ocrx_word' id='word_1_212' title='bbox 995 3358 1292 3428; x_wconf 89' lang='lat' dir='ltr'><strong>clausura</strong></span> <span class='ocrx_word' id='word_1_213' title='bbox 1351 3362 1416 3425; x_wconf 89' lang='lat' dir='ltr'><strong>et</strong></span> <span class='ocrx_word' id='word_1_214' title='bbox 1482 3351 1884 3424; x_wconf 87' lang='lat' dir='ltr'><strong>solemnibus</strong></span> <span class='ocrx_word' id='word_1_215' title='bbox 1952 3355 2115 3422; x_wconf 77' lang='lat' dir='ltr'><strong>votis</strong></span> <span class='ocrx_word' id='word_1_216' title='bbox 2166 3363 2451 3424; x_wconf 88' lang='lat' dir='ltr'><strong>carentes</strong></span> <span class='ocrx_word' id='word_1_217' title='bbox 2475 3408 2495 3436; x_wconf 90' lang='lat'>‚</span> 
     </span>
     <span class='ocr_line' id='line_1_28' title="bbox 227 3467 2501 3560; baseline -0.002 -18"><span class='ocrx_word' id='word_1_218' title='bbox 227 3495 348 3543; x_wconf 90' lang='lat' dir='ltr'><strong>nec</strong></span> <span class='ocrx_word' id='word_1_219' title='bbox 397 3494 740 3544; x_wconf 87' lang='lat' dir='ltr'><strong>occurrere</strong></span> <span class='ocrx_word' id='word_1_220' title='bbox 789 3474 1034 3544; x_wconf 86' lang='lat' dir='ltr'><strong>soleant</strong></span> <span class='ocrx_word' id='word_1_221' title='bbox 1091 3473 1141 3541; x_wconf 90' lang='lat' dir='ltr'><strong>ii</strong></span> <span class='ocrx_word' id='word_1_222' title='bbox 1191 3472 1457 3556; x_wconf 77' lang='lat' dir='ltr'><strong>abusus,</strong></span> <span class='ocrx_word' id='word_1_223' title='bbox 1507 3472 1623 3559; x_wconf 89' lang='lat' dir='ltr'><strong>qui</strong></span> <span class='ocrx_word' id='word_1_224' title='bbox 1671 3467 1799 3536; x_wconf 72' lang='lat' dir='ltr'><strong>sul»</strong></span> <span class='ocrx_word' id='word_1_225' title='bbox 1846 3473 2064 3536; x_wconf 88' lang='lat' dir='ltr'><strong>sancto</strong></span> <span class='ocrx_word' id='word_1_226' title='bbox 2105 3469 2220 3539; x_wconf 88' lang='lat' dir='ltr'><strong>Pio</strong></span> <span class='ocrx_word' id='word_1_227' title='bbox 2273 3469 2329 3536; x_wconf 89' lang='lat' dir='ltr'>V</span> <span class='ocrx_word' id='word_1_228' title='bbox 2387 3492 2501 3560; x_wconf 90' lang='lat' dir='ltr'><strong>per</strong></span> 
     </span>
     <span class='ocr_line' id='line_1_29' title="bbox 219 3582 2587 3678; baseline -0.001 -22"><span class='ocrx_word' id='word_1_229' title='bbox 219 3589 540 3658; x_wconf 65' lang='lat' dir='ltr'><strong>clausurae</strong></span> <span class='ocrx_word' id='word_1_230' title='bbox 583 3589 792 3678; x_wconf 84' lang='lat' dir='ltr'><strong>legem</strong></span> <span class='ocrx_word' id='word_1_231' title='bbox 837 3587 1170 3658; x_wconf 88' lang='lat' dir='ltr'><strong>coercendi</strong></span> <span class='ocrx_word' id='word_1_232' title='bbox 1209 3587 1490 3668; x_wconf 82' lang='lat' dir='ltr'><strong>fuerant,</strong></span> <span class='ocrx_word' id='word_1_233' title='bbox 1534 3584 1729 3674; x_wconf 87' lang='lat' dir='ltr'><strong>longa</strong></span> <span class='ocrx_word' id='word_1_234' title='bbox 1761 3582 1898 3674; x_wconf 80' lang='lat' dir='ltr'><strong>jam</strong></span> <span class='ocrx_word' id='word_1_235' title='bbox 1932 3588 2149 3651; x_wconf 83' lang='lat' dir='ltr'><strong>testata</strong></span> <span class='ocrx_word' id='word_1_236' title='bbox 2190 3589 2284 3651; x_wconf 88' lang='lat' dir='ltr'><strong>est</strong></span> <span class='ocrx_word' id='word_1_237' title='bbox 2314 3604 2500 3674; x_wconf 86' lang='lat' dir='ltr'><strong>expe-</strong></span> <span class='ocrx_word' id='word_1_238' title='bbox 2562 3628 2587 3652; x_wconf 72' lang='grc'>.</span> 
     </span>
     <span class='ocr_line' id='line_1_30' title="bbox 215 3696 2497 3794; baseline -0.002 -22"><span class='ocrx_word' id='word_1_239' title='bbox 215 3702 496 3785; x_wconf 79' lang='lat' dir='ltr'><strong>rientia3</strong></span> <span class='ocrx_word' id='word_1_240' title='bbox 529 3707 594 3770; x_wconf 86' lang='lat' dir='ltr'><strong>et</strong></span> <span class='ocrx_word' id='word_1_241' title='bbox 627 3702 923 3771; x_wconf 89' lang='lat' dir='ltr'><strong>innuunt</strong></span> <span class='ocrx_word' id='word_1_242' title='bbox 945 3703 1212 3794; x_wconf 88' lang='lat' dir='ltr'><strong>insuper</strong></span> <span class='ocrx_word' id='word_1_243' title='bbox 1251 3701 1499 3771; x_wconf 79' lang='lat' dir='ltr'><strong>favores</strong></span> <span class='ocrx_word' id='word_1_244' title='bbox 1528 3705 1591 3769; x_wconf 88' lang='lat' dir='ltr'><strong>et</strong></span> <span class='ocrx_word' id='word_1_245' title='bbox 1628 3699 1877 3789; x_wconf 82' lang='lat' dir='ltr'><strong>gratiae,</strong></span> <span class='ocrx_word' id='word_1_246' title='bbox 1910 3699 2149 3789; x_wconf 87' lang='lat' dir='ltr'><strong>quibus</strong></span> <span class='ocrx_word' id='word_1_247' title='bbox 2193 3696 2399 3787; x_wconf 87' lang='lat' dir='ltr'><strong>magis</strong></span> <span class='ocrx_word' id='word_1_248' title='bbox 2425 3699 2497 3769; x_wconf 90' lang='lat' dir='ltr'><strong>in</strong></span> 
     </span>
     <span class='ocr_line' id='line_1_31' title="bbox 221 3808 2500 3906; baseline -0.001 -24"><span class='ocrx_word' id='word_1_249' title='bbox 221 3813 390 3900; x_wconf 87' lang='lat' dir='ltr'><strong>dies,</strong></span> <span class='ocrx_word' id='word_1_250' title='bbox 437 3814 757 3903; x_wconf 86' lang='lat' dir='ltr'><strong>ejusmodi</strong></span> <span class='ocrx_word' id='word_1_251' title='bbox 793 3815 1184 3884; x_wconf 89' lang='lat' dir='ltr'><strong>monialium</strong></span> <span class='ocrx_word' id='word_1_252' title='bbox 1217 3812 1747 3906; x_wconf 85' lang='lat' dir='ltr'><strong>congregationes</strong></span> <span class='ocrx_word' id='word_1_253' title='bbox 1780 3813 1956 3882; x_wconf 87' lang='lat' dir='ltr'><strong>sedes</strong></span> <span class='ocrx_word' id='word_1_254' title='bbox 2002 3808 2361 3902; x_wconf 83' lang='lat' dir='ltr'><strong>Apostolica</strong></span> <span class='ocrx_word' id='word_1_255' title='bbox 2387 3811 2500 3880; x_wconf 88' lang='lat' dir='ltr'><strong>be-</strong></span> 
     </span>
     <span class='ocr_line' id='line_1_32' title="bbox 217 3929 2095 4021; baseline 0.003 -24"><span class='ocrx_word' id='word_1_256' title='bbox 217 3929 430 4020; x_wconf 84' lang='lat' dir='ltr'><strong>nigne</strong></span> <span class='ocrx_word' id='word_1_257' title='bbox 459 3931 883 4021; x_wconf 88' lang='lat' dir='ltr'><strong>prosequitur.</strong></span> <span class='ocrx_word' id='word_1_258' title='bbox 2092 3929 2095 3937; x_wconf 82' lang='lat'>&#39;</span> 
     </span>
    </p>

    <p class='ocr_par' dir='ltr' id='par_1_6' title="bbox 217 4041 2503 4485">
     <span class='ocr_line' id='line_1_33' title="bbox 309 4041 2502 4137; baseline -0.002 -22"><span class='ocrx_word' id='word_1_259' title='bbox 309 4041 562 4115; x_wconf 86' lang='lat' dir='ltr'><strong>Vereor</strong></span> <span class='ocrx_word' id='word_1_260' title='bbox 613 4053 832 4117; x_wconf 89' lang='lat' dir='ltr'><strong>tamen</strong></span> <span class='ocrx_word' id='word_1_261' title='bbox 876 4067 987 4131; x_wconf 89' lang='lat' dir='ltr'><strong>ne,</strong></span> <span class='ocrx_word' id='word_1_262' title='bbox 1039 4046 1120 4117; x_wconf 87' lang='lat' dir='ltr'><strong>iis</strong></span> <span class='ocrx_word' id='word_1_263' title='bbox 1162 4044 1774 4137; x_wconf 86' lang='lat' dir='ltr'><strong>congregationibus</strong></span> <span class='ocrx_word' id='word_1_264' title='bbox 1824 4049 2021 4112; x_wconf 89' lang='lat' dir='ltr'><strong>status</strong></span> <span class='ocrx_word' id='word_1_265' title='bbox 2067 4041 2353 4132; x_wconf 88' lang='lat' dir='ltr'><strong>religiosi</strong></span> <span class='ocrx_word' id='word_1_266' title='bbox 2401 4063 2502 4112; x_wconf 89' lang='lat' dir='ltr'><strong>es·</strong></span> 
     </span>
     <span class='ocr_line' id='line_1_34' title="bbox 217 4157 2500 4253; baseline -0.003 -22"><span class='ocrx_word' id='word_1_267' title='bbox 217 4163 498 4232; x_wconf 85' lang='lat' dir='ltr'><strong>sentiam</strong></span> <span class='ocrx_word' id='word_1_268' title='bbox 543 4159 994 4249; x_wconf 88' lang='lat' dir='ltr'><strong>adscribendo,</strong></span> <span class='ocrx_word' id='word_1_269' title='bbox 1037 4163 1336 4234; x_wconf 80' lang='lat' dir='ltr'><strong>excedere</strong></span> <span class='ocrx_word' id='word_1_270' title='bbox 1386 4163 1795 4253; x_wconf 74' lang='lat' dir='ltr'><strong>aliquatenus</strong></span> <span class='ocrx_word' id='word_1_271' title='bbox 1827 4157 2091 4246; x_wconf 81' lang='lat' dir='ltr'><strong>videar3</strong></span> <span class='ocrx_word' id='word_1_272' title='bbox 2141 4159 2500 4249; x_wconf 87' lang='lat' dir='ltr'><strong>praesertim</strong></span> 
     </span>
     <span class='ocr_line' id='line_1_35' title="bbox 219 4265 2503 4371; baseline -0.002 -25"><span class='ocrx_word' id='word_1_273' title='bbox 219 4297 373 4346; x_wconf 87' lang='lat' dir='ltr'><strong>cum</strong></span> <span class='ocrx_word' id='word_1_274' title='bbox 427 4283 724 4348; x_wconf 89' lang='lat' dir='ltr'><strong>auctores</strong></span> <span class='ocrx_word' id='word_1_275' title='bbox 775 4299 906 4348; x_wconf 90' lang='lat' dir='ltr'><strong>non</strong></span> <span class='ocrx_word' id='word_1_276' title='bbox 955 4280 1170 4371; x_wconf 89' lang='lat' dir='ltr'><strong>pauci,</strong></span> <span class='ocrx_word' id='word_1_277' title='bbox 1236 4279 1314 4348; x_wconf 90' lang='lat' dir='ltr'><strong>de</strong></span> <span class='ocrx_word' id='word_1_278' title='bbox 1375 4276 1701 4370; x_wconf 83' lang='lat' dir='ltr'><strong>praedictis</strong></span> <span class='ocrx_word' id='word_1_279' title='bbox 1746 4265 2354 4362; x_wconf 85' lang='lat' dir='ltr'><strong>congregationibus</strong></span> <span class='ocrx_word' id='word_1_280' title='bbox 2407 4273 2503 4342; x_wconf 89' lang='lat' dir='ltr'><strong>lo-</strong></span> 
     </span>
     <span class='ocr_line' id='line_1_36' title="bbox 221 4389 2501 4485; baseline -0.002 -23"><span class='ocrx_word' id='word_1_281' title='bbox 221 4392 518 4482; x_wconf 80' lang='lat' dir='ltr'><strong>quendo,</strong></span> <span class='ocrx_word' id='word_1_282' title='bbox 569 4392 648 4464; x_wconf 90' lang='lat' dir='ltr'><strong>iis</strong></span> <span class='ocrx_word' id='word_1_283' title='bbox 707 4394 920 4465; x_wconf 80' lang='lat' dir='ltr'><strong>verbis</strong></span> <span class='ocrx_word' id='word_1_284' title='bbox 971 4397 1074 4466; x_wconf 91' lang='lat' dir='ltr'><strong>usi</strong></span> <span class='ocrx_word' id='word_1_285' title='bbox 1131 4395 1282 4474; x_wconf 88' lang='lat' dir='ltr'><strong>sint,</strong></span> <span class='ocrx_word' id='word_1_286' title='bbox 1339 4417 1485 4485; x_wconf 74' lang='lat' dir='ltr'><strong>quae</strong></span> <span class='ocrx_word' id='word_1_287' title='bbox 1529 4389 1867 4466; x_wconf 81' lang='lat' dir='ltr'><strong>contrariae</strong></span> <span class='ocrx_word' id='word_1_288' title='bbox 1914 4389 2125 4478; x_wconf 84' lang='lat' dir='ltr'><strong>potius</strong></span> <span class='ocrx_word' id='word_1_289' title='bbox 2172 4390 2501 4460; x_wconf 69' lang='lat' dir='ltr'><strong>sententias</strong></span> 
     </span>
    </p>
   </div>
  </div>
 </body>
</html>
