2834 4959
425 344 545 400 388
982 341 1322 390 macra-ms
1367 343 1448 390 ms:
1493 341 1643 388 :nnn
1690 325 2109 387 assummum.

431 497 466 538 «
493 489 730 562 pourra
781 465 1168 557 egalement,
1211 485 1364 534 avec
1403 463 1867 534 l'autorisation
1916 461 2007 530 du
2060 462 2183 551 roi,
2246 468 2554 556 aequarit
2599 473 2699 543 des

433 613 466 652 «
500 585 684 654 biens
709 580 1101 652 immeubles
1150 601 1236 649 ou
1279 579 1390 649 des
1442 583 1678 647 rentes,
1712 616 1802 630 -
1830 576 1974 646 Art.
2000 579 2040 645 3
2084 597 2103 646 ε
2148 575 2276 647 Les
2320 579 2697 658 immeubles

433 727 464 768 «
503 722 591 770 ou
617 705 826 767 rentes
851 697 1276 787 appartenant
1297 693 1335 764 a
1362 714 1459 762 un
1484 691 1963 762 etablissement
1980 689 2465 787 ecclesiastique
2486 711 2696 770 seront

433 845 462 886 α
497 816 790 910 possedes
827 815 864 885 ὲ
901 811 1282 912 ρθιῬόῑιιίἱιέᾔ
1309 832 1429 903 par
1465 810 1621 880 ledit
1676 808 2177 897 etablissement‚
2230 819 2296 880 et
2321 823 2530 884 serent
2554 820 2690 888 ina-

429 959 464 1000 «
489 931 828 1016 lienables‚
861 929 898 1000 a
947 926 1162 999 moins
1207 949 1334 1018 que
1379 925 1776 997 l'alienation
1822 925 1975 995 n'en
2004 926 2130 996 soit
2155 930 2472 1003 autorisee
2500 954 2613 1023 par
2635 934 2686 1003 le

431 1077 464 1116 t<
491 1051 613 1120 roi.
650 1073 685 1114 >³

507 1165 570 1234 Is
597 1169 814 1234 autem
853 1160 1089 1230 modus
1135 1147 1515 1250 possidendi
1546 1157 1619 1225 in
1670 1156 2009 1227 communi
2044 1162 2340 1227 extensus
2366 1165 2463 1229 est
2492 1162 2567 1230 ad
2594 1185 2681 1234 re·

413 1281 672 1372 ligiosas
701 1277 1059 1347 mulierum
1089 1273 1366 1344 familias
1393 1273 1647 1342 decreto
1693 1271 1822 1342 diei
1864 1271 1953 1342 24
2004 1274 2164 1342 maii
2195 1273 2393 1360 1825,
2426 1277 2679 1348 articulo

417 1397 481 1464 4.
534 1395 655 1464 Ast
707 1393 908 1462 simul
959 1391 1254 1481 ejusdem
1304 1387 1465 1478 legis
1508 1387 1780 1458 articulo
1836 1389 1865 1456 1
1916 1395 1978 1458 et
2032 1391 2075 1458 2
2120 1398 2385 1460 cautum
2424 1400 2542 1474 est,
2572 1415 2678 1464 ne-

415 1513 758 1584 cessariam
781 1513 1086 1602 deinceps
1124 1509 1260 1579 fore
1301 1509 1539 1600 leqem‚
1584 1507 1666 1576 ad
1696 1508 2143 1599 approbandas
2176 1512 2465 1601 singulas
2508 1516 2681 1602 eJ'us-

416 1627 593 1696 modi
617 1625 974 1695 mulierum
1019 1624 1547 1710 communitateS,
1586 1629 1732 1692 ante
1769 1623 1945 1692 diem
1976 1624 2018 1692 2
2042 1624 2316 1716 januarii
2350 1625 2515 1698 1825
2545 1649 2677 1698 non

411 1740 746 1810 existentes
789 1767 806 1809 ε
857 1737 1072 1829 quoad
1111 1738 1461 1808 anteriores
1493 1757 1669 1826 vero,
1701 1737 2029 1808 sufficiens
2072 1739 2207 1808 sore
2260 1739 2535 1809 edictum
2567 1763 2675 1811 re-

409 1857 595 1946 gium
648 1855 802 1946 (une
829 1854 1241 1924 ordonnance
1267 1850 1534 1941 royale).

493 1971 570 2040 ln
617 1971 880 2062 praefata
906 1977 1125 2040 autem
1169 1967 1309 2058 lege
1341 1967 1499 2036 anni
1531 1965 1701 2035 1825
1728 1965 1822 2035 sic
1872 1966 2242 2057 disponitur
2296 1968 2560 2038 articulo
2589 1971 2663 2035 7:

503 2113 540 2152 «
572 2085 672 2154 En
693 2107 800 2156 cas
823 2084 1236 2156 d’extinction
1259 2083 1459 2153 d’une
1482 2083 1949 2174 congregation
1974 2105 2061 2153 ou
2080 2083 2335 2154 maison
2354 2087 2667 2175 religieuse

415 2229 449 2267 t(
481 2200 564 2269 de
592 2201 891 2285 femmes,
925 2221 1016 2269 ou
1042 2201 1121 2270 de
1169 2200 1542 2270 revocation
1572 2200 1656 2270 de
1702 2199 2164 2271 l'autorisation
2192 2203 2311 2290 qui
2338 2200 2434 2270 lui
2480 2203 2665 2271 aurait

413 2341 449 2382 α
475 2315 574 2384 ete
631 2314 962 2402 accordee,
1002 2314 1094 2384 les
1135 2313 1320 2384 hiens
1365 2313 1591 2404 aequis
1648 2335 1766 2406 par
1821 2314 2129 2384 donation
2183 2317 2537 2402 entre-viss,
2587 2337 2659 2384 ou

411 2457 444 2496 «
485 2451 599 2520 par
643 2431 1021 2520 disposition
1063 2429 1102 2498 a
1146 2450 1338 2499 cause
1387 2430 1469 2498 de
1520 2435 1713 2514 mort,
1760 2430 1971 2500 feront
2035 2435 2259 2500 retour
2312 2453 2438 2502 aux
2486 2431 2659 2500 dona·

412 2569 444 2610 «
477 2550 652 2614 teurs
691 2567 778 2614 ou
839 2545 876 2614 a
927 2544 1099 2614 leurs
1145 2549 1400 2636 parents
1455 2564 1539 2613 au
1582 2545 1779 2634 degre
1864 2547 2273 2633 successible,
2324 2547 2479 2616 ainsi
2522 2545 2658 2636 qu'a

411 2685 444 2724 «
479 2681 637 2728 ceux
688 2657 797 2730 des
855 2664 1186 2729 testateurs
1235 2681 1318 2728 au
1367 2659 1585 2728 meme
1631 2660 1850 2750 degre.
1910 2660 2127 2742 Quant
2162 2682 2293 2732 aux
2340 2663 2513 2732 biens
2554 2661 2655 2751 qui

407 2799 436 2838 a·
469 2795 551 2843 ne
598 2775 869 2844 seruient
907 2797 1020 2866 pas
1071 2779 1316 2864 retunt,
1363 2795 1451 2843 ou
1494 2776 1612 2864 qui
1653 2777 1945 2846 auraient
1998 2779 2098 2847 ete
2150 2780 2377 2868 aequis
2440 2779 2475 2846 a
2525 2778 2651 2846 titre

405 2917 438 2954 a
470 2890 775 2981 onerem,
827 2891 907 2960 ils
960 2894 1177 2960 seront
1244 2889 1551 2960 attribues
1628 2897 1693 2959 et
1738 2891 2012 2983 repertis
2080 2893 2301 2962 moitie
2362 2914 2484 2962 aux
2532 2894 2647 2960 eta-

408 3029 442 3067 «
469 3001 872 3076 blissements
927 3003 1462 3094 ecclesiastiques,
1504 3004 1726 3074 moitie
1774 3025 1901 3074 aux
1948 3005 2245 3097 hospices
2275 3003 2387 3076 des
2434 3006 2647 3097 depar-

407 3145 440 3184 «
469 3127 767 3204 tementS‚
842 3121 999 3190 dans
1058 3119 1332 3212 lesquels
1403 3121 1685 3192 seraient
1737 3121 1931 3192 situes
1999 3122 2092 3192 les
2170 3124 2649 3192 etablissements

409 3261 442 3301 α
469 3235 719 3304 eteints.
753 3259 788 3300 >2

485 3349 696 3436 Unde,
712 3353 894 3441 juxta
917 3353 1204 3442 vigentes
1224 3349 1415 3420 hodie
1438 3351 1510 3419 in
1534 3349 1745 3420 Gallia
1770 3351 2094 3442 potestatis
2122 3352 2448 3422 saecularis
2466 3351 2639 3440 leges„

397 3479 527 3528 non
553 3465 708 3527 sunt
745 3458 1114 3550 possidendi
1169 3459 1236 3526 in
1283 3458 1630 3528 communi
1654 3478 1919 3549 capaces
1968 3457 2096 3526 nisi
2145 3479 2237 3527 eae
2288 3458 2639 3527 monialium

393 3578 911 3659 communitates,
940 3597 1086 3666 quae
1111 3573 1193 3642 ad
1241 3573 1308 3641 id
1339 3595 1452 3664 per
1506 3572 1777 3664 speciale
1808 3572 2143 3642 decretum
2178 3573 2425 3642 habiles
2448 3571 2638 3639 decla-

393 3697 544 3760 ratae
569 3691 738 3774 sint;
771 3696 832 3757 et
867 3710 958 3757 663
1006 3687 1456 3778 religiosorum
1512 3686 1744 3756 domus
1771 3707 1917 3776 quae
1954 3685 2076 3756 sub
2130 3685 2316 3756 titulo
2340 3685 2637 3756 e'tablisse-

389 3818 570 3875 ment
594 3802 1087 3894 ecclesiastique
1113 3801 1350 3894 pariter
1401 3801 1643 3870 fuerint
1678 3823 1716 3870 a
1744 3807 2047 3892 potestate
2092 3801 2384 3871 saeculari
2434 3819 2635 3892 appro-

309 3923 320 3934 ’
389 3921 570 3992 batae.
628 3922 786 4004 Quae
818 3927 1037 3989 tamen
1089 3915 1461 4008 possidendi
1503 3918 1819 4009 capacitas
1860 3917 1944 3987 ab
1970 3917 2195 3988 eadem
2233 3917 2515 3991 saeculari
2538 3933 2633 4004 po-

385 4043 604 4106 testate
633 4060 751 4130 pro
798 4035 1066 4106 arbitrio
1089 4033 1331 4104 reti-ahi
1367 4038 1597 4124 potest.

469 4151 744 4234 ILQuid
767 4148 1102 4221 saecularis
1125 4158 1416 4240 potestas
1448 4147 1523 4215 in
1550 4145 1775 4220 Gallia
1824 4149 2159 4236 statuerit,
2198 4145 2423 4239 quoad
2446 4141 2631 4237 sami-

378 4267 630 4337 liarum
673 4267 1137 4360 reliqiosarum
1173 4261 1493 4349 membra,
1528 4259 1607 4330 id
1645 4273 1766 4350 est,
1798 4262 2021 4354 quoad
2062 4264 2367 4354 ipsorum
2394 4273 2557 4338 vota,
2580 4265 2631 4321 et

373 4385 751 4476 possidendi
771 4387 1234 4478 capacitatem.
1277 4419 1368 4436 —
1411 4381 1778 4473 Praecipuas
1806 4382 1929 4452 hac
1979 4383 2059 4454 de
2100 4405 2173 4452 re
2215 4377 2627 4475 dispositiones
