2834 4959
349 325 471 382 166
913 333 1251 382 ‘raacurns
1299 335 1378 382 nn
1425 333 1577 384 man
1618 333 2039 382 anonumum.

347 481 519 541 care,
550 456 652 525 vel
679 457 941 526 nonnisi
981 459 1104 549 piis
1147 459 1449 550 operibus
1506 459 1907 550 impendere.
1936 455 2121 545 atem
2170 453 2441 548 speciali
2462 459 2646 528 obe-

343 573 598 644 dientiae
646 572 909 642 vinculo
951 571 1420 665 Episcoporum
1462 572 1771 663 regimini
1824 579 1887 642 et
1912 572 2277 642 auctoritati
2314 571 2649 642 suberant

345 687 540 782 (quod
601 686 746 756 vide
824 686 1092 756 Patrum
1151 689 1527 758 auctoritate
1590 689 1954 776 firmatum,
2032 687 2103 755 in
2152 687 2340 756 citato
2428 709 2643 780 opere

345 806 736 872 Examen...
775 802 934 872 lib-ri
957 803 1264 873 Mariani
1292 803 1684 891 Verkoeven,
1714 825 1863 895 pag.
1900 801 2039 892 46).
2089 801 2263 872 Hinc
2302 800 2642 873 Thomas-

342 921 525 991 sinus
551 921 687 1011 ipse
711 920 912 988 vitam
945 919 1210 990 illarum
1235 919 1625 1011 reliqiosam
1650 927 1833 988 vocat
1859 918 2091 1010 (Vetus
2116 931 2184 986 et
2223 939 2403 987 nova
2428 917 2639 1008 disc.‚

345 1041 522 1127 parte
548 1036 612 1116 1,
671 1035 715 1102 l.
753 1038 820 1122 3,
869 1057 929 1102 c.
987 1034 1104 1120 42,
1151 1057 1222 1104 n.
1275 1034 1340 1125 7)
1372 1059 1392 1120 ;
1427 1057 1547 1103 nec
1573 1035 1789 1104 videre
1820 1056 1888 1106 se
1941 1036 2056 1118 ait,
2098 1059 2131 1099 a
2157 1033 2319 1123 quid
2344 1035 2645 1126 amplius

354 1153 486 1220 «in
536 1152 926 1241 cujusquam
975 1151 1196 1218 animo
1249 1150 1531 1220 residere
1587 1151 1789 1242 possit
1852 1150 2066 1237 dubii,
2118 1150 2281 1240 quin
2338 1151 2641 1239 virgines

353 1292 386 1330 «
415 1267 632 1337 istae...
663 1287 812 1335 vere
845 1265 1186 1353 monialae,
1232 1287 1380 1334 vere
1417 1267 1735 1358 professae
1780 1273 2015 1353 essent,
2048 1265 2414 1355 iisdemque
2447 1267 2643 1336 inse-

355 1408 388 1446 «
415 1376 748 1451 ne'scerent
792 1381 1044 1471 pietatis
1093 1382 1435 1464 exercitiis,
1466 1380 1707 1471 quihus
1746 1381 1876 1450 illae
1906 1401 2053 1472 quae
2106 1380 2177 1448 in
2220 1382 2643 1450 monasteriis

353 1523 388 1560 «
415 1496 942 1566 instituebantur.
973 1521 1010 1561 n
1069 1479 1291 1586 (ibid.,
1325 1517 1396 1564 n.
1461 1496 1599 1588 18.)
1644 1487 1999 1588 Equidem,
2062 1497 2356 1587 sequenti
2392 1501 2639 1587 capite,

345 1632 620 1682 numero
653 1611 725 1700 6,
775 1632 1010 1701 parum
1058 1611 1184 1680 sibi
1213 1617 1513 1682 constans
1540 1610 2030 1696 Thomassinus,
2073 1613 2341 1704 proprie
2360 1612 2640 1700 religio-

343 1747 482 1796 sam
529 1726 727 1796 fuisse
769 1726 1060 1818 ipsarum
1101 1733 1547 1817 paupertatem
1584 1733 1648 1794 et
1700 1723 2138 1796 obedientiam
2172 1747 2409 1815 negare
2446 1724 2637 1796 vide-

341 1849 474 1910 tur.
507 1843 594 1911 At
623 1862 880 1932 prorsus
903 1842 1256 1924 immerite,
1288 1848 1481 1931 atque
1503 1843 1573 1910 in
1598 1842 1722 1910 hoc
1760 1841 2337 1932 derelinquendus.
2505 1828 2527 1844 ⁸

433 1953 808 2026 Paorosmo
835 1953 968 2024 V1⁸.
995 1993 1086 2008 -—
1126 1958 1180 2023 A
1185 1956 1539 2046 postolicis
1568 1956 1977 2050 temporibus
2009 1979 2255 2026 coaevos
2288 1956 2643 2048 reliqiosos

343 2069 469 2140 etsi
477 2084 922 2140 monumenta
941 2071 1266 2140 historica
1282 2085 1509 2162 aperte
1527 2094 1665 2140 non
1690 2083 2118 2158 testarentur,
2142 2095 2229 2142 eoe
2244 2073 2395 2164 ipsa
2412 2084 2642 2140 tamen

345 2185 664 2256 Ecclesiae
693 2209 736 2254 a
767 2185 1023 2256 Christo
1063 2187 1395 2255 institmae
1440 2199 1691 2256 natura
1734 2187 2269 2258 concludendum
2295 2189 2511 2278 foret.
2552 2224 2641 2241 -—

345 2305 514 2374 Nam
539 2327 580 2374 a
597 2304 850 2375 Christo
879 2307 968 2376 ita
993 2307 1348 2375 institutam
1393 2307 1591 2376 fuisse
1614 2307 1970 2378 Ecclesiam
2000 2314 2074 2376 ut
2100 2307 2457 2378 sanctitatis
2493 2317 2643 2377 nota

347 2427 654 2510 perpetuo
721 2423 964 2490 micare
1043 2421 1328 2505 deberet,
1387 2428 1581 2512 atque
1632 2445 1709 2492 ex
1764 2423 1875 2493 illa
1934 2430 2086 2493 nota
2137 2424 2497 2513 distingui,
2552 2431 2641 2492 est

349 2544 520 2604 certa
563 2535 736 2626 apud
809 2535 1154 2605 catholicos
1195 2535 1486 2606 doctrina
1540 2559 1743 2628 quam
1780 2539 1853 2606 in
1902 2537 2183 2608 dubium
2240 2559 2471 2608 vocare
2537 2560 2643 2606 ne·

349 2649 445 2718 fas
478 2655 590 2719 est.
630 2649 776 2720 Jam
828 2671 978 2720 vero
1033 2655 1252 2720 notam
1276 2649 1455 2720 illam
1494 2632 1847 2722 sanctitatis
1904 2653 2344 2722 communiter
2389 2653 2642 2723 intelli-

351 2771 515 2854 gunt
559 2766 842 2856 theologi
869 2787 946 2836 eo
980 2787 1201 2852 sensu,
1251 2767 1428 2856 quod
1460 2787 1714 2859 semper
1759 2768 1833 2836 in
1876 2789 2027 2838 vera
2054 2767 2297 2837 Christi
2346 2765 2643 2837 Ecclesia

351 2881 618 2972 reperiri
659 2881 882 2950 debeat
927 2881 1334 2965 exercitium,
1363 2903 1498 2950 non
1528 2881 1908 2952 essentialis
1960 2883 2292 2966 duntaxat,
2328 2901 2445 2951 seu
2500 2905 2644 2974 quae

353 2987 434 3056 ad
488 2987 759 3057 salutem
823 2989 1348 3078 consequendam
1409 2989 1709 3075 sufficiat,
1798 2989 2181 3078 sanctitatis,
2240 2989 2349 3060 sed
2438 2993 2637 3060 etiam

351 3097 528 3168 illius
553 3102 906 3172 sanctitatis
931 3124 1078 3194 quae
1101 3103 1431 3194 perfectio
1458 3102 1733 3188 dicitur;
1766 3125 1913 3194 quae
1938 3103 2181 3174 scilicet
2206 3104 2637 3174 consiliorum

354 3215 548 3280 etiam
593 3216 1116 3306 evangelicorum
1167 3214 1673 3305 observantiam,
1706 3237 1861 3287 cum
1916 3219 2108 3310 plena
2154 3221 2259 3288 sui
2300 3221 2639 3310 mancipa-

356 3326 526 3396 tione
555 3329 625 3396 in
681 3330 798 3400 Dei
841 3331 1230 3421 obsequium
1273 3332 1763 3424 complectatur.
1812 3333 1939 3403 Sed
1980 3333 2299 3426 ejusmodi
2334 3337 2639 3404 sanctitas

355 3445 738 3538 religiosum
793 3458 1029 3520 statum
1106 3451 1618 3542 comprehendit.
1688 3451 1860 3543 Ergo
1925 3453 1995 3521 in
2044 3451 2331 3522 Ecclesia
2398 3449 2635 3520 Christi

357 3562 646 3652 quolibet
711 3571 996 3656 tempore
1053 3565 1317 3636 existere
1383 3566 1769 3652 debuerunt,
1844 3573 1907 3636 et
1978 3588 2183 3657 usque
2270 3564 2351 3635 ad
2440 3567 2637 3636 finem

359 3679 590 3748 mundi
635 3680 904 3750 existent
961 3683 1098 3750 veri
1172 3680 1483 3772 religiosi.
1532 3681 1706 3772 Ergo
1762 3682 1921 3774 ipsis
1976 3683 2174 3750 etiam
2245 3680 2638 3771 Apostolicis

359 3795 758 3886 temporibus
807 3817 992 3866 veros
1031 3796 1338 3866 exstitisse
1375 3797 1708 3888 religiosos
1732 3795 2211 3866 admittendum
2250 3803 2365 3864 est.

1406 4028 1449 4118 g
1476 4025 1588 4096 111.

903 4199 1182 4252 Diluuntur
1199 4201 1466 4263 praecipuae
1490 4197 1724 4262 quadam
1746 4198 2083 4250 difficultates.

459 4379 836 4448 Psorosmo
881 4379 960 4446 1⁸.
989 4417 1081 4431 —
1109 4382 1393 4448 Sanctus
1438 4377 1849 4448 Athanasius
1896 4400 2031 4446 non
2074 4375 2278 4458 dizit,
2332 4387 2622 4446 sanctum
