2834 4959
304 356 426 414 560
871 357 1212 406 moruus
1257 357 1337 406 ns
1379 357 1533 404 suns
1574 353 1998 404 anamma.

305 491 368 573 1,
393 509 462 556 n.
509 486 674 576 66):
743 507 778 550 (ε
843 481 998 552 Nec*
1027 486 1254 572 potest,
1303 479 1546 570 inquit,
1614 479 1687 547 in
1736 476 1931 546 dictis
1984 479 2290 567 exemptis
2340 499 2599 550 mona-

307 630 345 667 «
375 601 586 672 steriis
631 599 713 668 ad
757 597 1058 666 habitum
1085 595 1342 665 admitti
1369 593 1663 686 (puella),
1688 592 1833 662 sine
1856 591 2101 684 praevia
2137 593 2387 662 licentia
2408 591 2593 686 Epi-

309 745 344 783 «
365 715 545 807 scopi
570 716 638 783 in
659 713 938 804 scriptis.
987 735 1021 778 »
1058 710 1326 781 Nullam
1351 717 1573 782 tamen
1620 708 1925 800 praefatus
1968 713 2197 799 auctor
2224 721 2451 778 novam
2474 731 2598 779 ra·

303 837 544 901 tionem
565 827 849 896 adducit.
881 827 946 896 3·
971 826 1154 896 Idem
1179 831 1433 894 certum
1460 825 1771 917 supponit
1806 822 2227 909 Monaesum,
2270 825 2607 915 siquidem

306 947 607 1020 formulae
631 945 699 1027 5,
739 943 914 1012 tituli
971 941 1052 1013 13
1101 944 1284 1034 (tom.
1353 942 1421 1034 2)
1480 942 1547 1010 id
1588 942 1865 1012 inseruit
1910 943 1985 1010 in
2036 941 2221 1008 hunc
2270 940 2611 1011 modum:

316 1091 354 1133 a
376 1062 770 1134 Proibiamo.
783 1116 799 1130 .
814 1113 829 1129 .
883 1059 1008 1130 alle
1041 1059 1372 1150 superiore
1427 1079 1465 1126 e
1490 1057 1811 1149 superiori
1863 1077 1902 1126 e
1940 1043 2267 1124 monache
2306 1055 2412 1124 de’
2465 1079 2621 1128 mo-

318 1207 355 1250 «
383 1181 622 1250 nasteri
673 1179 947 1270 suggetti
995 1176 1056 1246 a'
1109 1175 1414 1266 regolari,
1482 1195 1527 1248 0.
1576 1174 1649 1244 in
1710 1172 1875 1242 altra
1927 1192 2199 1240 manera
2240 1175 2473 1258 oeenti,
2540 1173 2609 1243 di

323 1322 358 1360 «
385 1293 786 1364 ammetterle
813 1315 848 1360 e
889 1289 1226 1361 accettarle
1273 1309 1461 1358 come
1504 1307 1721 1378 sopra,
1756 1288 1812 1354 si
1856 1285 2073 1379 prima
2101 1306 2235 1354 non
2274 1285 2418 1355 sara
2444 1294 2609 1356 stata

319 1411 468 1480 «da
493 1411 602 1479 noi
640 1407 954 1499 espiorata
975 1406 1038 1475 la
1057 1405 1198 1474 loro
1225 1403 1524 1488 volunta,
1556 1403 1635 1470 ed
1660 1407 1951 1470 ottenuta
1976 1399 2042 1470 la
2090 1407 2305 1470 nostra
2354 1401 2607 1472 licenza

321 1553 360 1592 (ι
387 1529 460 1596 in
495 1525 741 1602 scritto,
773 1526 940 1589 sotto
979 1539 1169 1608 pena,
1211 1519 1283 1586 in
1313 1537 1463 1586 caso
1492 1516 1613 1585 che
1640 1516 1878 1585 rosseto
1902 1515 2183 1586 rieevute
2230 1535 2423 1585 senza
2448 1517 2607 1586 Γω-

322 1665 361 1706 a
390 1657 606 1730 pressa
633 1639 850 1704 nostra
887 1633 1134 1702 licenza
1163 1631 1236 1701 in
1267 1631 1695 1722 qualsivoglia
1738 1636 2115 1712 monastero,
2160 1649 2316 1698 anco
2338 1639 2598 1718 esente,

326 1779 362 1820 ι(
389 1751 557 1822 della
597 1749 831 1820 nullita
859 1746 1008 1818 den·
1028 1745 1476 1827 ammissione,
1508 1745 1590 1815 da
1609 1744 1965 1816 incon-ersi
1992 1746 2133 1834 ipso
2158 1743 2315 1812 tacto
2338 1749 2405 1812 et
2442 1744 2601 1836 ipso

321 1895 366 1936 (ε
391 1871 567 1961 jure.
608 1892 645 1934 >1

411 1982 490 2052 11.
529 1985 850 2052 Auctor-es
873 1979 992 2071 qui
1017 1977 1144 2046 hac
1171 1977 1252 2046 de
1280 1999 1350 2045 re
1351 1976 1478 2066 jus
1502 1975 1703 2044 aliter
1730 1987 2107 2066 exponunt.
2138 2013 2231 2028 -
2272 1974 2385 2044 Sic
2412 1975 2615 2044 habet

333 2125 366 2163 «
395 2097 742 2186 Fagnanus
772 2097 866 2185 (in
915 2099 1114 2188 caput
1167 2097 1588 2175 Pon-ectum,
1638 2089 1719 2158 de
1777 2090 2245 2183 Reqularibus,
2302 2111 2369 2158 n.
2432 2089 2550 2181 30)
2584 2117 2605 2160 :

331 2237 368 2279 (ι
399 2211 610 2279 Etiam
655 2211 726 2278 in
757 2210 1164 2278 monasteriis
1219 2231 1350 2277 non
1389 2211 1729 2300 exemptis,
1792 2207 2185 2278 monialium
2222 2205 2511 2298 receptio·
2530 2208 2621 2277 de

333 2351 368 2390 «
390 2327 540 2415 iure
571 2343 702 2392 non
733 2328 977 2412 spectat
1001 2321 1080 2391 ad
1112 2322 1536 2412 Episcopum,
1564 2321 1677 2392 sed
1701 2322 1781 2390 ad
1812 2322 2198 2392 abbatissam
2226 2327 2292 2392 et
2312 2342 2617 2390 conven-

331 2465 372 2504 κ
395 2445 564 2522 tum,
588 2445 660 2504 ut
685 2435 894 2525 eapite
923 2435 1000 2504 Si
1023 2434 1118 2502 ad
1143 2433 1362 2503 solum
1385 2436 1566 2527 (1)...
1598 2435 1787 2518 Quod
1814 2443 2034 2506 autem
2060 2437 2149 2506 ait
2173 2421 2371 2506 frater
2394 2436 2623 2506 Ludo-

335 2577 370 2616 «
393 2553 578 2619 vicus
609 2549 984 2634 Miranda..,
1031 2550 1381 2625 abbatissas
1412 2575 1542 2623 non
1576 2575 1761 2645 posse
1790 2554 2080 2640 {novitias
2135 2553 2425 2644 recipere
2470 2554 2621 2623 sine

335 2693 372 2732 «
397 2687 670 2736 suorum
704 2664 1122 2758 praelatorum
1144 2667 1438 2754 licentia,
1464 2689 1596 2736 non
1650 2669 1959 2760 probatur
1998 2670 2175 2759 Jure.
2206 2693 2244 2734 n

417 2781 522 2852 Ad
562 2781 935 2853 Suaresium
979 2780 1156 2871 quod
1203 2783 1449 2864 attinet,
1500 2785 1923 2874 quaestionem
1952 2785 2135 2876 ponit
2192 2785 2319 2853 hoc
2361 2783 2557 2853 modo
2590 2808 2609 2852 ε

337 2923 373 2964 «
399 2895 686 2968 Tractari
733 2899 928 2967 etiam
974 2896 1079 2966 hic
1113 2903 1318 2987 potest
1369 2897 1451 2966 de
1494 2898 1881 2967 authoritate
1930 2897 2287 2988 recipiendi
2320 2897 2621 2988 aliquam

338 3040 374 3081 «
395 3016 466 3082 in
509 3012 888 3096 monialem,
929 3011 1104 3103 apud
1131 3025 1332 3100 quem
1373 3013 1480 3081 sit.
1540 3011 1637 3081 De
1690 3033 1823 3102 quo
1878 3015 2075 3082 etiam
2126 3011 2409 3082 videnda
2460 3023 2628 3082 sunt

339 3153 376 3195 a
401 3127 640 3204 eodem,
663 3133 842 3195 tomo
863 3126 1037 3194 dicta
1065 3125 1144 3197 de
1177 3127 1545 3218 receptione
1568 3127 1997 3215 novitiorum,
2030 3135 2097 3196 et
2140 3147 2294 3196 cum
2330 3147 2629 3217 propor-

333 3265 374 3304 ι(
407 3243 580 3310 tione
603 3243 672 3308 in
718 3243 1019 3332 praesenti
1045 3240 1455 3331 applicanda.
1492 3265 1526 3306 »
1570 3243 1691 3332 (De
1734 3241 2112 3333 Reliqione,
2134 3248 2301 3311 tomo
2344 3241 2414 3319 4,
2448 3240 2501 3306 1.
2544 3242 2575 3306 1
2598 3293 2627 3322 ,

335 3375 396 3422 c.
429 3352 538 3438 11,
592 3377 658 3422 n.
721 3355 815 3446 1.)
859 3355 1114 3424 Locum
1157 3364 1403 3443 autem,
1449 3357 1533 3424 ad
1590 3377 1787 3446 quem
1836 3357 2107 3425 remittit
2148 3352 2519 3442 Suaroeius,
2562 3357 2633 3425 si

329 3469 518 3541 adeat
541 3469 762 3556 lector,
811 3473 956 3541 haec
999 3472 1272 3562 reperiet
1305 3470 1410 3562 (de
1454 3473 1820 3564 Reliqione,
1858 3479 2034 3542 tomo
2060 3471 2209 3556 3‚.1.
2245 3472 2315 3553 5,
2342 3495 2403 3542 c.
2456 3472 2569 3561 10)
2602 3498 2623 3541 z

327 3586 662 3678 imprimis
723 3591 1032 3675 tanquam
1092 3591 1342 3656 certum
1406 3586 1624 3669 tradit,
1681 3592 2053 3679 potestatem
2115 3586 2407 3657 novitios
2464 3588 2631 3658 reci-

397 3879 465 3940 (1)
486 3879 540 3929 ln
563 3877 659 3928 hac
674 3875 928 3934 decretali.
943 3889 1056 3940 qnae
1078 3880 1158 3926 est
1187 3876 1368 3928 ultima
1392 3877 1527 3928 tituli
1554 3879 1619 3929 de
1640 3879 1989 3945 nequioribus,
2002 3881 2059 3930 in
2080 3881 2243 3943 sexto,
2264 3882 2339 3931 sic
2366 3881 2627 3946 disposuit

335 3965 620 4018 Bonifaetus
644 3965 748 4016 vm
780 3977 793 4016 ε
828 3965 891 4014 Si
911 3965 982 4015 ad
995 3965 1159 4016 solum
1183 3963 1419 4017 abbatem
1430 3969 1685 4032 pertineat
1702 3969 1887 4018 creatio
1899 3967 2276 4030 monachorum,
2296 3981 2357 4018 eo
2376 3965 2629 4030 detineto

333 4051 560 4121 nequibit
583 4067 738 4104 novus
759 4051 1034 4104 monachus
1051 4065 1085 4102 a
1115 4055 1361 4104 conventu
1383 4055 1557 4106 creari
1578 4069 1597 4106 :
1622 4055 1758 4106 altas
1776 4055 1983 4122 poterit,
2010 4056 2063 4106 εἰ
2070 4068 2247 4106 eorum
2262 4055 2451 4106 mentio
2466 4067 2631 4117 spec-

335 4148 414 4195 tat
453 4141 663 4192 insimul
685 4141 757 4190 ad
789 4143 1073 4206 utrumque.
1111 4141 1186 4192 Ex
1217 4141 1314 4192 hoe
1345 4146 1493 4194 textu
1530 4143 1757 4196 inferunt
1782 4146 2119 4196 communiter
2152 4145 2397 4204 doctores,
2420 4154 2491 4192 ex
2508 4146 2635 4195 eolo

336 4227 448 4284 jure
479 4222 694 4274 discerni
717 4233 820 4271 non
855 4233 1000 4284 posse
1019 4232 1085 4270 an
1116 4223 1425 4274 novitiorum
1448 4223 1689 4275 admissio
1710 4227 1961 4287 pertineat
1982 4224 2046 4276 ad
2073 4224 2245 4276 solum
2275 4223 2535 4287 abbatem,
2556 4237 2636 4275 nn

335 4321 452 4360 vero
471 4308 537 4361 ad
565 4309 797 4361 abbatem
825 4311 977 4361 simul
1002 4315 1056 4362 et
1086 4317 1425 4374 conventum3
1458 4311 1546 4365 sed
1570 4311 1668 4364 hoc
1688 4313 1907 4377 pendere
1929 4327 1960 4365 a
1983 4315 2351 4367 consuetudins
2372 4317 2425 4366 ct
2444 4317 2649 4367 consti·

337 4395 616 4446 tuttonthns
633 4398 1038 4461 uniuscujusque
1061 4397 1272 4452 ordinis.
