2834 4959
339 322 464 381 670
816 277 846 308 Ι,
910 332 1250 381 nacturus
1299 332 1381 379 m:
1424 330 1575 378 IURB
1620 328 2035 377 munitlun.

336 451 735 541 constringi:
787 452 1058 543 proinde
1105 474 1226 521 nee
1267 452 1731 544 comprehendi
1774 452 2069 543 ipsarum
2107 456 2483 522 conventus
2510 454 2639 523 sub

335 569 522 639 dietis
558 567 1060 652 conditionibus,
1109 570 1181 637 in
1237 568 1607 659 puellarum
1657 568 2147 638 educandarum
2200 571 2625 661 receptione3

333 683 490 775 quia
537 684 936 755 conditiones
979 686 1116 755 istae
1159 682 1465 776 Papalem
1512 683 1881 752 clausuram
1926 690 2331 775 supponunt.
2396 684 2619 755 Unam

334 820 412 870 ex
439 799 576 869 istis
617 802 944 891 responsis
985 800 1382 869 adducamus
1417 824 1437 869 ε
1474 799 1603 870 «S.
1640 798 2203 905 Poenitentiaria...
2230 802 2625 891 respondet:

345 942 384 982 «
407 935 604 985 novas
669 915 1032 986 Galliarum
1089 916 1431 997 moniales,
1489 936 1637 1005 quae
1682 916 2056 985 institutum
2116 916 2387 1009 aliquod
2470 918 2639 988 neli-

347 1056 382 1098 «
409 1032 667 1122 giosum
737 1037 1084 1115 sectantur,
1129 1034 1203 1100 in
1279 1054 1409 1124 quo
1463 1032 1830 1101 secundum
1902 1034 2043 1123 ejus
2102 1036 2635 1125 acceptationem

346 1174 382 1215 a
407 1154 600 1237 atque
663 1148 1194 1239 approbationem
1259 1146 1340 1215 ab
1412 1148 1781 1237 Apostolica
1844 1146 1996 1217 sede
2050 1146 2312 1231 factam,
2376 1150 2637 1241 profes-

345 1290 381 1329 «
405 1263 655 1332 sionem
715 1264 1073 1333 solemnem
1123 1285 1199 1332 ae
1255 1262 1571 1332 solemnia
1618 1254 1777 1331 vota·
1820 1263 2114 1333 emittere
2168 1262 2511 1347 deberent,
2572 1278 2637 1335 et

347 1404 380 1445 «
404 1378 834 1453 nihilominus
883 1402 1001 1470 per
1044 1386 1416 1470 temporum
1474 1377 2025 1465 circumstantias,
2080 1383 2282 1469 atque
2326 1402 2402 1448 ex
2452 1404 2627 1473 Ρω-

345 1524 378 1563 «
408 1497 552 1566 fatis
609 1496 967 1563 rationibus
1015 1494 1141 1585 (1),
1203 1498 1348 1561 vota
1389 1492 1701 1561 duntaxat
1740 1492 2071 1585 simplicia
2120 1494 2320 1563 modo
2352 1516 2621 1567 nuncu·

347 1636 382 1675 «
409 1616 589 1701 pant,
615 1610 926 1679 moniales
968 1608 1254 1701 proiecto
1295 1608 1470 1677 istas.
1485 1659 1501 1676 .
1516 1658 1533 1673 .
1579 1630 1729 1677 vere
1743 1606 2097 1700 professas
2116 1610 2255 1679 dici
2274 1632 2345 1679 ac
2366 1616 2609 1682 censeri

346 1748 543 1796 «non
586 1748 789 1817 posse.
853 1726 1052 1794 Porro
1111 1724 1531 1795 Bonifacium
1586 1724 1829 1819 Papam
1880 1726 2061 1810 Vlll,
2113 1734 2179 1797 et
2225 1728 2299 1798 S.
2344 1728 2617 1799 Triden-

349 1862 384 1910 α
407 1840 626 1911 tinum
671 1840 1144 1925 concilium...‚
1197 1842 1619 1910 monasticam
1664 1842 1851 1911 illam
1900 1820 2295 1913 clausuram·
2320 1866 2453 1913 non
2504 1845 2627 1914 in-

347 1982 382 2023 «
402 1960 678 2049 jungere
715 1956 844 2025 nisi
891 1956 1284 2027 monialibus
1313 1956 1703 2049 reliqionem
1752 1980 1950 2026 suam
1982 1958 2383 2049 professis...
2410 1959 2621 2030 Novas

349 2098 382 2141 «
411 2074 618 2163 igitur
643 2074 794 2143 istas
821 2072 1180 2143 Galliarum
1221 2074 1645 2154 moniales...,
1690 2074 2003 2143 canonica
2032 2071 2153 2142 ista
2178 2082 2241 2143 et
2282 2074 2620 2145 pontificia

347 2216 383 2255 «
411 2190 726 2259 clausurae
753 2188 893 2275 lege
939 2189 1212 2257 minime
1267 2188 1665 2277 adstringi...
1692 2188 2291 2279 23januar511821.
2325 2216 2362 2257 n
2396 2192 2616 2283 [Apud

339 2306 692 2395 Gautrelet,
723 2310 802 2379 de
831 2295 1059 2377 l’E'tat
1082 2308 1431 2399 reliqieux,
1467 2315 1512 2376 t.
1546 2308 1613 2388 2,
1650 2329 1793 2397 pag.
1826 2306 1984 2393 281,
2022 2306 2159 2375 edit.
2196 2306 2428 2394 1853.)

430 2422 498 2489 2⁰
517 2422 706 2491 Juxta
746 2424 1117 2513 opinionem
1151 2444 1296 2511 quae
1343 2427 1541 2502 tenet,
1574 2422 1867 2513 praet'atas
1906 2420 1973 2491 S.
2020 2421 2601 2513 congregationum

341 2536 720 2623 decisiones,
774 2535 1072 2606 relativas
1113 2537 1309 2606 fuisse
1363 2536 1446 2605 ad
1488 2536 1723 2606 falsum
1755 2538 2117 2630 expositum
2172 2538 2327 2630 (quo
2374 2560 2607 2631 nempe

339 2652 738 2723 asserebatur
781 2674 1005 2723 omnes
1057 2652 1284 2723 Galliae
1319 2654 1633 2724 moniales
1672 2653 1863 2723 hodie
1903 2676 2159 2739 vovere,
2190 2678 2346 2724 eum
2388 2655 2621 2725 inten-

346 2770 520 2840 tione
545 2770 896 2839 retinendas
928 2769 1284 2839 habilitatis
1311 2770 1391 2839 ad
1427 2771 1849 2861 dominium),
1876 2770 2419 2861 distinguendum
2452 2771 2619 2841 foret

343 2889 509 2955 inter
548 2888 838 2955 instituta
886 2908 1042 2956 cum
1087 2887 1252 2955 votis
1301 2886 1705 2955 solemnibus
1750 2888 2125 2977 approbata,
2152 2895 2216 2955 et
2256 2889 2325 2955 in
2370 2887 2617 2979 quibus

345 3000 568 3071 Galliae
605 3001 912 3069 moniales
945 3000 1328 3092 profitentur
1367 3001 1607 3091 absque
1633 3008 1867 3071 asserta
1905 3002 2166 3093 prael'ata
2206 3004 2522 3072 intention
2537 3024 2607 3085 e;

345 3118 990 3208 et'congregationes
1043 3118 1186 3186 illas
1231 3138 1376 3207 quae
1427 3118 1529 3185 vel
1583 3119 1902 3209 simplicia
1954 3124 2242 3208 tantum,
2292 3118 2393 3186 vel
2442 3119 2613 3187 nulla

345 3239 490 3303 vota
513 3257 586 3302 ex
619 3234 910 3302 instituto
953 3218 1214 3300 haben't.
1264 3234 1515 3302 Priores
1560 3233 1871 3301 moniales
1913 3230 2167 3318 Gallias,
2202 3240 2425 3325 utpote
2472 3254 2611 3301 vere

335 3352 674 3442 professes,
745 3357 809 3417 et
881 3348 1096 3439 Papali
1168 3348 1481 3418 clausurae
1550 3348 1891 3431 adstrictae,
1940 3348 2359 3444 subjacerent
2428 3345 2615 3417 etiam

259 3462 270 3473 ’
347 3467 536 3537 dietis
576 3464 1082 3553 conditionibuS‚
1113 3486 1150 3531 a
1181 3466 1330 3553 jure
1381 3466 1729 3532 communi
1780 3486 1900 3555 pro
1942 3464 2307 3556 puellarum
2336 3462 2621 3533 educan-

348 3584 581 3653 darum
618 3584 982 3671 receptione
1029 3579 1324 3647 statutis:
1376 3586 1617 3647 caeterae
1668 3586 1887 3647 autem
1930 3601 2065 3648 non
2102 3578 2464 3667 subjacent.
2500 3577 2623 3647 Sed

343 3703 480 3791 jam
519 3696 927 3779 monuimus,
951 3695 1193 3763 dietam
1234 3692 1612 3783 opinionem
1658 3716 1741 3763 ne
1778 3700 1853 3764 ut
1902 3696 2311 3787 probabilem
2350 3694 2623 3785 quidem

351 3839 388 3887 a
411 3814 596 3885 nobis
623 3810 955 3881 sustineri.

440 3930 626 4001 Unde
667 3930 736 3998 in
785 3927 962 4020 praxi
1007 3930 1220 3995 tutum
1250 3926 1545 3993 existimo
1570 3924 1797 4015 (donec
1848 3944 1887 3993 a
1926 3924 2075 3995 sede
2120 3926 2490 4018 Apostoliea
2514 3926 2615 3994 de-

353 4047 668 4119 claratum
729 4044 922 4115 fuerit
969 4064 1155 4111 veras
1203 4042 1470 4110 existere
1524 4042 1593 4108 in
1648 4038 1857 4109 Gallia
1916 4041 2232 4112 moniales
2294 4040 2613 4135 professas)

413 4320 484 4379 (ι)
513 4316 808 4377 Expositum
837 4310 1003 4361 ruerat
1045 4307 1288 4359 moniales
1325 4307 1437 4357 illas
1460 4304 1653 4370 Galliis,
1674 4308 1748 4357 ita
1773 4309 2091 4373 paupertatis
2114 4310 2285 4359 votum
2308 4310 2547 4371 eminere,
2566 4312 2615 4358 u!

355 4405 458 4457 sibi
486 4406 696 4467 paterna
721 4400 847 4450 bona
873 4398 1175 4449 lacer-editam
1203 4395 1460 4449 obtinendi
1476 4400 1529 4445 et
1565 4399 1859 4447 testamento
1883 4396 2213 4461 donandijus
2232 4398 2501 4450 retineant.
