2834 4959
1086 324 1245 373 rans
1289 326 1532 374 mru.
1845 300 1858 309 ⁶
2328 328 2446 383 373

180 447 331 515 lium
374 442 583 515 sancti
623 442 963 511 Dominiei
986 432 1702 516 Wa'terlordiaesecens
1739 450 2111 537 constituto,
2143 452 2222 521 de
2249 456 2438 541 quus

184 561 473 631 canonica
504 558 921 627 inchoatione
949 558 1387 629 dubitabatur.
1423 558 1628 629 Causa
1655 569 1878 631 autem
1907 564 2251 635 dubitandi
2281 574 2441 653 erat,

180 676 337 767 quod
378 696 515 743 non
565 678 884 743 constaret
932 672 1153 743 simile
1198 676 1680 745 monasterium
1723 679 2118 748 monialium
2157 681 2228 749 in
2268 679 2448 750 dicta

182 793 443 863 civitate
468 813 772 881 unquam
814 791 1171 861 exstitisse.
1206 792 1365 879 Quae
1406 794 1603 863 verba
1633 802 2032 887 supponunt,
2071 798 2449 867 inchoatum

184 908 373 979 tuisse
434 909 613 975 bunc
672 914 1067 975 conventum
1146 907 1391 999 absque
1453 913 1830 980 necessariis
1893 934 2010 1003 pro
2078 912 2232 981 novi
2295 934 2452 982 eon-

182 1028 397 1093 ventus
439 1023 757 1091 erectione
810 1022 1351 1107 formalitatibus3
1402 1029 1466 1093 et
1521 1034 1900 1115 supponunt
1925 1038 2231 1118 praeterea
2276 1035 2446 1097 certe

185 1139 543 1207 canonicam
590 1138 885 1207 futuram*
946 1136 1140 1206 tuisse
1196 1140 1337 1229 ejus
1386 1140 1866 1209 inchoationem
1893 1196 1912 1228 ‚
1957 1143 2011 1211 si
2068 1145 2451 1213 constitisset

184 1257 461 1344 ejusdem
514 1253 762 1323 ordinis
798 1258 1193 1321 conventum
1242 1254 1339 1322 ibi
1391 1254 1552 1323 olim
1587 1255 1914 1325 exstitisse.
1948 1256 2081 1327 Nec
2117 1258 2456 1348 distinguit

187 1368 461 1437 Pontifex
512 1374 733 1437 utrum
782 1370 1089 1457 antiquus
1146 1375 1502 1439 conventus
1552 1371 1747 1439 fuerit
1782 1392 1998 1467 ⁸necne
2033 1374 2112 1440 de
2167 1373 2456 1462 legitime

186 1484 485 1553 alienatis.
520 1484 601 1552 Et
630 1483 1021 1573 caeteroquin
1068 1483 1147 1551 de
1194 1483 1335 1553 istis
1378 1485 1592 1575 potius
1623 1484 1820 1556 ruisse
1847 1489 2206 1555 censendus
2252 1495 2386 1557 erat
2432 1511 2448 1553 ε

184 1600 495 1689 siquidem
568 1620 909 1691 suppressa
983 1606 1048 1667 et
1098 1599 1375 1669 alienata
1439 1602 1700 1693 fuerant=
1741 1604 1814 1670 in
1886 1607 2016 1671 toto
2087 1602 2456 1692 Anglicano

188 1736 371 1805 regno
404 1714 795 1783 monasteria
851 1716 1075 1783 omnia
1096 1767 1117 1803 ‚
1174 1720 1237 1782 et
1282 1714 1462 1801 sedes
1525 1716 1893 1805 Apostolica
1969 1714 2322 1785 indulserat
2383 1722 2458 1783 ut

180 1850 403 1899 eorum
442 1830 793 1899 detentores
838 1829 1129 1918 legitime
1176 1830 1287 1899 illa
1338 1830 1759 1919 possiderent.
1803 1829 2128 1920 Supponit
2181 1830 2452 1920 proinde

183 1944 565 2013 Benedictus
604 1944 783 2027 XIV,
834 1966 951 2035 per
992 1946 1356 2033 legitimam
1388 1945 1839 2013 alienationem
1883 1944 2162 2033 alicujus
2197 1964 2457 2013 monas-

180 2060 351 2145 terii,
380 2054 851 2150 congregationi
892 2060 971 2128 ad
998 2082 1195 2150 quam
1226 2060 1691 2129 monasterium
1721 2060 1882 2128 illud
1921 2058 2300 2150 pertinebat,
2325 2076 2460 2127 non

184 2172 413 2264 perimi
436 2176 549 2263 jus
574 2182 969 2244 conventum
992 2176 1277 2247 habendi
1308 2179 1379 2244 in
1402 2176 1628 2250 eadem
1655 2176 1932 2245 civitate.

263 2290 475 2360 Nota.
520 2324 615 2339 —
652 2287 873 2359 Posset
900 2289 1109 2359 simile
1138 2296 1601 2379 argumentum
1651 2288 1885 2359 deduci
1912 2309 1988 2357 ex
2017 2290 2212 2377 gestis
2249 2309 2288 2357 a
2315 2287 2461 2357 sede

184 2402 547 2495 Apostolica
588 2405 799 2493 quoad
846 2406 1413 2495 congregationem
1463 2403 2220 2497 Aegle-Benedictinam,
2272 2406 2460 2493 cujus

186 2520 567 2588 monasteria
590 2520 838 2605 omnia,
870 2520 1147 2611 expulsis
1177 2521 1542 2609 monachiS,
1575 2522 1894 2591 invaserat
1921 2518 2244 2615 Hem-icus
2284 2517 2454 2603 vul,

184 2640 243 2701 et
284 2634 363 2701 ad
408 2632 846 2703 conditionem
892 2634 1269 2703 saecularem
1327 2635 1693 2722 redegerat,
1745 2656 2110 2725 magnaque
2152 2657 2226 2703 ex
2284 2639 2462 2727 parte

187 2748 413 2817 aulicis
438 2749 569 2815 suis
604 2750 775 2817 dono
818 2750 1097 2817 dederat.
1139 2747 1278 2817 Sub
1328 2746 1530 2817 Maria
1578 2754 1796 2814 autem
1839 2752 2064 2835 regina
2110 2748 2458 2831 catholiea,

184 2862 497 2931 concessit
536 2864 713 2933 sedes
759 2863 1125 2955 Apostolica
1166 2868 1237 2931 ut
1282 2860 1603 2952 ejusmodi
1651 2862 2193 2928 monasteriorum
2241 2865 2302 2927 et
2351 2859 2465 2927 bo-

183 3000 419 3047 norum
490 2980 843 3048 detentores
910 3000 989 3047 ea
1062 2978 1351 3066 legitime
1421 2974 1838 3067 possiderent.
1901 2972 1982 3043 Et
2033 2972 2464 3042 nihilominus

184 3099 393 3183 postea
412 3095 525 3183 jus
552 3094 1059 3177 communitatis,
1091 3100 1444 3182 caeteraque
1491 3091 2008 3182 congregationis
2034 3088 2188 3181 jura
2227 3098 2294 3159 et
2327 3090 2464 3179 pri-

185 3208 441 3299 vilegia,
475 3210 547 3275 in
598 3209 795 3277 unico
834 3210 1033 3279 etiam
1066 3208 1387 3277 monacho
1431 3206 1772 3298 superstite
1815 3208 2186 3275 conservata
2232 3203 2458 3284 fuisse,

188 3322 409 3391 eadem
439 3320 619 3391 sedes
656 3322 1033 3413 Apostolica
1074 3324 1357 3412 agnovit.
1390 3321 1562 3391 Cum
1608 3328 1828 3389 autem
1865 3321 2008 3388 hoec
2043 3321 2268 3389 omnia
2297 3338 2468 3389 non·-

188 3438 323 3507 nisi'
356 3437 655 3507 adductis
698 3445 763 3506 et
808 3437 1113 3507 discussis
1150 3436 1556 3507 documentis
1598 3456 1800 3525 quam
1841 3435 2146 3525 plurimis
2181 3438 2467 3526 rigorose

186 3552 447 3643 probari
477 3554 748 3643 possint,
781 3554 1233 3644 probationem
1260 3551 1440 3619 illam
1487 3549 1838 3619 indicatam
1885 3548 2190 3617 duntaxat
2229 3547 2470 3616 malui-

186 3689 361 3737 mus.

272 3782 615 3852 Probatur
638 3782 703 3851 3⁰
735 3780 1079 3853 doctorum
1104 3780 1624 3851 Lovaniensium
1649 3776 1998 3849 sententia.
2031 3812 2122 3829 -
2147 3774 2284 3843 Sub
2312 3796 2472 3865 proe·

186 3892 443 3964 cedenti
516 3900 925 3991 paragrapho
948 3953 967 3985 ,
1025 3898 1460 3990 propositione
1520 3898 1584 3983 1,
1651 3894 1934 3963 vidimus
2001 3890 2468 3960 Lovaniensem

185 4008 589 4081 academiam
630 4013 1013 4091 affirmative
1060 4013 1463 4104 respondisse
1504 4010 1586 4080 ad
1629 4031 1856 4079 casum
1893 4008 2074 4075 hunc
2106 4030 2123 4073 z
2168 4030 2200 4072 ι(
2231 4002 2466 4109 Utrum

194 4150 227 4191 α
254 4127 595 4217 regulares
632 4131 708 4198 in
746 4129 1141 4217 civitatibus,
1182 4128 1296 4197 ubi
1337 4128 1501 4195 olim
1551 4124 1918 4193 habuerunt
1959 4122 2367 4206 monasteria,
2397 4122 2470 4189 in

197 4264 229 4305 α
252 4242 501 4333 quibus
547 4266 731 4314 nunc
779 4265 911 4314 non
954 4249 1222 4337 possunt
1278 4242 1573 4313 habitare
1620 4239 1704 4308 ob
1749 4237 2202 4306 haeretieorum
2251 4257 2470 4329 perse·

199 4382 229 4421 ιι
257 4358 581 4447 cutiones,
629 4360 875 4453 possint
921 4362 1097 4433 licite
1140 4370 1203 4431 et
1246 4360 1452 4429 valide
1497 4358 1570 4427 in
1604 4356 1836 4427 iisdem
1881 4353 2272 4445 civitatibus,
2321 4352 2465 4425 sine
