<?xml version="1.0" encoding="UTF-8"?>
<!DOCTYPE html PUBLIC "-//W3C//DTD XHTML 1.0 Transitional//EN"
    "http://www.w3.org/TR/xhtml1/DTD/xhtml1-transitional.dtd">
<html xmlns="http://www.w3.org/1999/xhtml" xml:lang="en" lang="en">
 <head>
  <title>
</title>
<meta http-equiv="Content-Type" content="text/html;charset=utf-8" />
  <meta name='ocr-system' content='tesseract 3.04.00' />
  <meta name='ocr-capabilities' content='ocr_page ocr_carea ocr_par ocr_line ocrx_word'/>
</head>
<body>
  <div class='ocr_page' id='page_1' title='image "./tractatusdejure01unkngoog_0085.png"; bbox 0 0 2834 4959; ppageno 0'>
   <div class='ocr_carea' id='block_1_1' title="bbox 1035 313 2367 371">
    <p class='ocr_par' dir='ltr' id='par_1_1' title="bbox 1035 313 2367 371">
     <span class='ocr_line' id='line_1_1' title="bbox 1035 313 2367 371; baseline 0.002 -7"><span class='ocrx_word' id='word_1_1' title='bbox 1035 319 1188 366; x_wconf 66' lang='lat' dir='ltr'><strong>PARS</strong></span> <span class='ocrx_word' id='word_1_2' title='bbox 1231 319 1449 366; x_wconf 60' lang='lat' dir='ltr'><strong>emm.</strong></span> <span class='ocrx_word' id='word_1_3' title='bbox 2288 313 2367 371; x_wconf 81' lang='grc'><strong>67</strong></span> 
     </span>
    </p>
   </div>
   <div class='ocr_carea' id='block_1_2' title="bbox 137 438 2399 3076">
    <p class='ocr_par' dir='ltr' id='par_1_2' title="bbox 137 438 2389 2845">
     <span class='ocr_line' id='line_1_2' title="bbox 151 438 2361 532; baseline 0.001 -20"><span class='ocrx_word' id='word_1_4' title='bbox 151 444 268 512; x_wconf 73' lang='lat' dir='ltr'><strong>haec</strong></span> <span class='ocrx_word' id='word_1_5' title='bbox 285 448 512 511; x_wconf 83' lang='lat' dir='ltr'><strong>constat</strong></span> <span class='ocrx_word' id='word_1_6' title='bbox 525 441 706 531; x_wconf 84' lang='lat' dir='ltr'><strong>juris</strong></span> <span class='ocrx_word' id='word_1_7' title='bbox 731 438 1004 508; x_wconf 76' lang='lat' dir='ltr'><strong>textibus</strong></span> <span class='ocrx_word' id='word_1_8' title='bbox 1021 461 1220 529; x_wconf 87' lang='lat' dir='ltr'><strong>quam</strong></span> <span class='ocrx_word' id='word_1_9' title='bbox 1247 441 1416 531; x_wconf 88' lang='lat' dir='ltr'><strong>pluri</strong></span> <span class='ocrx_word' id='word_1_10' title='bbox 1426 441 1580 527; x_wconf 88' lang='lat' dir='ltr'><strong>mis;</strong></span> <span class='ocrx_word' id='word_1_11' title='bbox 1609 440 1785 509; x_wconf 85' lang='lat' dir='ltr'><strong>verbi</strong></span> <span class='ocrx_word' id='word_1_12' title='bbox 1814 445 2042 532; x_wconf 84' lang='lat' dir='ltr'><strong>gratia,</strong></span> <span class='ocrx_word' id='word_1_13' title='bbox 2064 444 2361 516; x_wconf 73' lang='lat' dir='ltr'><strong>decretali</strong></span> 
     </span>
     <span class='ocr_line' id='line_1_3' title="bbox 154 537 2363 646; baseline 0.003 -22"><span class='ocrx_word' id='word_1_14' title='bbox 154 537 552 641; x_wconf 74' lang='lat' dir='ltr'><strong>Quodvotw&#39;n</strong></span> <span class='ocrx_word' id='word_1_15' title='bbox 579 554 784 645; x_wconf 74' lang='lat' dir='ltr'><strong>(utun</strong></span> <span class='ocrx_word' id='word_1_16' title='bbox 819 555 923 642; x_wconf 77' lang='lat'><strong>15,</strong></span> <span class='ocrx_word' id='word_1_17' title='bbox 955 555 1106 624; x_wconf 72' lang='lat' dir='ltr'><strong>libri</strong></span> <span class='ocrx_word' id='word_1_18' title='bbox 1155 555 1224 642; x_wconf 86' lang='lat'><strong>3,</strong></span> <span class='ocrx_word' id='word_1_19' title='bbox 1261 557 1328 622; x_wconf 73' lang='lat' dir='ltr'><strong>in</strong></span> <span class='ocrx_word' id='word_1_20' title='bbox 1371 555 1467 646; x_wconf 82' lang='lat'><strong>6),</strong></span> <span class='ocrx_word' id='word_1_21' title='bbox 1498 577 1629 646; x_wconf 79' lang='lat' dir='ltr'><strong>qua</strong></span> <span class='ocrx_word' id='word_1_22' title='bbox 1656 553 2025 628; x_wconf 79' lang='lat' dir='ltr'><strong>Boniracius</strong></span> <span class='ocrx_word' id='word_1_23' title='bbox 2048 557 2194 628; x_wconf 83' lang='lat' dir='ltr'><strong>vm</strong></span> <span class='ocrx_word' id='word_1_24' title='bbox 2250 561 2363 630; x_wconf 77' lang='lat' dir='ltr'><strong>de-</strong></span> 
     </span>
     <span class='ocr_line' id='line_1_4' title="bbox 145 665 2371 764; baseline 0.001 -22"><span class='ocrx_word' id='word_1_25' title='bbox 145 674 411 743; x_wconf 77' lang='lat' dir='ltr'><strong>terminat</strong></span> <span class='ocrx_word' id='word_1_26' title='bbox 429 665 908 763; x_wconf 80' lang='lat' dir='ltr'><strong>quaenam&#39;vota</strong></span> <span class='ocrx_word' id='word_1_27' title='bbox 953 671 1226 739; x_wconf 86' lang='lat' dir='ltr'><strong>debeant</strong></span> <span class='ocrx_word' id='word_1_28' title='bbox 1253 669 1479 740; x_wconf 89' lang='lat' dir='ltr'><strong>haberi</strong></span> <span class='ocrx_word' id='word_1_29' title='bbox 1510 691 1625 760; x_wconf 87' lang='lat' dir='ltr'><strong>pro</strong></span> <span class='ocrx_word' id='word_1_30' title='bbox 1652 671 2072 753; x_wconf 82' lang='lat' dir='ltr'>solemnibus,</span> <span class='ocrx_word' id='word_1_31' title='bbox 2103 681 2167 742; x_wconf 92' lang='lat' dir='ltr'><strong>et</strong></span> <span class='ocrx_word' id='word_1_32' title='bbox 2188 697 2371 764; x_wconf 82' lang='lat' dir='ltr'><strong>quae·</strong></span> 
     </span>
     <span class='ocr_line' id='line_1_5' title="bbox 143 785 2375 880; baseline 0.001 -22"><span class='ocrx_word' id='word_1_33' title='bbox 143 811 276 858; x_wconf 86' lang='lat' dir='ltr'><strong>nam</strong></span> <span class='ocrx_word' id='word_1_34' title='bbox 301 809 410 880; x_wconf 85' lang='lat' dir='ltr'><strong>pro</strong></span> <span class='ocrx_word' id='word_1_35' title='bbox 434 786 870 879; x_wconf 78' lang='lat' dir='ltr'><strong>simplicibus,</strong></span> <span class='ocrx_word' id='word_1_36' title='bbox 914 785 1072 856; x_wconf 88' lang='lat' dir='ltr'><strong>Item</strong></span> <span class='ocrx_word' id='word_1_37' title='bbox 1115 785 1318 876; x_wconf 86' lang='lat' dir='ltr'><strong>capite</strong></span> <span class='ocrx_word' id='word_1_38' title='bbox 1357 787 1607 854; x_wconf 73' lang='lat' dir='ltr'><strong>Rursus</strong></span> <span class='ocrx_word' id='word_1_39' title='bbox 1640 785 1731 876; x_wconf 90' lang='lat'><strong>(6,</strong></span> <span class='ocrx_word' id='word_1_40' title='bbox 1776 785 1945 856; x_wconf 87' lang='lat' dir='ltr'><strong>tituli</strong></span> <span class='ocrx_word' id='word_1_41' title='bbox 1982 789 2115 872; x_wconf 78' lang='lat' dir='ltr'><strong>Qui</strong></span> <span class='ocrx_word' id='word_1_42' title='bbox 2153 790 2375 862; x_wconf 82' lang='lat' dir='ltr'><strong>clerici</strong></span> 
     </span>
     <span class='ocr_line' id='line_1_6' title="bbox 141 900 2370 996; baseline 0.001 -22"><span class='ocrx_word' id='word_1_43' title='bbox 141 907 202 990; x_wconf 81' lang='grc'><strong>6,</strong></span> <span class='ocrx_word' id='word_1_44' title='bbox 226 904 372 973; x_wconf 79' lang='lat' dir='ltr'><strong>libri</strong></span> <span class='ocrx_word' id='word_1_45' title='bbox 398 905 438 971; x_wconf 74' lang='lat'>4</span> <span class='ocrx_word' id='word_1_46' title='bbox 461 903 945 993; x_wconf 86' lang='lat' dir='ltr'><strong>Decretalium),</strong></span> <span class='ocrx_word' id='word_1_47' title='bbox 977 900 1090 970; x_wconf 90' lang='lat' dir='ltr'><strong>ubi</strong></span> <span class='ocrx_word' id='word_1_48' title='bbox 1119 907 1517 970; x_wconf 85' lang='lat' dir='ltr'><strong>memoratur</strong></span> <span class='ocrx_word' id='word_1_49' title='bbox 1561 907 1835 992; x_wconf 88' lang='lat' dir='ltr'><strong>utraque</strong></span> <span class='ocrx_word' id='word_1_50' title='bbox 1857 905 1987 974; x_wconf 82' lang='lat' dir='ltr'><strong>voti</strong></span> <span class='ocrx_word' id='word_1_51' title='bbox 2011 909 2275 996; x_wconf 78' lang='lat' dir='ltr'><strong>species,</strong></span> <span class='ocrx_word' id='word_1_52' title='bbox 2308 915 2370 978; x_wconf 88' lang='lat' dir='ltr'><strong>et</strong></span> 
     </span>
     <span class='ocr_line' id='line_1_7' title="bbox 145 1015 2383 1112; baseline 0.001 -22"><span class='ocrx_word' id='word_1_53' title='bbox 145 1019 482 1090; x_wconf 81' lang='lat' dir='ltr'><strong>declaratur</strong></span> <span class='ocrx_word' id='word_1_54' title='bbox 501 1018 988 1087; x_wconf 78' lang='lat' dir='ltr'><strong>matrimonium</strong></span> <span class='ocrx_word' id='word_1_55' title='bbox 1019 1015 1437 1086; x_wconf 84' lang='lat' dir='ltr'><strong>subsecutum</strong></span> <span class='ocrx_word' id='word_1_56' title='bbox 1478 1017 1700 1086; x_wconf 83' lang='lat' dir='ltr'><strong>dirimi</strong></span> <span class='ocrx_word' id='word_1_57' title='bbox 1727 1019 1991 1109; x_wconf 85' lang='lat' dir='ltr'><strong>quidem</strong></span> <span class='ocrx_word' id='word_1_58' title='bbox 2022 1044 2135 1112; x_wconf 85' lang='lat' dir='ltr'><strong>per</strong></span> <span class='ocrx_word' id='word_1_59' title='bbox 2164 1029 2383 1094; x_wconf 86' lang='lat' dir='ltr'><strong>votum</strong></span> 
     </span>
     <span class='ocr_line' id='line_1_8' title="bbox 150 1133 2375 1230; baseline 0.002 -25"><span class='ocrx_word' id='word_1_60' title='bbox 150 1136 434 1218; x_wconf 82' lang='lat' dir='ltr'><strong>solemne,</strong></span> <span class='ocrx_word' id='word_1_61' title='bbox 487 1155 618 1202; x_wconf 88' lang='lat' dir='ltr'><strong>nou</strong></span> <span class='ocrx_word' id='word_1_62' title='bbox 663 1139 880 1202; x_wconf 90' lang='lat' dir='ltr'><strong>autem</strong></span> <span class='ocrx_word' id='word_1_63' title='bbox 932 1155 1046 1222; x_wconf 89' lang='lat' dir='ltr'><strong>per</strong></span> <span class='ocrx_word' id='word_1_64' title='bbox 1085 1145 1309 1200; x_wconf 80' lang='lat' dir='ltr'><strong>votum</strong></span> <span class='ocrx_word' id='word_1_65' title='bbox 1349 1133 1647 1225; x_wconf 80' lang='lat' dir='ltr'><strong>simplex.</strong></span> <span class='ocrx_word' id='word_1_66' title='bbox 1694 1133 1779 1204; x_wconf 88' lang='lat' dir='ltr'><strong>Hi</strong></span> <span class='ocrx_word' id='word_1_67' title='bbox 1816 1145 1879 1204; x_wconf 89' lang='lat' dir='ltr'><strong>et</strong></span> <span class='ocrx_word' id='word_1_68' title='bbox 1922 1138 2165 1208; x_wconf 83' lang='lat' dir='ltr'><strong>similes</strong></span> <span class='ocrx_word' id='word_1_69' title='bbox 2202 1143 2375 1230; x_wconf 90' lang='lat' dir='ltr'><strong>juris</strong></span> 
     </span>
     <span class='ocr_line' id='line_1_9' title="bbox 153 1249 2380 1346; baseline 0.002 -27"><span class='ocrx_word' id='word_1_70' title='bbox 153 1259 468 1322; x_wconf 73' lang='lat' dir='ltr'><strong>textusrota</strong></span> <span class='ocrx_word' id='word_1_71' title='bbox 507 1249 822 1318; x_wconf 90' lang='lat' dir='ltr'><strong>solemnia</strong></span> <span class='ocrx_word' id='word_1_72' title='bbox 849 1269 1135 1338; x_wconf 80' lang='lat' dir='ltr'><strong>expresse</strong></span> <span class='ocrx_word' id='word_1_73' title='bbox 1180 1249 1591 1337; x_wconf 85' lang='lat' dir='ltr'><strong>distinguunt</strong></span> <span class='ocrx_word' id='word_1_74' title='bbox 1616 1271 1653 1318; x_wconf 87' lang='lat' dir='ltr'><strong>a</strong></span> <span class='ocrx_word' id='word_1_75' title='bbox 1688 1253 2117 1343; x_wconf 86' lang='lat' dir='ltr'><strong>simplicibus.</strong></span> <span class='ocrx_word' id='word_1_76' title='bbox 2167 1257 2380 1346; x_wconf 77' lang='lat' dir='ltr'><strong>Atque</strong></span> 
     </span>
     <span class='ocr_line' id='line_1_10' title="bbox 151 1367 2381 1465; baseline 0.003 -29"><span class='ocrx_word' id='word_1_77' title='bbox 151 1369 314 1436; x_wconf 83' lang='lat' dir='ltr'><strong>illam</strong></span> <span class='ocrx_word' id='word_1_78' title='bbox 331 1369 802 1436; x_wconf 72' lang='lat' dir='ltr'><strong>distinctionem</strong></span> <span class='ocrx_word' id='word_1_79' title='bbox 824 1367 1090 1454; x_wconf 86' lang='lat' dir='ltr'><strong>insuper</strong></span> <span class='ocrx_word' id='word_1_80' title='bbox 1104 1374 1503 1457; x_wconf 89' lang='lat' dir='ltr'><strong>supponunt,</strong></span> <span class='ocrx_word' id='word_1_81' title='bbox 1531 1368 1735 1436; x_wconf 83' lang='lat' dir='ltr'><strong>varios</strong></span> <span class='ocrx_word' id='word_1_82' title='bbox 1761 1371 2115 1462; x_wconf 89' lang='lat' dir='ltr'><strong>unicuique</strong></span> <span class='ocrx_word' id='word_1_83' title='bbox 2142 1375 2381 1465; x_wconf 88' lang='lat' dir='ltr'><strong>speciei</strong></span> 
     </span>
     <span class='ocr_line' id='line_1_11' title="bbox 147 1479 2377 1580; baseline 0.004 -30"><span class='ocrx_word' id='word_1_84' title='bbox 147 1482 376 1552; x_wconf 82' lang='lat' dir='ltr'><strong>effectus</strong></span> <span class='ocrx_word' id='word_1_85' title='bbox 417 1481 789 1550; x_wconf 85' lang='lat' dir='ltr'><strong>tribuendo.</strong></span> <span class='ocrx_word' id='word_1_86' title='bbox 823 1479 892 1549; x_wconf 91' lang='lat' dir='ltr'><strong>Si</strong></span> <span class='ocrx_word' id='word_1_87' title='bbox 919 1482 1094 1548; x_wconf 89' lang='lat' dir='ltr'><strong>enim</strong></span> <span class='ocrx_word' id='word_1_88' title='bbox 1127 1479 1306 1549; x_wconf 87' lang='lat' dir='ltr'><strong>nulla</strong></span> <span class='ocrx_word' id='word_1_89' title='bbox 1349 1481 1620 1552; x_wconf 89' lang='lat' dir='ltr'><strong>omnino</strong></span> <span class='ocrx_word' id='word_1_90' title='bbox 1644 1484 2061 1555; x_wconf 82' lang='lat' dir='ltr'><strong>intercederet</strong></span> <span class='ocrx_word' id='word_1_91' title='bbox 2104 1489 2377 1580; x_wconf 83' lang='lat' dir='ltr'><strong>simplex</strong></span> 
     </span>
     <span class='ocr_line' id='line_1_12' title="bbox 148 1595 2381 1692; baseline 0.006 -30"><span class='ocrx_word' id='word_1_92' title='bbox 148 1597 292 1664; x_wconf 85' lang='lat' dir='ltr'><strong>inter</strong></span> <span class='ocrx_word' id='word_1_93' title='bbox 313 1601 373 1665; x_wconf 85' lang='lat' dir='ltr'><strong>et</strong></span> <span class='ocrx_word' id='word_1_94' title='bbox 398 1596 689 1666; x_wconf 83' lang='lat' dir='ltr'><strong>solemne</strong></span> <span class='ocrx_word' id='word_1_95' title='bbox 717 1602 940 1664; x_wconf 80' lang='lat' dir='ltr'><strong>votum</strong></span> <span class='ocrx_word' id='word_1_96' title='bbox 981 1595 1330 1677; x_wconf 86' lang='lat' dir='ltr'><strong>distinctio,</strong></span> <span class='ocrx_word' id='word_1_97' title='bbox 1369 1618 1485 1665; x_wconf 89' lang='lat' dir='ltr'><strong>seu</strong></span> <span class='ocrx_word' id='word_1_98' title='bbox 1541 1597 1891 1686; x_wconf 80' lang='lat' dir='ltr'><strong>diversitas,</strong></span> <span class='ocrx_word' id='word_1_99' title='bbox 1946 1623 2073 1671; x_wconf 89' lang='lat' dir='ltr'><strong>non</strong></span> <span class='ocrx_word' id='word_1_100' title='bbox 2124 1616 2381 1692; x_wconf 84' lang='lat' dir='ltr'><strong>possent</strong></span> 
     </span>
     <span class='ocr_line' id='line_1_13' title="bbox 147 1709 2385 1803; baseline 0.005 -26"><span class='ocrx_word' id='word_1_101' title='bbox 147 1713 400 1782; x_wconf 78' lang='lat' dir='ltr'><strong>diversos</strong></span> <span class='ocrx_word' id='word_1_102' title='bbox 423 1711 693 1781; x_wconf 81' lang='lat' dir='ltr'><strong>eflectus</strong></span> <span class='ocrx_word' id='word_1_103' title='bbox 716 1711 1090 1802; x_wconf 88' lang='lat' dir='ltr'><strong>producere.</strong></span> <span class='ocrx_word' id='word_1_104' title='bbox 1136 1709 1308 1803; x_wconf 85' lang='lat' dir='ltr'><strong>Ergo</strong></span> <span class='ocrx_word' id='word_1_105' title='bbox 1332 1715 1604 1782; x_wconf 87' lang='lat' dir='ltr'><strong>omuino</strong></span> <span class='ocrx_word' id='word_1_106' title='bbox 1646 1715 2117 1784; x_wconf 86' lang='lat' dir='ltr'><strong>admittendum</strong></span> <span class='ocrx_word' id='word_1_107' title='bbox 2160 1727 2251 1787; x_wconf 89' lang='lat' dir='ltr'><strong>est</strong></span> <span class='ocrx_word' id='word_1_108' title='bbox 2274 1721 2385 1790; x_wconf 83' lang='lat' dir='ltr'><strong>illa</strong></span> 
     </span>
     <span class='ocr_line' id='line_1_14' title="bbox 147 1826 2387 1922; baseline 0.004 -30"><span class='ocrx_word' id='word_1_109' title='bbox 147 1835 272 1896; x_wconf 79' lang='lat' dir='ltr'><strong>vota</strong></span> <span class='ocrx_word' id='word_1_110' title='bbox 289 1827 540 1898; x_wconf 79' lang='lat' dir='ltr'><strong>differre</strong></span> <span class='ocrx_word' id='word_1_111' title='bbox 569 1827 658 1896; x_wconf 86' lang='lat' dir='ltr'><strong>ab</strong></span> <span class='ocrx_word' id='word_1_112' title='bbox 685 1826 990 1910; x_wconf 77' lang='lat' dir='ltr'><strong>invicem,</strong></span> <span class='ocrx_word' id='word_1_113' title='bbox 1035 1827 1134 1895; x_wconf 79' lang='lat' dir='ltr'><strong>vel</strong></span> <span class='ocrx_word' id='word_1_114' title='bbox 1169 1849 1243 1896; x_wconf 83' lang='lat' dir='ltr'><strong>ex</strong></span> <span class='ocrx_word' id='word_1_115' title='bbox 1272 1835 1503 1896; x_wconf 86' lang='lat' dir='ltr'><strong>natura</strong></span> <span class='ocrx_word' id='word_1_116' title='bbox 1549 1850 1690 1914; x_wconf 90' lang='lat' dir='ltr'><strong>sua,</strong></span> <span class='ocrx_word' id='word_1_117' title='bbox 1740 1831 1836 1897; x_wconf 79' lang='lat' dir='ltr'><strong>vel</strong></span> <span class='ocrx_word' id='word_1_118' title='bbox 1864 1832 2089 1899; x_wconf 89' lang='lat' dir='ltr'><strong>saltem</strong></span> <span class='ocrx_word' id='word_1_119' title='bbox 2120 1855 2229 1922; x_wconf 91' lang='lat' dir='ltr'><strong>per</strong></span> <span class='ocrx_word' id='word_1_120' title='bbox 2262 1836 2387 1902; x_wconf 89' lang='lat' dir='ltr'><strong>ali-</strong></span> 
     </span>
     <span class='ocr_line' id='line_1_15' title="bbox 147 1942 2370 2033; baseline 0.004 -22"><span class='ocrx_word' id='word_1_121' title='bbox 147 1945 292 2033; x_wconf 85' lang='lat' dir='ltr'><strong>quid</strong></span> <span class='ocrx_word' id='word_1_122' title='bbox 345 1945 458 2012; x_wconf 89' lang='lat' dir='ltr'><strong>uni</strong></span> <span class='ocrx_word' id='word_1_123' title='bbox 501 1942 984 2012; x_wconf 75' lang='lat' dir='ltr'><strong>accidentaliter</strong></span> <span class='ocrx_word' id='word_1_124' title='bbox 1035 1943 1363 2027; x_wconf 86' lang='lat' dir='ltr'><strong>additum,</strong></span> <span class='ocrx_word' id='word_1_125' title='bbox 1413 1943 1587 2032; x_wconf 88' lang='lat' dir='ltr'><strong>quod</strong></span> <span class='ocrx_word' id='word_1_126' title='bbox 1641 1963 1774 2011; x_wconf 90' lang='lat' dir='ltr'><strong>nou</strong></span> <span class='ocrx_word' id='word_1_127' title='bbox 1844 1945 2117 2013; x_wconf 81' lang='lat' dir='ltr'><strong>addatur</strong></span> <span class='ocrx_word' id='word_1_128' title='bbox 2168 1947 2370 2019; x_wconf 88' lang='lat' dir='ltr'><strong>alteri.</strong></span> 
     </span>
     <span class='ocr_line' id='line_1_16' title="bbox 149 2057 2359 2154; baseline 0.003 -27"><span class='ocrx_word' id='word_1_129' title='bbox 149 2057 316 2140; x_wconf 81' lang='lat' dir='ltr'><strong>Quod</strong></span> <span class='ocrx_word' id='word_1_130' title='bbox 353 2067 568 2130; x_wconf 85' lang='lat' dir='ltr'><strong>autem</strong></span> <span class='ocrx_word' id='word_1_131' title='bbox 629 2059 960 2128; x_wconf 85' lang='lat' dir='ltr'><strong>diversitas</strong></span> <span class='ocrx_word' id='word_1_132' title='bbox 993 2079 1124 2128; x_wconf 90' lang='lat' dir='ltr'><strong>non</strong></span> <span class='ocrx_word' id='word_1_133' title='bbox 1163 2061 1244 2128; x_wconf 87' lang='lat' dir='ltr'><strong>sit</strong></span> <span class='ocrx_word' id='word_1_134' title='bbox 1293 2060 1363 2127; x_wconf 90' lang='lat' dir='ltr'><strong>in</strong></span> <span class='ocrx_word' id='word_1_135' title='bbox 1385 2061 1549 2127; x_wconf 78' lang='lat' dir='ltr'><strong>votis</strong></span> <span class='ocrx_word' id='word_1_136' title='bbox 1576 2060 1757 2152; x_wconf 89' lang='lat' dir='ltr'><strong>ipsis,</strong></span> <span class='ocrx_word' id='word_1_137' title='bbox 1796 2062 1903 2130; x_wconf 90' lang='lat' dir='ltr'><strong>sed</strong></span> <span class='ocrx_word' id='word_1_138' title='bbox 1940 2064 2359 2154; x_wconf 80' lang='lat' dir='ltr'><strong>proveniatex</strong></span> 
     </span>
     <span class='ocr_line' id='line_1_17' title="bbox 143 2176 2383 2267; baseline 0.004 -23"><span class='ocrx_word' id='word_1_139' title='bbox 143 2185 268 2244; x_wconf 82' lang='lat' dir='ltr'><strong>actu</strong></span> <span class='ocrx_word' id='word_1_140' title='bbox 310 2176 608 2267; x_wconf 84' lang='lat' dir='ltr'><strong>ipsorum</strong></span> <span class='ocrx_word' id='word_1_141' title='bbox 654 2177 942 2245; x_wconf 65' lang='lat' dir='ltr'><strong>essentias</strong></span> <span class='ocrx_word' id='word_1_142' title='bbox 989 2178 1364 2262; x_wconf 82' lang='lat' dir='ltr'><strong>extrinseco,</strong></span> <span class='ocrx_word' id='word_1_143' title='bbox 1408 2183 1471 2244; x_wconf 88' lang='lat' dir='ltr'><strong>et</strong></span> <span class='ocrx_word' id='word_1_144' title='bbox 1520 2183 1724 2246; x_wconf 89' lang='lat' dir='ltr'><strong>certos</strong></span> <span class='ocrx_word' id='word_1_145' title='bbox 1768 2177 2029 2250; x_wconf 82' lang='lat' dir='ltr'><strong>effectus</strong></span> <span class='ocrx_word' id='word_1_146' title='bbox 2068 2181 2185 2249; x_wconf 89' lang='lat' dir='ltr'><strong>uni</strong></span> <span class='ocrx_word' id='word_1_147' title='bbox 2229 2184 2383 2252; x_wconf 88' lang='lat' dir='ltr'><strong>alli-</strong></span> 
     </span>
     <span class='ocr_line' id='line_1_18' title="bbox 139 2291 2387 2380; baseline 0.003 -20"><span class='ocrx_word' id='word_1_148' title='bbox 139 2299 334 2380; x_wconf 79' lang='lat' dir='ltr'><strong>gante,</strong></span> <span class='ocrx_word' id='word_1_149' title='bbox 367 2313 501 2361; x_wconf 90' lang='lat' dir='ltr'><strong>non</strong></span> <span class='ocrx_word' id='word_1_150' title='bbox 549 2291 760 2375; x_wconf 82' lang='lat' dir='ltr'><strong>alteri,</strong></span> <span class='ocrx_word' id='word_1_151' title='bbox 811 2291 1290 2372; x_wconf 74' lang='lat' dir='ltr'><strong>diceturinfra3</strong></span> <span class='ocrx_word' id='word_1_152' title='bbox 1322 2291 1429 2360; x_wconf 89' lang='lat' dir='ltr'><strong>hic</strong></span> <span class='ocrx_word' id='word_1_153' title='bbox 1458 2299 1709 2362; x_wconf 88' lang='lat' dir='ltr'><strong>tantum</strong></span> <span class='ocrx_word' id='word_1_154' title='bbox 1737 2295 2116 2365; x_wconf 87' lang='lat' dir='ltr'><strong>adnotamus</strong></span> <span class='ocrx_word' id='word_1_155' title='bbox 2148 2298 2387 2367; x_wconf 87' lang='lat' dir='ltr'><strong>admit-</strong></span> 
     </span>
     <span class='ocr_line' id='line_1_19' title="bbox 141 2407 2380 2497; baseline 0.003 -21"><span class='ocrx_word' id='word_1_156' title='bbox 141 2409 382 2478; x_wconf 84' lang='lat' dir='ltr'><strong>tendam</strong></span> <span class='ocrx_word' id='word_1_157' title='bbox 411 2429 554 2478; x_wconf 87' lang='lat' dir='ltr'><strong>esse</strong></span> <span class='ocrx_word' id='word_1_158' title='bbox 581 2408 652 2475; x_wconf 90' lang='lat' dir='ltr'><strong>in</strong></span> <span class='ocrx_word' id='word_1_159' title='bbox 675 2407 894 2497; x_wconf 85' lang='lat' dir='ltr'><strong>aliquo</strong></span> <span class='ocrx_word' id='word_1_160' title='bbox 919 2410 1142 2476; x_wconf 86' lang='lat' dir='ltr'><strong>saltem</strong></span> <span class='ocrx_word' id='word_1_161' title='bbox 1174 2426 1366 2476; x_wconf 87' lang='lat' dir='ltr'><strong>sensu</strong></span> <span class='ocrx_word' id='word_1_162' title='bbox 1395 2407 1874 2478; x_wconf 84' lang='lat' dir='ltr'><strong>distinctionem</strong></span> <span class='ocrx_word' id='word_1_163' title='bbox 1900 2433 2012 2480; x_wconf 89' lang='lat' dir='ltr'><strong>seu</strong></span> <span class='ocrx_word' id='word_1_164' title='bbox 2042 2413 2380 2483; x_wconf 80' lang='lat' dir='ltr'><strong>diversita-</strong></span> 
     </span>
     <span class='ocr_line' id='line_1_20' title="bbox 137 2521 2389 2616; baseline 0.003 -25"><span class='ocrx_word' id='word_1_165' title='bbox 137 2531 282 2591; x_wconf 87' lang='lat' dir='ltr'><strong>tem.</strong></span> <span class='ocrx_word' id='word_1_166' title='bbox 329 2523 494 2603; x_wconf 79' lang='lat' dir='ltr'><strong>Quae</strong></span> <span class='ocrx_word' id='word_1_167' title='bbox 541 2521 926 2612; x_wconf 78' lang='lat' dir='ltr'><strong>caeteroquin</strong></span> <span class='ocrx_word' id='word_1_168' title='bbox 981 2521 1308 2590; x_wconf 89' lang='lat' dir='ltr'><strong>distinctio</strong></span> <span class='ocrx_word' id='word_1_169' title='bbox 1355 2529 1601 2590; x_wconf 89' lang='lat' dir='ltr'><strong>constat</strong></span> <span class='ocrx_word' id='word_1_170' title='bbox 1650 2524 1913 2616; x_wconf 87' lang='lat' dir='ltr'><strong>insuper</strong></span> <span class='ocrx_word' id='word_1_171' title='bbox 1956 2549 2031 2595; x_wconf 83' lang='lat' dir='ltr'><strong>ex</strong></span> <span class='ocrx_word' id='word_1_172' title='bbox 2086 2533 2389 2598; x_wconf 89' lang='lat' dir='ltr'><strong>unanimi</strong></span> 
     </span>
     <span class='ocr_line' id='line_1_21' title="bbox 137 2636 2387 2735; baseline 0.005 -31"><span class='ocrx_word' id='word_1_173' title='bbox 137 2637 476 2706; x_wconf 87' lang='lat' dir='ltr'><strong>doctorum</strong></span> <span class='ocrx_word' id='word_1_174' title='bbox 523 2639 853 2706; x_wconf 85' lang='lat' dir='ltr'><strong>sententia.</strong></span> <span class='ocrx_word' id='word_1_175' title='bbox 911 2636 1184 2724; x_wconf 83' lang='lat' dir='ltr'><strong>Nullum</strong></span> <span class='ocrx_word' id='word_1_176' title='bbox 1219 2637 1400 2707; x_wconf 90' lang='lat' dir='ltr'><strong>enim</strong></span> <span class='ocrx_word' id='word_1_177' title='bbox 1439 2641 1717 2728; x_wconf 89' lang='lat' dir='ltr'><strong>reperies</strong></span> <span class='ocrx_word' id='word_1_178' title='bbox 1753 2639 1869 2728; x_wconf 87' lang='lat' dir='ltr'><strong>qui</strong></span> <span class='ocrx_word' id='word_1_179' title='bbox 1904 2663 2046 2712; x_wconf 90' lang='lat' dir='ltr'><strong>eam</strong></span> <span class='ocrx_word' id='word_1_180' title='bbox 2082 2649 2387 2735; x_wconf 88' lang='lat' dir='ltr'><strong>tanquam</strong></span> 
     </span>
     <span class='ocr_line' id='line_1_22' title="bbox 141 2752 1775 2845; baseline 0.001 -25"><span class='ocrx_word' id='word_1_181' title='bbox 141 2752 414 2821; x_wconf 88' lang='lat' dir='ltr'><strong>omnino</strong></span> <span class='ocrx_word' id='word_1_182' title='bbox 439 2761 677 2820; x_wconf 86' lang='lat' dir='ltr'><strong>certam</strong></span> <span class='ocrx_word' id='word_1_183' title='bbox 701 2773 825 2822; x_wconf 86' lang='lat' dir='ltr'><strong>non</strong></span> <span class='ocrx_word' id='word_1_184' title='bbox 845 2752 1144 2831; x_wconf 85' lang='lat' dir='ltr'><strong>affirmet,</strong></span> <span class='ocrx_word' id='word_1_185' title='bbox 1169 2753 1271 2820; x_wconf 79' lang='lat' dir='ltr'><strong>vel</strong></span> <span class='ocrx_word' id='word_1_186' title='bbox 1303 2761 1775 2845; x_wconf 80' lang='lat' dir='ltr'><strong>praesupponat.</strong></span> 
     </span>
    </p>

    <p class='ocr_par' dir='ltr' id='par_1_3' title="bbox 145 2866 2399 3076">
     <span class='ocr_line' id='line_1_23' title="bbox 235 2866 2399 2959; baseline 0.003 -24"><span class='ocrx_word' id='word_1_187' title='bbox 235 2867 318 2938; x_wconf 85' lang='lat' dir='ltr'><strong>ll.</strong></span> <span class='ocrx_word' id='word_1_188' title='bbox 355 2869 502 2952; x_wconf 83' lang='lat' dir='ltr'><strong>Quo</strong></span> <span class='ocrx_word' id='word_1_189' title='bbox 535 2889 722 2936; x_wconf 82' lang='lat' dir='ltr'><strong>sensu</strong></span> <span class='ocrx_word' id='word_1_190' title='bbox 757 2866 1084 2959; x_wconf 78' lang='lat' dir='ltr'><strong>distinqui</strong></span> <span class='ocrx_word' id='word_1_191' title='bbox 1122 2867 1334 2936; x_wconf 81' lang='lat' dir='ltr'><strong>soleat</strong></span> <span class='ocrx_word' id='word_1_192' title='bbox 1359 2869 1503 2936; x_wconf 87' lang='lat' dir='ltr'><strong>voti</strong></span> <span class='ocrx_word' id='word_1_193' title='bbox 1518 2868 1923 2958; x_wconf 81' lang='lat' dir='ltr'><strong>solemnitas,</strong></span> <span class='ocrx_word' id='word_1_194' title='bbox 1972 2871 2045 2938; x_wconf 86' lang='lat' dir='ltr'><strong>in</strong></span> <span class='ocrx_word' id='word_1_195' title='bbox 2077 2873 2399 2942; x_wconf 82' lang='lat' dir='ltr'><strong>substan-</strong></span> 
     </span>
     <span class='ocr_line' id='line_1_24' title="bbox 145 2981 2395 3076; baseline 0.004 -26"><span class='ocrx_word' id='word_1_196' title='bbox 145 2983 368 3052; x_wconf 83' lang='lat' dir='ltr'><strong>tialem</strong></span> <span class='ocrx_word' id='word_1_197' title='bbox 421 2995 490 3052; x_wconf 78' lang='lat' dir='ltr'><strong>et</strong></span> <span class='ocrx_word' id='word_1_198' title='bbox 531 2982 1030 3053; x_wconf 81' lang='lat' dir='ltr'><strong>accidentalem.</strong></span> <span class='ocrx_word' id='word_1_199' title='bbox 1066 3019 1157 3038; x_wconf 92' lang='lat'><em>-</em></span> <span class='ocrx_word' id='word_1_200' title='bbox 1195 2981 1322 3051; x_wconf 89' lang='lat' dir='ltr'><strong>Per</strong></span> <span class='ocrx_word' id='word_1_201' title='bbox 1369 2984 1841 3054; x_wconf 85' lang='lat' dir='ltr'><strong>solemnitatem</strong></span> <span class='ocrx_word' id='word_1_202' title='bbox 1892 2986 2395 3076; x_wconf 79' lang='lat' dir='ltr'><strong>accidentalem,</strong></span> 
     </span>
    </p>
   </div>
   <div class='ocr_carea' id='block_1_3' title="bbox 139 3103 2427 4350">
    <p class='ocr_par' dir='ltr' id='par_1_4' title="bbox 139 3103 2427 4350">
     <span class='ocr_line' id='line_1_25' title="bbox 143 3103 2392 3196; baseline 0.003 -25"><span class='ocrx_word' id='word_1_203' title='bbox 143 3105 510 3196; x_wconf 81' lang='lat' dir='ltr'><strong>intelligunt</strong></span> <span class='ocrx_word' id='word_1_204' title='bbox 598 3105 886 3174; x_wconf 88' lang='lat' dir='ltr'><strong>doctores</strong></span> <span class='ocrx_word' id='word_1_205' title='bbox 957 3103 1392 3172; x_wconf 89' lang='lat' dir='ltr'><strong>communiter</strong></span> <span class='ocrx_word' id='word_1_206' title='bbox 1448 3109 1736 3173; x_wconf 87' lang='lat' dir='ltr'><strong>externas</strong></span> <span class='ocrx_word' id='word_1_207' title='bbox 1794 3127 1897 3174; x_wconf 86' lang='lat' dir='ltr'><strong>eas</strong></span> <span class='ocrx_word' id='word_1_208' title='bbox 1977 3112 2392 3178; x_wconf 64' lang='lat' dir='ltr'><strong>caeremonias</strong></span> 
     </span>
     <span class='ocr_line' id='line_1_26' title="bbox 143 3215 2401 3318; baseline 0.004 -30"><span class='ocrx_word' id='word_1_209' title='bbox 143 3227 328 3310; x_wconf 84' lang='lat' dir='ltr'><strong>atque</strong></span> <span class='ocrx_word' id='word_1_210' title='bbox 368 3221 812 3308; x_wconf 71' lang='lat' dir='ltr'><strong>formalitates,</strong></span> <span class='ocrx_word' id='word_1_211' title='bbox 859 3220 987 3289; x_wconf 80' lang='lat' dir='ltr'><strong>voti</strong></span> <span class='ocrx_word' id='word_1_212' title='bbox 1039 3221 1457 3290; x_wconf 87' lang='lat' dir='ltr'><strong>emissionem</strong></span> <span class='ocrx_word' id='word_1_213' title='bbox 1503 3221 2025 3310; x_wconf 77' lang='lat' dir='ltr'><strong>concomitanteS,</strong></span> <span class='ocrx_word' id='word_1_214' title='bbox 2072 3215 2219 3294; x_wconf 88' lang='lat' dir='ltr'><strong>sine</strong></span> <span class='ocrx_word' id='word_1_215' title='bbox 2252 3231 2401 3318; x_wconf 85' lang='lat' dir='ltr'><strong>qui-</strong></span> 
     </span>
     <span class='ocr_line' id='line_1_27' title="bbox 147 3335 2405 3434; baseline 0.003 -30"><span class='ocrx_word' id='word_1_216' title='bbox 147 3336 268 3406; x_wconf 87' lang='lat' dir='ltr'><strong>bus</strong></span> <span class='ocrx_word' id='word_1_217' title='bbox 309 3342 508 3428; x_wconf 80' lang='lat' dir='ltr'><strong>potest</strong></span> <span class='ocrx_word' id='word_1_218' title='bbox 561 3343 786 3406; x_wconf 84' lang='lat' dir='ltr'><strong>votum</strong></span> <span class='ocrx_word' id='word_1_219' title='bbox 843 3357 978 3405; x_wconf 86' lang='lat' dir='ltr'><strong>esse</strong></span> <span class='ocrx_word' id='word_1_220' title='bbox 1050 3335 1360 3426; x_wconf 86' lang='lat' dir='ltr'><strong>solemne,</strong></span> <span class='ocrx_word' id='word_1_221' title='bbox 1417 3341 1482 3404; x_wconf 88' lang='lat' dir='ltr'><strong>et</strong></span> <span class='ocrx_word' id='word_1_222' title='bbox 1528 3335 1769 3426; x_wconf 89' lang='lat' dir='ltr'><strong>quibus</strong></span> <span class='ocrx_word' id='word_1_223' title='bbox 1828 3340 2143 3410; x_wconf 85' lang='lat' dir='ltr'><strong>stantibus</strong></span> <span class='ocrx_word' id='word_1_224' title='bbox 2199 3349 2405 3434; x_wconf 88' lang='lat' dir='ltr'><strong>potest</strong></span> 
     </span>
     <span class='ocr_line' id='line_1_28' title="bbox 143 3449 2405 3543; baseline 0.002 -24"><span class='ocrx_word' id='word_1_225' title='bbox 143 3471 268 3520; x_wconf 90' lang='lat' dir='ltr'><strong>non</strong></span> <span class='ocrx_word' id='word_1_226' title='bbox 314 3473 453 3523; x_wconf 86' lang='lat' dir='ltr'><strong>esse</strong></span> <span class='ocrx_word' id='word_1_227' title='bbox 496 3451 809 3524; x_wconf 86' lang='lat' dir='ltr'><strong>solemne.</strong></span> <span class='ocrx_word' id='word_1_228' title='bbox 861 3449 914 3520; x_wconf 91' lang='lat' dir='ltr'><strong>E</strong></span> <span class='ocrx_word' id='word_1_229' title='bbox 957 3457 1178 3521; x_wconf 89' lang='lat' dir='ltr'><strong>contra</strong></span> <span class='ocrx_word' id='word_1_230' title='bbox 1218 3473 1333 3543; x_wconf 90' lang='lat' dir='ltr'><strong>per</strong></span> <span class='ocrx_word' id='word_1_231' title='bbox 1385 3451 1859 3520; x_wconf 86' lang='lat' dir='ltr'><strong>solemnitatem</strong></span> <span class='ocrx_word' id='word_1_232' title='bbox 1902 3453 2405 3524; x_wconf 81' lang='lat' dir='ltr'><strong>substantialem</strong></span> 
     </span>
     <span class='ocr_line' id='line_1_29' title="bbox 143 3563 2402 3661; baseline 0.001 -27"><span class='ocrx_word' id='word_1_233' title='bbox 143 3568 514 3660; x_wconf 86' lang='lat' dir='ltr'><strong>intelligunt</strong></span> <span class='ocrx_word' id='word_1_234' title='bbox 557 3569 646 3654; x_wconf 91' lang='lat' dir='ltr'><strong>id,</strong></span> <span class='ocrx_word' id='word_1_235' title='bbox 699 3567 840 3638; x_wconf 90' lang='lat' dir='ltr'><strong>sine</strong></span> <span class='ocrx_word' id='word_1_236' title='bbox 884 3587 1011 3657; x_wconf 91' lang='lat' dir='ltr'><strong>quo</strong></span> <span class='ocrx_word' id='word_1_237' title='bbox 1067 3569 1288 3634; x_wconf 81' lang='lat' dir='ltr'><strong>votum</strong></span> <span class='ocrx_word' id='word_1_238' title='bbox 1347 3563 1632 3635; x_wconf 87' lang='lat' dir='ltr'><strong>solemne</strong></span> <span class='ocrx_word' id='word_1_239' title='bbox 1677 3588 1812 3636; x_wconf 89' lang='lat' dir='ltr'><strong>esse</strong></span> <span class='ocrx_word' id='word_1_240' title='bbox 1862 3572 2107 3661; x_wconf 86' lang='lat' dir='ltr'><strong>nequit,</strong></span> <span class='ocrx_word' id='word_1_241' title='bbox 2160 3578 2225 3638; x_wconf 86' lang='lat' dir='ltr'><strong>et</strong></span> <span class='ocrx_word' id='word_1_242' title='bbox 2272 3591 2402 3659; x_wconf 85' lang='lat' dir='ltr'><strong>quo</strong></span> 
     </span>
     <span class='ocr_line' id='line_1_30' title="bbox 139 3681 2399 3776; baseline -0.001 -22"><span class='ocrx_word' id='word_1_243' title='bbox 139 3691 336 3755; x_wconf 85' lang='lat' dir='ltr'><strong>stante</strong></span> <span class='ocrx_word' id='word_1_244' title='bbox 376 3693 476 3754; x_wconf 83' lang='lat' dir='ltr'><strong>est</strong></span> <span class='ocrx_word' id='word_1_245' title='bbox 519 3705 776 3776; x_wconf 87' lang='lat' dir='ltr'><strong>semper</strong></span> <span class='ocrx_word' id='word_1_246' title='bbox 815 3689 879 3750; x_wconf 89' lang='lat' dir='ltr'><strong>et</strong></span> <span class='ocrx_word' id='word_1_247' title='bbox 909 3682 1274 3752; x_wconf 78' lang='lat' dir='ltr'><strong>necessario</strong></span> <span class='ocrx_word' id='word_1_248' title='bbox 1319 3682 1629 3750; x_wconf 86' lang='lat' dir='ltr'><strong>solemne.</strong></span> <span class='ocrx_word' id='word_1_249' title='bbox 1681 3681 1977 3764; x_wconf 86' lang='lat' dir='ltr'><strong>Quarum</strong></span> <span class='ocrx_word' id='word_1_250' title='bbox 2026 3705 2255 3754; x_wconf 83' lang='lat' dir='ltr'><strong>vocum</strong></span> <span class='ocrx_word' id='word_1_251' title='bbox 2306 3686 2399 3752; x_wconf 87' lang='lat' dir='ltr'><strong>sic</strong></span> 
     </span>
     <span class='ocr_line' id='line_1_31' title="bbox 139 3796 2397 3890; baseline -0.001 -21"><span class='ocrx_word' id='word_1_252' title='bbox 139 3801 564 3871; x_wconf 88' lang='lat' dir='ltr'><strong>determinato</strong></span> <span class='ocrx_word' id='word_1_253' title='bbox 617 3819 837 3882; x_wconf 88' lang='lat' dir='ltr'><strong>sensu,</strong></span> <span class='ocrx_word' id='word_1_254' title='bbox 891 3804 1060 3889; x_wconf 88' lang='lat' dir='ltr'><strong>patet</strong></span> <span class='ocrx_word' id='word_1_255' title='bbox 1121 3796 1591 3866; x_wconf 88' lang='lat' dir='ltr'><strong>solemnitatem</strong></span> <span class='ocrx_word' id='word_1_256' title='bbox 1644 3799 1902 3890; x_wconf 86' lang='lat' dir='ltr'><strong>proprie</strong></span> <span class='ocrx_word' id='word_1_257' title='bbox 1954 3801 2213 3878; x_wconf 86' lang='lat' dir='ltr'><strong>dictam,</strong></span> <span class='ocrx_word' id='word_1_258' title='bbox 2280 3819 2397 3867; x_wconf 90' lang='lat' dir='ltr'><strong>seu</strong></span> 
     </span>
     <span class='ocr_line' id='line_1_32' title="bbox 140 3911 2411 4009; baseline -0.002 -23"><span class='ocrx_word' id='word_1_259' title='bbox 140 3919 352 3988; x_wconf 85' lang='lat' dir='ltr'><strong>stricte</strong></span> <span class='ocrx_word' id='word_1_260' title='bbox 401 3925 760 4009; x_wconf 86' lang='lat' dir='ltr'><strong>sumptam,</strong></span> <span class='ocrx_word' id='word_1_261' title='bbox 810 3914 1152 3983; x_wconf 87' lang='lat' dir='ltr'><strong>consistere</strong></span> <span class='ocrx_word' id='word_1_262' title='bbox 1195 3914 1264 3980; x_wconf 90' lang='lat' dir='ltr'><strong>in</strong></span> <span class='ocrx_word' id='word_1_263' title='bbox 1311 3911 1755 3993; x_wconf 87' lang='lat' dir='ltr'><strong>substantiali,</strong></span> <span class='ocrx_word' id='word_1_264' title='bbox 1807 3935 1938 3982; x_wconf 91' lang='lat' dir='ltr'><strong>non</strong></span> <span class='ocrx_word' id='word_1_265' title='bbox 1992 3913 2058 3979; x_wconf 89' lang='lat' dir='ltr'><strong>in</strong></span> <span class='ocrx_word' id='word_1_266' title='bbox 2110 3912 2411 3982; x_wconf 85' lang='lat' dir='ltr'><strong>acciden-</strong></span> 
     </span>
     <span class='ocr_line' id='line_1_33' title="bbox 141 4021 2411 4120; baseline -0.002 -20"><span class='ocrx_word' id='word_1_267' title='bbox 141 4033 264 4102; x_wconf 81' lang='lat' dir='ltr'><strong>tali.</strong></span> <span class='ocrx_word' id='word_1_268' title='bbox 310 4031 482 4101; x_wconf 84' lang='lat' dir='ltr'><strong>Item</strong></span> <span class='ocrx_word' id='word_1_269' title='bbox 518 4035 693 4120; x_wconf 86' lang='lat' dir='ltr'><strong>patet</strong></span> <span class='ocrx_word' id='word_1_270' title='bbox 713 4033 936 4098; x_wconf 82' lang='lat' dir='ltr'><strong>votum</strong></span> <span class='ocrx_word' id='word_1_271' title='bbox 975 4025 1238 4119; x_wconf 88' lang='lat' dir='ltr'><strong>proprie</strong></span> <span class='ocrx_word' id='word_1_272' title='bbox 1263 4031 1328 4094; x_wconf 89' lang='lat' dir='ltr'><strong>et</strong></span> <span class='ocrx_word' id='word_1_273' title='bbox 1355 4025 1571 4094; x_wconf 88' lang='lat' dir='ltr'><strong>stricte</strong></span> <span class='ocrx_word' id='word_1_274' title='bbox 1598 4024 1885 4094; x_wconf 89' lang='lat' dir='ltr'><strong>solemne</strong></span> <span class='ocrx_word' id='word_1_275' title='bbox 1910 4021 2167 4096; x_wconf 87' lang='lat' dir='ltr'><strong>differre</strong></span> <span class='ocrx_word' id='word_1_276' title='bbox 2188 4046 2225 4094; x_wconf 88' lang='lat' dir='ltr'><strong>a</strong></span> <span class='ocrx_word' id='word_1_277' title='bbox 2248 4029 2411 4096; x_wconf 86' lang='lat' dir='ltr'><strong>sim-</strong></span> 
     </span>
     <span class='ocr_line' id='line_1_34' title="bbox 145 4138 2411 4236; baseline -0.001 -24"><span class='ocrx_word' id='word_1_278' title='bbox 145 4145 310 4234; x_wconf 85' lang='lat' dir='ltr'><strong>plici,</strong></span> <span class='ocrx_word' id='word_1_279' title='bbox 359 4165 479 4236; x_wconf 88' lang='lat' dir='ltr'><strong>per</strong></span> <span class='ocrx_word' id='word_1_280' title='bbox 501 4142 978 4212; x_wconf 87' lang='lat' dir='ltr'><strong>solemnitatem</strong></span> <span class='ocrx_word' id='word_1_281' title='bbox 998 4138 1538 4226; x_wconf 82' lang='lat' dir='ltr'><strong>substantialem,</strong></span> <span class='ocrx_word' id='word_1_282' title='bbox 1568 4161 1697 4208; x_wconf 92' lang='lat' dir='ltr'><strong>non</strong></span> <span class='ocrx_word' id='word_1_283' title='bbox 1722 4143 1938 4205; x_wconf 91' lang='lat' dir='ltr'><strong>autem</strong></span> <span class='ocrx_word' id='word_1_284' title='bbox 1966 4159 2080 4228; x_wconf 85' lang='lat' dir='ltr'><strong>per</strong></span> <span class='ocrx_word' id='word_1_285' title='bbox 2106 4143 2411 4209; x_wconf 85' lang='lat' dir='ltr'><strong>acciden—</strong></span> 
     </span>
     <span class='ocr_line' id='line_1_35' title="bbox 147 4253 2427 4350; baseline -0.002 -22"><span class='ocrx_word' id='word_1_286' title='bbox 147 4261 371 4343; x_wconf 81' lang='lat' dir='ltr'><strong>talem3</strong></span> <span class='ocrx_word' id='word_1_287' title='bbox 433 4259 759 4350; x_wconf 88' lang='lat' dir='ltr'><strong>siquidem</strong></span> <span class='ocrx_word' id='word_1_288' title='bbox 805 4255 943 4325; x_wconf 80' lang='lat' dir='ltr'><strong>haec</strong></span> <span class='ocrx_word' id='word_1_289' title='bbox 995 4255 1306 4346; x_wconf 87' lang='lat' dir='ltr'><strong>posterior</strong></span> <span class='ocrx_word' id='word_1_290' title='bbox 1360 4253 1629 4344; x_wconf 90' lang='lat' dir='ltr'><strong>reperiri</strong></span> <span class='ocrx_word' id='word_1_291' title='bbox 1673 4253 1868 4319; x_wconf 90' lang='lat' dir='ltr'><strong>etiam</strong></span> <span class='ocrx_word' id='word_1_292' title='bbox 1918 4259 2121 4341; x_wconf 85' lang='lat' dir='ltr'><strong>potest</strong></span> <span class='ocrx_word' id='word_1_293' title='bbox 2159 4254 2227 4322; x_wconf 91' lang='lat' dir='ltr'><strong>in</strong></span> <span class='ocrx_word' id='word_1_294' title='bbox 2284 4264 2427 4325; x_wconf 80' lang='lat' dir='ltr'><strong>voto</strong></span> 
     </span>
    </p>
   </div>
   <div class='ocr_carea' id='block_1_4' title="bbox 155 4373 459 4466">
    <p class='ocr_par' dir='ltr' id='par_1_5' title="bbox 155 4373 459 4466">
     <span class='ocr_line' id='line_1_36' title="bbox 155 4373 459 4466; baseline 0 -24"><span class='ocrx_word' id='word_1_295' title='bbox 155 4373 459 4466; x_wconf 84' lang='lat' dir='ltr'><strong>simplici.</strong></span> 
     </span>
    </p>
   </div>
  </div>
 </body>
</html>
