2834 4959
1084 328 1237 377 PARS
1278 331 1518 381 mm.
2317 332 2384 389 31
2403 334 2434 387 7

171 440 492 528 doctores3
530 446 596 509 et
640 443 729 511 ita
763 442 1157 512 declaratum
1182 444 1380 515 fuisse
1421 468 1460 516 a
1501 446 1570 519 S.
1612 451 2124 544 Congregatione
2159 454 2442 527 Concilii

162 563 421 625 testatur
447 554 831 626 Benedictus
869 556 1029 631 XIV
1060 560 1546 651 (Institutiones
1583 565 2056 653 ecclesiastieae,
2087 569 2240 639 inst.
2282 570 2435 658 105,

168 666 229 742 n.
271 671 417 765 61),
460 673 530 740 in
568 671 749 740 hunc
786 674 1055 742 modum
1087 697 1104 743 ε
1156 701 1192 743 α
1219 673 1588 761 TertiariaS,
1617 702 1763 769 quae
1802 684 2154 771 sejunctim
2182 685 2433 770 vivunt,

177 812 209 855 ι(
241 784 695 857 sanctissimus
738 784 1029 855 Pontifex
1078 786 1257 879 (Pius
1304 790 1389 881 V)
1453 814 1790 883 nunquam
1838 796 1918 869 de
1956 798 2173 869 medio
2217 800 2438 870 tollere

177 928 211 967 a
238 900 580 991 cogitavi&
642 902 1195 989 quemadmodum
1262 902 1331 972 S.
1394 904 1824 997 congregatio
1883 911 2162 981 Concilii
2217 914 2436 983 decla-

175 1042 210 1081 «
245 1018 431 1085 ravit.
488 1015 1049 1085 Constitutionem
1098 1018 1341 1109 (inquit
1394 1019 1764 1108 Fagnanus,
1797 1026 1866 1095 in
1919 1034 2117 1118 caput
2164 1028 2434 1114 Nullus,
2563 1085 2588 1111 .

177 1156 209 1195 α
232 1154 301 1201 n.
334 1133 447 1219 68,
475 1133 556 1201 de
571 1138 747 1203 Foro
766 1133 1186 1223 competenti)
1210 1136 1430 1204 sancti
1447 1137 1559 1205 Pii
1591 1142 1664 1221 V,
1687 1163 1818 1231 qua
1838 1162 2088 1211 sorores
2108 1144 2296 1212 tertii
2316 1144 2436 1213 Or-

176 1273 211 1313 α
238 1246 415 1317 dinis
438 1248 531 1317 ad
530 1260 937 1340 perpetuam
950 1248 1339 1319 clausuram
1350 1251 1884 1343 obstr-inauratur,
1915 1269 2147 1348 utpote
2159 1258 2436 1350 loquen-

185 1388 219 1427 «
250 1376 379 1433 tem
408 1363 485 1433 de
522 1364 631 1433 lais
660 1387 811 1455 quoe
837 1366 909 1433 in
938 1366 1278 1435 communi
1304 1380 1365 1437 et
1394 1368 1465 1437 in
1493 1372 2000 1463 eonqreqatione
2043 1374 2305 1459 vivunt,
2347 1376 2442 1444 ad

184 1504 221 1545 α
244 1479 651 1572 supradictas
680 1502 953 1569 sorores,
980 1481 1055 1551 in
1084 1485 1722 1575 consanquineorum
1752 1500 1876 1557 aut
1891 1488 2194 1579 propriis
2225 1489 2438 1561 domi·

184 1620 217 1663 α
241 1595 355 1665 bus
369 1595 803 1665 habitantes..
817 1647 863 1679 .,
892 1594 1068 1666 nihil
1074 1599 1430 1689 pertinere,
1455 1613 1520 1669 et
1533 1614 1884 1694 propterea
1906 1604 2076 1671 circa
2096 1603 2262 1673 illas
2287 1629 2438 1676 con-

183 1737 215 1778 «
238 1712 657 1781 stitutionem
675 1734 793 1781 nec
810 1712 1149 1799 minuisse,
1171 1736 1287 1783 nec
1302 1715 1714 1802 immutasse,
1745 1739 1862 1785 nec
1887 1716 2260 1809 quidquam
2278 1724 2437 1791 novi

182 1852 215 1893 α
226 1828 405 1918 juris
428 1826 790 1896 induxisse.
820 1852 857 1893 »
888 1826 1075 1898 Unde
1102 1830 1314 1918 quoad
1338 1832 1658 1919 ejusmodi
1684 1830 2045 1919 TertiariaS,
2098 1838 2436 1926 sejunctim

176 1940 483 2024 viventes,
521 1942 625 2032 jus
656 1942 1155 2033 intelligendum
1180 1949 1275 2013 est
1308 1943 1574 2035 perinde
1613 1966 1690 2016 ac
1722 1948 1776 2016 si
1803 1947 1978 2019 dicta
2008 1952 2218 2021 sancti
2241 1951 2340 2020 Pii
2379 1950 2438 2019 V

178 2056 545 2127 constitutio
568 2080 697 2128 non
726 2058 1039 2129 existeret.

256 2169 336 2241 Π.
377 2173 793 2257 Quibusnam
822 2173 1194 2267 privileqiis
1220 2174 1492 2245 donatoe
1519 2178 1654 2247 sint
1688 2180 2038 2249 Tertiarioe
2051 2204 2176 2274 per
2195 2184 2437 2251 consti-

184 2288 495 2357 tutionem
515 2291 686 2359 inter
722 2296 943 2359 caetera
972 2289 1067 2383 (1)
1090 2291 1326 2361 Leonis
1364 2294 1454 2361 X.
1475 2332 1564 2345 —
1601 2320 1635 2359 α
1662 2294 2006 2367 Tertiarios
2037 2318 2074 2366 a
2108 2296 2440 2371 Tertiariis

188 2427 219 2469 α
250 2404 627 2474 mulieribus
647 2405 1133 2495 distinguendos
1170 2406 1299 2477 Leo
1334 2406 1399 2477 X
1427 2410 1734 2479 decernit.
1771 2410 1874 2481 nli
1941 2412 2126 2483 nullo
2155 2414 2440 2505 gaudent

193 2543 223 2585 α
256 2520 609 2611 privilegio,
666 2520 793 2589 nisi
843 2521 1249 2611 conjunctim
1301 2524 1546 2610 vivant,
1602 2532 1668 2594 et
1703 2548 1861 2596 cum
1909 2527 2069 2619 ipsis
2125 2530 2436 2601 claustra-

191 2658 223 2699 α
250 2634 415 2705 libus
445 2638 902 2707 immorentur.
956 2635 1082 2706 Sed
1120 2637 1506 2707 mulieribus
1548 2639 1905 2722 Tertiariis,
1952 2646 2249 2733 quamvis
2291 2666 2440 2715 suas

196 2774 231 2813 «ι
256 2750 411 2819 aedes
446 2774 578 2822 non
624 2750 975 2834 dimittant,
1020 2750 1247 2821 eadem
1284 2753 1624 2840 privilegia
1659 2754 1908 2823 ordinis
1958 2758 2382 2827 conferuntur
2414 2784 2432 2827 ε

194 2890 225 2929 ε(
268 2866 710 2958 Colleqialiter
748 2879 971 2936 autem
1021 2866 1125 2957 (de
1160 2866 1316 2935 viris
1360 2866 1690 2935 Tertiariis
1735 2888 1948 2937 sermo
1985 2870 2100 2961 est)
2137 2892 2250 2941 seu
2287 2892 2438 2939 cum

192 3004 223 3045 α
245 2981 705 3053 clmastralibus
728 2982 1135 3065 habitantes,
1165 3004 1245 3051 ac
1267 2981 1575 3052 mulieres
1617 2983 1880 3074 (nempe
1904 2982 2260 3074 Tertiariae,
2291 3010 2436 3078 quae

193 3122 225 3162 α
246 3120 383 3169 suas
408 3102 573 3170 aedes
598 3121 1011 3191 nequaqnam
1036 3100 1359 3189 deserunt)
1386 3098 1789 3191 virqinalem
1825 3122 1942 3169 seu
1965 3098 2281 3187 coelibem,
2313 3114 2437 3171 aut

199 3238 233 3279 a
262 3228 503 3286 castam
534 3214 897 3300 vidualem,
941 3238 1243 3306 expresso
1278 3228 1460 3303 voto,
1492 3227 1558 3285 et
1581 3214 1704 3283 sub
1733 3214 1912 3285 dieto
1944 3214 2182 3285 habitu
2217 3216 2436 3285 vitam

197 3350 233 3391 (ι
260 3328 567 3417 ducentes,
590 3331 958 3423 privileqiis
998 3330 1229 3423 quibus
1250 3333 1495 3421 fratres
1530 3328 1828 3416 Ordinis,
1875 3330 2066 3421 eujus
2091 3332 2308 3403 tertioe
2333 3354 2438 3403 re-

198 3466 231 3507 «
255 3444 423 3534 qulae
456 3447 765 3517 habitum
790 3456 1079 3537 qestant,
1124 3444 1412 3538 qaudere
1443 3442 1746 3515 debeant.
1779 3444 1970 3527 Quod
2004 3448 2059 3516 si
2094 3446 2332 3519 Leonis
2375 3447 2438 3515 X

197 3584 227 3625 α
251 3564 606 3633 constitutio
632 3562 767 3632 vim
784 3567 985 3633 totam
1004 3568 1067 3631 et
1082 3560 1404 3653 integram
1429 3561 1711 3631 obtineat
1737 3560 1842 3630 hae
1864 3561 2192 3633 Tertiariae
2220 3563 2436 3654 priva·

191 3700 221 3742 α
244 3677 357 3746 tim
399 3681 599 3748 vitam
653 3685 911 3769 agentes
952 3678 1253 3769 Episcopi
1294 3677 1746 3768 jurisdictione
1793 3699 2060 3769 prorsus
2107 3680 2436 3747 immunes

190 3806 226 3849 α
252 3808 374 3857 esse
398 3790 724 3862 deberent.
770 3792 894 3863 Eos
932 3794 1060 3863 sibi
1100 3792 1526 3865 confessarios
1570 3794 1848 3884 deligere
1885 3800 2164 3886 possent,
2215 3795 2329 3885 qui
2355 3794 2440 3863 ad

190 3922 225 3965 α
252 3905 625 3977 monialium
673 3908 1123 3993 confessiones,
1172 3930 1309 3977 non
1360 3928 1512 3977 vero
1565 3908 1980 3979 saecularinm
2033 3906 2436 3999 excipiendas

188 4040 219 4077 «ι
252 4021 623 4106 probantur.
670 4024 775 4093 Ad
818 4025 1196 4116 parochiam
1238 4024 1538 4094 accedere
1591 4044 1724 4093 non
1767 4029 2140 4093 tenerentur
2183 4028 2254 4091 ut
2290 4044 2436 4115 pas-

190 4154 219 4193 «
246 4133 405 4204 chali
465 4147 783 4229 praecepto
832 4141 1283 4210 satisfacerent.
1344 4138 1642 4208 Tandem
1691 4160 1730 4207 a
1786 4136 2102 4229 praeiectis
2153 4138 2286 4208 suis
2337 4159 2438 4263 re-

240 4374 295 4433 (1)
316 4376 395 4437 22,
414 4378 467 4427 in
496 4376 743 4428 Bullario
771 4390 983 4429 romano
1002 4382 1141 4431 tomo
1163 4384 1209 4431 1.
