2834 4959
1095 313 1248 362 PARS
1295 315 1483 364 Pam
1494 343 1511 364 .
2316 315 2343 368 1
2358 313 2435 370 49

181 440 324 510 dixit
345 435 434 527 (1)
467 459 486 503 :
547 459 582 502 ι
611 434 913 516 Quorum
951 433 1150 524 primi
1193 435 1374 502 fuero
1414 434 1761 506 salvatoris
1798 438 1997 506 nostri
2039 437 2365 530 discipuli.
2396 467 2431 506 >³

181 553 490 642 Praecipue
571 556 798 620 autem
865 547 1138 638 allegant
1196 549 1360 618 illud
1429 549 1495 620 S.
1551 551 1907 642 Augustini
1955 552 2217 620 effatum
2272 553 2367 644 (2)
2415 577 2435 620 ε

185 697 214 735 α
251 667 550 735 Dixerant
576 670 868 755 potentes
898 663 996 732 illi
1031 689 1050 732 ι
1083 665 1248 732 Ecce
1293 687 1410 734 nos
1445 663 1817 735 dimisimus
1854 667 2103 750 omnia,
2145 680 2211 734 et
2236 667 2445 735 secuti

181 807 216 844 α
253 799 473 846 sumus
529 789 613 845 te.
661 775 800 846 Hoc
836 781 1064 846 votum
1092 778 1532 869 potentissime
1570 787 1915 862 voverant3
1958 781 2069 848 sed
2110 781 2285 849 unde
2322 781 2447 850 hoc

54 957 56 960 ,
186 920 220 958 u
265 895 379 978 eis,
417 892 540 960 nisi
565 892 651 960 ab
689 892 800 962 illo
836 891 916 962 de
945 915 1075 984 quo
1101 895 1352 962 dictum
1388 902 1482 964 est
1525 919 1543 964 :
1580 899 1768 964 Dans
1794 908 2027 966 votum
2059 896 2375 964 voventi?
2398 921 2435 962 ι)

181 1011 244 1078 Α
270 1029 398 1096 quo
423 1029 540 1076 non
573 1007 829 1078 abludit
873 1007 942 1076 S.
975 1007 1447 1098 Hieronymus,
1478 1013 1591 1100 qui
1625 1013 1695 1080 in
1740 1012 2021 1102 epistolis
2064 1012 2198 1080 suis
2246 1012 2446 1102 perfe-

183 1125 418 1192 ctionis
476 1123 788 1193 studiosos
857 1123 1066 1192 facere
1121 1123 1308 1214 jubet
1381 1125 1554 1214 quod
1610 1125 1908 1194 fecerunt
1968 1127 2255 1216 Apostoli
2322 1125 2441 1217 (3),

185 1245 375 1328 atque
419 1237 744 1328 apostolici
799 1238 1032 1328 fastigii
1073 1240 1561 1330 apostolicaeque
1622 1241 1952 1330 dignitatis
2006 1240 2267 1308 culmen
2312 1261 2447 1308 esse

183 1352 340 1420 dicit
383 1352 684 1420 saeculum
726 1351 1116 1444 relinquere,
1159 1354 1447 1444 seipsum
1488 1353 1767 1422 Domino
1797 1355 2025 1423 dedere
2052 1357 2117 1422 et
2154 1353 2333 1443 sequi
2369 1372 2447 1422 ex

185 1471 425 1560 integro
450 1467 778 1536 Christum
810 1469 927 1558 (4).

255 1585 358 1652 Ad
391 1584 530 1652 haec
557 1585 788 1652 iisdem
831 1583 1146 1674 theologis
1189 1585 1393 1674 placet
1419 1586 1617 1654 vitam
1656 1585 2021 1674 religiosam
2050 1589 2219 1655 inter
2254 1587 2449 1654 laicos

180 1721 426 1789 quoque
466 1705 684 1768 natam
734 1721 868 1768 esse
915 1721 1050 1768 una
1114 1721 1268 1768 cum
1315 1700 1649 1792 primitiva
1700 1701 1982 1770 Ecclesia
2033 1701 2448 1789 Jerosolymi-

183 1821 316 1882 tana
329 1843 352 1902 ;
397 1835 520 1903 quo
559 1834 753 1882 sensu
783 1813 863 1882 S.
919 1813 1308 1898 BernarduS‚
1351 1815 1431 1882 de
1470 1816 1699 1884 ordine
1748 1818 2100 1884 monastico
2142 1819 2443 1905 loquens,

181 1951 334 1997 eum
375 1932 458 1998 ait
477 1951 612 1999 esse
645 1929 736 2020 (5)
776 1928 1128 2021 «primum
1153 1931 1223 1998 in
1269 1929 1581 2012 Ecclesia,
1614 1930 1751 1998 imo
1778 1952 1814 1998 a
1854 1953 1985 2018 quo
2015 1931 2207 2018 coepit
2236 1923 2451 1996 Eccle-

197 2071 230 2112 α
272 2047 365 2114 sia
379 2069 476 2128 ;...
511 2049 704 2136 cujus
731 2045 1020 2137 Apostoli
1059 2048 1478 2128 institutores,
1517 2047 1704 2135 cujus
1740 2046 1811 2113 hi
1839 2067 1999 2136 quos
2035 2044 2275 2112 Paulus
2318 2049 2453 2111 tam

189 2185 223 2224 α
261 2183 420 2250 saepe
463 2167 720 2230 sanctos
765 2160 1066 2251 appellat,
1114 2162 1519 2230 inchoatores
1569 2161 1968 2230 exstiterunt.
2016 2185 2051 2226 ³>
2106 2161 2205 2228 Ac
2254 2161 2453 2248 huJus

185 2269 492 2358 opinionis
557 2267 984 2336 fundamenta
1053 2274 1390 2358 suppetere
1451 2268 1577 2337 sibi
1643 2275 1986 2337 autumant
2048 2269 2119 2334 in
2176 2266 2453 2336 Actibus

183 2381 622 2473 Apostolorum
679 2381 819 2473 (6);
873 2403 910 2450 e
959 2383 1226 2473 quibuS‚
1289 2384 1525 2452 saeculo
1592 2389 1823 2474 quarto
1888 2391 2193 2462 exeunte,
2254 2382 2451 2450 abbas

185 2494 508 2566 Piammon
562 2497 734 2588 apud
780 2495 1096 2567 Joannem
1137 2499 1517 2568 Cassianum
1568 2498 1751 2568 illam
1794 2499 2017 2566 intulit
2058 2515 2453 2585 consequen-

187 2615 336 2682 tiam
374 2615 514 2706 (7):
565 2641 598 2682 α
642 2615 1128 2684 Coenobitarum
1179 2616 1527 2706 disciplina
1568 2637 1605 2682 a
1649 2621 1935 2704 tempore
1978 2611 2453 2704 praedicationis

201 2755 238 2795 α
283 2730 634 2817 apostolicae
668 2732 944 2820 sumpsit
978 2729 1338 2800 exordium.
1383 2707 1553 2798 Nam
1594 2729 1737 2796 talis
1774 2729 2008 2796 exstitit
2044 2730 2113 2796 in
2162 2728 2461 2796 Hieroso-¹

205 2868 242 2906 α
286 2841 472 2932 lymis
496 2843 700 2913 omnis
727 2846 840 2914 illa
859 2847 1262 2915 credentium
1307 2843 1684 2932 multitudo,
1716 2865 1862 2932 quae
1886 2843 1951 2911 in
1976 2842 2253 2909 Actibus
2280 2841 2456 2927 Apo-

207 2983 242 3024 α
284 2960 580 3028 stolorum
635 2963 722 3029 ita
769 2960 1070 3029 scribitur
1121 2986 1140 3028 t
1201 2958 1659 3032 Multitudinis
1700 2956 2105 3028 credentium
2154 2965 2300 3021 erat
2345 2975 2455 3020 cor

202 3099 234 3139 α
281 3073 484 3144 unum
526 3088 590 3144 et
633 3076 872 3144 anima
900 3099 1063 3158 una,
1093 3099 1210 3145 nec
1237 3077 1587 3167 quisquam
1623 3097 1849 3143 eorum
1898 3093 2045 3162 quae
2076 3067 2455 3161 possidebat

199 3215 236 3254 ι(
277 3191 536 3283 aliquid
558 3213 762 3258 suum
805 3213 934 3258 esse
962 3189 1244 3276 dicebat,
1275 3190 1389 3260 sed
1416 3202 1609 3259 erant
1636 3189 1769 3257 illis
1795 3187 2021 3256 omnia
2050 3180 2450 3252 communia.

205 3329 240 3369 ιι
283 3307 706 3376 Possessiones
735 3316 800 3373 et
829 3304 1238 3374 substantias
1263 3304 1656 3388 vendebant,
1689 3316 1753 3370 et
1782 3299 2161 3370 dividebant
2202 3321 2277 3364 ea
2311 3318 2457 3364 om-

201 3443 234 3484 α
280 3420 486 3504 nibus,
507 3432 727 3512 prout
754 3420 982 3510 cuique
1007 3443 1175 3512 opus
1203 3431 1368 3488 erat.
1405 3418 1484 3486 Et
1506 3422 1742 3486 iterum
1788 3440 1803 3484 ι
1836 3419 2062 3506 Neque
2089 3416 2259 3483 enim
2286 3413 2461 3504 quis-

200 3561 230 3598 α
273 3557 474 3626 quam
501 3557 696 3626 eqens
722 3547 862 3604 erat
888 3536 1063 3604 inter
1077 3537 1248 3606 illos.
1286 3537 1630 3624 Quotquot
1656 3532 1831 3601 enim
1844 3552 2239 3622 possessores
2262 3546 2461 3616 αργο-

253 3785 318 3847 (¹)
342 3785 632 3836 comment.
661 3787 716 3836 in
750 3785 944 3838 Psalm.
983 3785 1118 3850 apud
1151 3785 1493 3848 montfaucon,
1520 3781 1722 3836 collect.
1756 3797 1870 3834 nov.
1906 3781 2007 3832 ΡΡ.
2041 3775 2373 3835 Groec.,·‹tom.
2417 3775 2467 3832 ι,

195 3879 308 3933 pag.
333 3874 448 3923 348.

255 3959 334 4025 (2)
355 3959 425 4009 De
445 3960 582 4011 civit.
607 3962 720 4022 Dei,
737 3959 827 4013 uh.
867 3964 946 4024 1⁷,
971 3975 1089 4025 cap.
1115 3963 1164 4011 4.

249 4049 314 4110 (3)
343 4049 502 4113 Epist.
530 4052 640 4112 120,
664 4050 790 4100 alias
806 4051 914 4115 150,
937 4053 1072 4100 tom.
1105 4052 1154 4109 1,
1175 4049 1272 4102 col.
1289 4052 1400 4112 822,
1426 4048 1549 4102 edit.
1578 4047 1791 4100 vallars.

252 4135 492 4203 (nepta.
515 4141 624 4202 ηε,
645 4138 772 4190 alia·
803 4142 882 4201 34,
902 4138 998 4190 col.
1031 4138 1338 4202 '195;1‹:pnt.
1367 4141 1477 4199 130,
1495 4137 1619 4188 num
1648 4137 1699 4196 s,
1726 4133 1820 4184 σοι.
1852 4129 1945 4180 ess
1967 4127 2019 4176 et
2044 4125 2156 4176 990.

251 4223 322 4288 (5)
349 4225 566 4293 Apoloq.
592 4226 664 4278 ad
688 4225 1026 4290 Gui11.Abb.,
1051 4239 1162 4292 cap.
1191 4227 1268 4289 10,
1287 4225 1520 4284 vol.,eit.,
1548 4222 1647 4275 cot.
1669 4223 1779 4272 537.

259 4313 326 4376 (6)
351 4315 468 4364 Act.
503 4330 564 4377 ιι,
597 4318 682 4379 44,
707 4319 808 4378 ⁴5³
831 4329 901 4379 w,
927 4319 1008 4378 32,
1036 4316 1206 4374 ³⁴-s7;
1237 4314 1452 4373 v,1-1o.

258 4396 320 4460 Π)
345 4397 762 4452 camenus&
790 4403 865 4460 ¹8,
885 4411 998 4464 cap.
1028 4401 1076 4458 5.
1097 4409 1214 4463 pag.
1245 4397 1357 4457 517,
1397 4393 1519 4447 edit.
1543 4387 1883 4450 Francoturt„
1914 4389 2058 4438 1722.
