2834 4959
1103 332 1253 381 PARS
1296 334 1538 386 mTIA.
2347 341 2426 401 39
2436 343 2472 399 5

132 481 135 485 ·
264 454 337 523 2⁰
376 452 607 543 Neque
654 451 737 521 de
790 451 966 521 fecto
1008 454 1329 546 impedire
1379 460 1548 529 valet
1589 460 1914 531 saecularis
1953 470 2224 554 potestas
2249 490 2334 540 ne
2369 494 2476 543 re-

179 565 399 658 ligiosi
424 566 501 635 in
528 566 873 635 communi
913 567 1307 659 possideant,
1357 594 1474 663 per
1513 573 1638 643 hoc
1673 574 1888 647 solum
1932 581 2107 669 quod
2137 602 2245 653 eos
2271 589 2349 652 ut
2373 606 2474 655 re—

176 682 437 773 ligiosos
464 702 599 751 non
622 686 951 773 agnoecot.
978 682 1059 753 Et
1085 685 1353 777 quidem

260 799 525 885 Primo,
564 797 887 887 impedire
914 800 1141 889 nequit
1170 802 1337 891 quin
1361 806 1804 877 communitas
1838 808 1917 879 de
1961 809 2132 882 facto
2155 813 2472 904 possideat

176 916 357 985 bona
404 912 695 983 mobilia.
744 912 911 983 Nam
952 920 1158 1005 potest
1192 918 1341 1008 quis
1370 920 1744 1011 pecuniam,
1777 944 1959 996 resve
1985 925 2140 997 alias
2169 928 2462 1017 mobiles,

176 1028 349 1099 velle
396 1028 547 1095 dare
601 1029 1078 1101 communitati.
1120 1030 1205 1101 Et
1230 1039 1436 1123 potest
1483 1038 1780 1129 superior
1817 1039 1988 1111 dona
2033 1041 2150 1111 illa
2200 1046 2466 1115 nomine

178 1143 675 1213 communitatis
710 1150 1063 1236 acceptare.
1114 1144 1269 1217 Nec·
1292 1157 1498 1251 potest
1545 1154 1873 1225 saecumis
1922 1164 2218 1248 potestas,
2251 1178 2462 1249 quan-

177 1260 421 1327 tumvis
464 1256 749 1329 declaret
786 1278 854 1329 se
900 1260 1233 1351 religiosos
1276 1270 1353 1335 ut
1375 1266 1532 1337 tales
1561 1290 1695 1338 non
1719 1292 2091 1361 agnoscere,
2139 1276 2462 1365 ejusmodi

176 1375 593 1445 donationem
644 1380 711 1443 et
757 1378 1267 1469 acceptationem
1330 1382 1669 1475 impedire.
1745 1383 1948 1457 Porro
1994 1410 2070 1457 ex
2115 1389 2250 1459 solo
2299 1391 2464 1461 facto

178 1491 456 1580 hujusce
502 1479 872 1561 donationis
930 1500 995 1563 et
1044 1498 1522 1590 acceptationis,
1595 1501 1776 1571 bona
1821 1503 1936 1573 illa
1992 1504 2260 1575 mobilia
2311 1526 2462 1576 vere

178 1603 527 1693 possidebit
550 1598 1024 1677 communitas(
1053 1608 1227 1681 Cum
1251 1611 1430 1681 enim
1477 1634 1555 1683 ex
1586 1636 1724 1683 una
1745 1622 1927 1706 parte
1951 1616 2062 1709 jus
2088 1619 2460 1709 possidendi

174 1716 429 1803 haheat,
482 1725 555 1787 ut
594 1720 787 1789 modo
833 1721 1178 1812 probatum
1224 1732 1343 1811 est,
1396 1731 1462 1795 et
1498 1728 1762 1799 aliunde
1808 1752 1950 1801 rem
1991 1732 2214 1803 datam
2256 1739 2322 1803 et
2355 1756 2463 1804 ao·

174 1838 497 1923 captatam
540 1832 625 1906 de
661 1835 824 1905 iacto
874 1842 1105 1926 teneat,
1157 1855 1385 1911 verum
1429 1848 1492 1911 et
1537 1842 1916 1933 legitimum
1938 1844 2305 1917 dominium
2341 1850 2461 1919 ha-

173 1946 333 2016 bete
388 1948 709 2017 censenda
748 1952 893 2022 erit.
942 1951 1119 2043 Ergo
1160 1956 1490 2026 saecularis
1545 1963 1822 2048 potestas
1869 1958 2208 2051 impedire·
2235 1964 2460 2050 nequit

172 2061 339 2150 quin
388 2065 821 2137 communitas
848 2066 1175 2139 bonorum
1220 2072 1576 2143 mobilium
1605 2072 1977 2143 dominium
2020 2074 2148 2144 sibi
2184 2075 2264 2145 dc
2293 2076 2458 2147 facto

170 2178 492 2269 acquirat.
1931 2172 1944 2179 ’

254 2294 591 2378 Secunde,
640 2297 957 2389 impedire
1018 2302 1247 2392 nequit
1294 2303 1460 2394 quin
1507 2304 1874 2377 immobilia
1923 2305 2118 2377 etiam
2161 2306 2334 2377 bona
2379 2308 2458 2376 de

170 2409 327 2479 iacto
363 2411 710 2503 possideat.
760 2412 1082 2505 Equidem
1132 2419 1458 2489 saemlaris
1509 2426 1780 2513 potestas
1807 2420 2130 2512 impedire
2173 2422 2364 2506 valet,
2394 2430 2458 2491 et

168 2546 391 2595 revera
416 2526 619 2597 hodie
636 2528 713 2597 in
732 2526 942 2601 Gallia
965 2533 1242 2624 >aliisque
1279 2536 1660 2624 regionibus
1687 2537 1983 2629 impedit,
2033 2560 2120 2607 ne
2159 2536 2462 2627 religiosa

170 2641 610 2711 communitas
662 2664 701 2713 a
744 2643 886 2735 lege
935 2647 1253 2725 habeatur
1303 2654 1618 2737 tanquam
1669 2670 1942 2738 persona
1997 2651 2287 2733 moraliS,
2339 2651 2456 2720 do—

170 2756 373 2825 minii
402 2778 615 2845 capax.
640 2759 913 2848 Atvero,
954 2784 1089 2833 non
1134 2762 1426 2833 obstante
1474 2760 1586 2831 illa
1623 2760 2070 2853 incapacitate,
2097 2766 2167 2832 in
2200 2764 2460 2851 legibus

164 2890 203 2938 a
256 2876 558 2961 potestate
606 2874 899 2945 soeculeri
946 2897 1265 2968 expressa,
1304 2875 1524 2947 adhuc
1571 2879 1772 2964 potest
1823 2874 2124 2963 religiosa
2155 2896 2460 2943 commu·-

163 2982 332 3055 nitas
382 3009 615 3057 verum
652 2990 1027 3059 dominium
1063 2992 1135 3061 in
1164 2991 1335 3061 bona
1362 2988 1730 3061 immobilia
1774 2988 1852 3058 de
1897 2989 2062 3057 facto
2091 2988 2453 3077 acquirere.

160 3098 333 3169 Nam
360 3122 593 3172 verum
620 3105 991 3175 dominium
1028 3108 1101 3175 in
1150 3128 1293 3175 rem
1340 3104 1748 3177 immobilem
1783 3104 1866 3175 de
1895 3104 2058 3175 facto
2088 3102 2374 3189 habebit,
2400 3108 2456 3174 si

158 3216 367 3306 poscit
416 3240 567 3287 eam
608 3219 697 3289 ito
744 3220 1105 3312 acquirere,
1159 3229 1233 3291 ut
1272 3221 1478 3292 valeat
1519 3220 1864 3291 efficaciter
1909 3226 1972 3289 et
2019 3218 2194 3289 licite
2221 3216 2335 3287 illa
2361 3220 2458 3287 uti

158 3340 225 3401 et
250 3356 379 3425 pro
404 3335 677 3406 arbitrio
703 3337 783 3406 de
824 3338 939 3407 ille
978 3336 1319 3429 disponere
1368 3363 1385 3406 ε
1435 3337 1618 3427 atqui
1662 3335 1730 3405 id
1776 3333 1944 3403 valet
1993 3332 2452 3421 con—inimum,

153 3449 589 3539 quantumvis
637 3474 676 3520 a
728 3451 873 3541 lege
920 3452 1193 3543 incapax
1242 3451 1521 3520 dominii
1572 3450 1976 3520 decernatur.
2027 3448 2194 3519 Nam
2247 3456 2456 3541 potest

149 3562 455 3654 aliquem
520 3587 556 3633 e
610 3566 927 3655 religiosis
1003 3566 1311 3657 deputare
1383 3565 1464 3634 ad
1523 3564 1878 3639 emendum
1947 3563 2156 3655 (verbi
2221 3561 2455 3653 gratia)

148 3700 433 3769 agrum,
480 3682 829 3772 pecuniam
867 3682 949 3753 ad
998 3680 1067 3751 id
1116 3680 1544 3753 necessat-iam
1587 3679 1649 3747 ei
1701 3678 2036 3749 tradendo.
2093 3678 2264 3747 Cum
2307 3696 2458 3745 vero

144 3796 207 3863 is
260 3794 639 3885 religiosus,
680 3818 809 3865 non
848 3818 1029 3869 secus
1070 3818 1151 3867 ac
1194 3796 1470 3889 quilibet
1510 3795 1624 3865 alii
1677 3795 1876 3882 cives,
1927 3814 2150 3867 coram
2193 3793 2332 3883 lege
2374 3792 2462 3861 sit

143 3909 453 3979 dominii
502 3912 883 4002 acquirendi
932 3933 1159 4007 capax,
1218 3914 1478 4005 poterit,
1525 3934 1600 3983 ex
1641 3911 1942 3981 fiacultate
1989 3910 2112 3980 sibi
2162 3908 2243 3977 ad
2299 3908 2367 3977 id
2416 3927 2455 3976 a

140 4024 501 4117 superiore
549 4028 721 4118 daia,
774 4034 1185 4101 contractum
1233 4050 1355 4099 suo
1404 4028 1672 4099 nomine
1720 4027 1914 4114 inire,
1961 4025 2050 4095 ita
2091 4030 2168 4093 ut
2207 4022 2290 4093 ad
2331 4028 2470 4093 ter-

136 4144 375 4212 minos
422 4143 585 4234 legis
623 4145 920 4217 videatur
963 4168 1097 4215 esse
1137 4146 1472 4230 dominus,
1543 4150 1605 4213 et
1655 4148 1730 4211 ut
1779 4141 1952 4231 talis,
2009 4143 2245 4208 attenta
2288 4138 2453 4226 lege,

136 4260 452 4353 reputari
504 4258 751 4330 debeat.
814 4260 1064 4353 Reapse
1105 4268 1325 4331 tamen
1374 4280 1508 4330 non
1549 4259 1690 4349 ipse
1729 4276 1919 4325 verus
1958 4254 2080 4324 erit
2123 4253 2451 4333 dominus,

133 4378 255 4449 scd
310 4380 780 4447 communitas.
827 4376 995 4447 Nam
1036 4400 1189 4447 cum
1221 4376 1358 4469 jam
1408 4377 1491 4447 sit
1531 4372 1875 4467 professuS,
1910 4368 2206 4464 nequivit
2237 4390 2454 4439 coram
