2834 4959
366 395 382 410 .
417 351 541 412 29⁰
971 351 1314 402 micturus
1359 353 1441 400 nn
1486 351 1638 402 suan
1684 349 2105 400 anonumum.

415 493 532 555 est.
563 477 754 548 Unde
795 474 1062 566 quaestio
1107 479 1362 543 tantum
1411 493 1547 542 esse
1584 476 1790 564 potest
1826 468 1909 539 de
1932 468 2299 560 Episcop03
2332 491 2421 539 an
2460 493 2705 564 nempe

414 601 509 668 ita
553 594 760 664 valeat
805 590 958 660 novi
1011 593 1364 658 conventus
1422 588 1815 658 erectionem
1864 585 2257 675 permittere,
2312 607 2431 660 seu
2482 587 2705 658 decer·

417 732 597 798 nere,
653 713 729 776 ut
771 709 1077 796 sequatur
1127 703 1301 773 laesio
1361 701 1851 795 parochialium
1890 698 2161 790 juv-ium
2184 702 2219 768 Ρ
2274 699 2701 793 Raepondoe:

417 825 670 920 quoties
691 844 870 892 nova
890 831 1250 890 conventus
1275 818 1509 889 erectio
1538 815 1725 888 laedit
1750 813 2032 907 aliquod
2054 837 2089 884 e
2118 837 2330 907 supra
2352 833 2704 890 enumera-

423 945 512 1016 tis
523 939 798 1036 juribus
809 935 1338 1030 parochialibus,
1359 946 1583 1027 potest
1599 931 1932 1026 parochus
1953 951 2086 1003 sese
2112 953 2469 1023 opponere,
2496 946 2563 1004 et
2594 957 2705 1025 ap-

411 1057 856 1154 pellationem
864 1051 948 1122 ab
960 1050 1332 1143 episcopali
1347 1049 1752 1120 concessione
1768 1044 2405 1137 interficet-&Estque
2412 1048 2703 1120 doctrina

421 1175 564 1244 hfflc
601 1167 1000 1239 unanimiter
1025 1173 1302 1257 recepta,
1334 1169 1531 1254 atque
1559 1163 1835 1235 omnino
1872 1161 2175 1232 tenenda.
2226 1161 2447 1232 Potest
2492 1171 2700 1234 autem

424 1289 514 1362 sic
537 1285 820 1358 breviter
846 1280 1152 1372 probari:
1185 1278 1412 1370 nequit
1436 1278 1798 1371 Episcopus
1826 1281 2051 1348 contra
2065 1277 2173 1366 ⁸ius
2207 1297 2563 1348 commune
2598 1301 2699 1350 seu

425 1407 651 1476 contra
716 1395 1108 1466 universales
1161 1394 1467 1464 Ecclesiae
1520 1393 1693 1484 legoe
1732 1397 2035 1462 statuere.
2091 1389 2294 1460 Porro
2336 1393 2493 1482 jure
2528 1415 2697 1465 com·

427 1518 617 1592 muni
665 1511 988 1583 sancitum
1039 1517 1156 1598 est,
1209 1523 1294 1580 ne
1351 1531 1519 1580 nova
1576 1513 1938 1580 exstruatur
1990 1508 2151 1599 (sive
2201 1509 2517 1598 regularis
2572 1513 2703 1580 sive

427 1625 781 1718 saecularis)
809 1617 1102 1711 ecclesia,
1141 1647 1294 1694 cum
1342 1626 1495 1717 praej
1506 1625 1722 1696 udicio
1760 1623 2045 1693 alterius.
2082 1622 2192 1694 Sic
2219 1623 2391 1692 enim
2428 1624 2706 1694 habetur

429 1748 636 1842 capite
653 1739 1115 1812 Intelleximus
1159 1740 1251 1831 (1,
1295 1740 1470 1810 tituli
1511 1739 1598 1810 32
1640 1737 1719 1808 de
1754 1739 1934 1810 Novi
1974 1737 2191 1830 operis
2218 1737 2656 1829 nuntiatione)
2688 1766 2702 1805 :

429 1859 654 1938 Nulla
676 1855 948 1927 ecclesia
969 1855 1042 1923 in
1054 1852 1529 1946 praejudicium
1553 1867 1651 1924 est
1668 1853 1950 1924 alterius
1969 1850 2429 1923 construenda.
2450 1851 2589 1924 Hoc
2608 1873 2707 1922 ca·
2796 1907 2798 1948 :

431 1980 592 2071 pite,
633 1973 908 2063 aliisque
969 1969 1308 2040 nonnullis
1361 1970 1641 2041 textibus
1684 1969 1896 2040 innixi
1946 1968 2259 2056 doctores,
2322 1965 2704 2038 unanimiter
2796 1979 2798 1982 ‘

433 2093 696 2164 tradunt
753 2087 1202 2181 praeservauda
1267 2107 1404 2156 esse
1489 2086 1759 2178 parochi
1825 2105 1939 2154 seu
1992 2083 2384 2176 parochialis
2440 2081 2699 2152 ecclaeiae
2797 2147 2798 2170 χ

427 2211 604 2298 jura,
658 2203 821 2270 dum
870 2201 1041 2268 intra
1097 2200 1302 2290 ipsius
1357 2199 1757 2268 territorium
1811 2199 2049 2291 aliquis
2103 2219 2311 2268 novus
2371 2203 2701 2268 conventus

436 2320 726 2410 erigitur,
782 2313 1012 2384 Unum
1073 2319 1186 2381 aut
1238 2314 1519 2382 alterum
1586 2314 2034 2384 adducamus:
2104 2339 2141 2380 c<
2185 2313 2265 2386 In
2318 2311 2699 2384 concedenda

446 2462 480 2504 α
510 2429 897 2524 hujusmodi
945 2428 1204 2498 licentia
1258 2426 1448 2496 debet
1501 2427 1862 2522 Episcopus
1919 2430 2207 2499 maxime
2277 2429 2619 2516 attendere,
2657 2427 2699 2496 si

447 2575 483 2618 e
509 2544 980 2618 monasterium
1039 2548 1151 2612 aut
1219 2541 1481 2613 alterius
1536 2546 1639 2636 cuj
1647 2565 1989 2636 uscunque
2056 2545 2291 2615 erectio
2352 2544 2700 2637 praejudicet

445 2691 478 2732 «ι
509 2659 974 2755 quoquomodo
1015 2658 1298 2728 ecclesiae
1342 2659 1748 2749 parochiali:
1798 2681 1874 2730 eo
1906 2683 2193 2751 namque
2232 2683 2386 2732 casu
2428 2659 2695 2736 assentiri
2794 2701 2796 2712 ·

448 2809 484 2852 α
511 2780 792 2852 minime
828 2776 1067 2857 debet;
1107 2781 1170 2843 et
1220 2779 1443 2845 curato
1498 2776 1653 2846 licet
1700 2777 2173 2860 contradicere,
2234 2777 2697 2866 audiendusque

445 2923 484 2966 ιι
512 2902 608 2968 est
653 2896 726 2964 in
777 2913 894 2962 sua
939 2889 1394 2983 proetensione.
1454 2913 1489 2956 n
1546 2890 1883 2982 (Barbosa,
1944 2892 2023 2962 de
2078 2893 2326 2984 Officio
2376 2891 2695 2986 Episcopi,

441 3016 622 3102 parte
661 3008 735 3093 2,
787 3004 978 3094 alleg.
1013 3004 1126 3089 26,
1172 3026 1240 3073 n.
1291 3003 1393 3094 5.)
1439 3029 1475 3072 α
1513 3005 1587 3076 ln
1643 3007 2058 3078 concedenda
2104 3007 2427 3098 ejusmodi
2468 3005 2697 3078 licentia

449 3153 486 3200 α
512 3125 702 3200 debet
748 3119 1258 3192 animadvertere
1311 3142 1396 3190 ne
1453 3123 1912 3212 praejudicetur
1964 3125 2111 3196 aliis
2160 3124 2445 3196 ecclesiis
2490 3122 2698 3214 (capite

451 3263 488 3308 α
513 3235 850 3323 Ecclesiae,
887 3237 950 3300 et
995 3230 1202 3322 capite
1236 3231 1648 3324 Quicunque,
1684 3234 1795 3322 16,
1830 3257 1898 3326 q.
1925 3235 2014 3325 1),
2047 3235 2403 3328 praesertim
2440 3254 2583 3305 vero
2599 3253 2697 3324 pa·

453 3375 492 3418 a
517 3347 833 3420 rochiali:
867 3366 960 3416 eo-
985 3365 1268 3436 namque
1297 3366 1453 3416 casu
1499 3347 1650 3418 licet
1690 3354 1914 3419 curato
1961 3350 2425 3439 contradicere,
2474 3353 2537 3420 et
2572 3344 2697 3416 aedi·

451 3491 488 3536 ι
515 3465 882 3538 ficationem
944 3460 1282 3552 impedire.
1343 3485 1381 3528 ιο
1436 3461 1924 3553 (Paxjordanus,
1984 3465 2385 3537 Elucubrat.
2452 3465 2690 3540 divers„

443 3583 562 3652 lib.
622 3579 692 3663 5,
747 3577 844 3645 tit.
899 3577 984 3663 8,-
1017 3598 1088 3644 n.
1141 3575 1280 3667 39.)
1315 3577 1648 3648 «Adverte
1677 3580 1751 3648 in
1778 3601 1934 3650 casu
1976 3603 2108 3672 quo
2135 3603 2301 3650 nova
2340 3581 2591 3652 ecclesia
2614 3579 2692 3646 ir·

451 3723 490 3766 α
521 3697 706 3786 rogat
755 3688 1208 3783 praejudicium
1257 3693 1608 3784 parochiae,
1640 3701 1801 3764 tunc
1843 3699 2047 3788 potest
2096 3703 2308 3767 rector
2340 3689 2691 3788 parochialis

453 3837 492 3878 a
521 3826 897 3898 comparere
941 3803 1245 3875 adversus
1291 3829 1529 3878 novam
1574 3811 2147 3896 constructionem,
2194 3819 2257 3880 et
2314 3818 2411 3882 est
2452 3807 2687 3881 audien·

449 3956 490 4002 α
515 3929 660 4002 dus.
713 3950 748 3993 ιι
813 3923 1228 4016 (Laurentius
1272 3925 1352 3996 de
1401 3927 1700 4014 Nicollis,
1742 3931 1987 4000 Praoeis
2032 3931 2379 4019 canonica,
2432 3936 2581 4003 tom·
2634 3925 2683 4002 ¹,

441 4043 544 4114 lit.
599 4043 678 4128 E,
723 4041 767 4133 ξ
822 4042 888 4125 1,
941 4063 1012 4111 n.
1069 4040 1162 4134 7.)
1213 4040 1401 4113 Notet
1464 4045 1687 4130 lector,
1738 4045 1913 4116 hisce
1955 4047 2127 4137 juris
2156 4045 2450 4118 textibus
2482 4051 2535 4116 et
2562 4043 2687 4112 doc·
2790 4117 2792 4122 .

439 4165 664 4230 torum
723 4156 1084 4245 sententiis,
1129 4159 1420 4248 pamelio
1464 4159 1663 4231 tribui
1708 4163 1819 4252 jus
1857 4183 1994 4236 sese
2035 4165 2435 4255 opponendi,
2476 4163 2527 4235 si
2550 4175 2683 4230 nova

443 4271 676 4346 erectio
716 4271 1070 4360 parochiali
1119 4273 1404 4342 ecclesiae
1446 4273 1919 4365 proejudicium
1946 4277 2203 4348 inierat.
2238 4277 2439 4349 Porro
2462 4297 2567 4346 vox
2592 4271 2681 4340 illa

437 4381 903 4476 praejudicium
925 4387 996 4456 in
1021 4386 1100 4456 iis
1122 4388 1399 4459 textibus
1420 4389 1841 4481 intelligenda
1860 4391 2100 4467 saltem
2124 4401 2219 4464 est
2237 4393 2317 4464 de
2344 4387 2675 4486 praejudicio
