2834 4959
1131 373 1280 420 PARS
1327 373 1589 432 QUARTA.
1893 426 1900 431 ,
2371 373 2407 426 5
2418 373 2451 428 7
2464 375 2487 430 1

199 493 508 564 formatio
541 515 560 560 t
618 516 654 558 α
685 468 1034 561 Sancimus
1077 497 1324 561 exteros
1352 494 1728 584 hujusmodi
1770 501 1832 564 et
1864 495 2168 583 advenas,
2202 504 2496 588 quamvis

211 634 250 676 α
285 631 416 680 non
467 607 721 698 liquido
771 612 1020 676 constet
1083 607 1164 676 de
1212 609 1290 678 iis
1338 609 1651 678 omnibus
1703 631 1849 701 quae
1904 611 1971 679 in
2038 615 2509 687 constitutione-

213 753 250 794 «
279 725 510 796 Nostra
533 723 990 814 requiruntur,
1021 729 1236 792 tamen
1267 725 1348 804 si,
1393 725 1731 815 diligentia
1758 725 2073 811 adhibita,
2105 729 2271 797 nihil
2302 751 2496 824 appa-

209 868 250 907 «
285 844 428 910 reat
466 838 636 928 quod
665 858 774 906 eos
800 837 1140 926 impediat,
1186 838 1433 908 habiles
1478 843 1865 931 reputandus
1896 861 2052 910 esse.
2090 867 2125 908 ν»
2160 843 2229 911 2⁰
2266 843 2493 926 Quoad

201 955 594 1024 criminosos
627 976 645 1020 ε
707 977 740 1017 «
785 950 970 1022 Tunc
999 952 1268 1020 demum
1298 953 1364 1022 id
1397 953 1656 1046 (nempe
1682 953 1863 1046 quod
1891 945 2245 1046 statuerat)
2271 958 2491 1028 locum

209 1095 250 1137 a
284 1069 522 1139 habere
565 1067 892 1151 volumus,
921 1073 1003 1135 -et
1041 1087 1176 1135 non
1217 1067 1424 1149 aliter,
1456 1091 1609 1138 cum
1652 1071 1812 1139 actis
1839 1070 2119 1160 publicis
2143 1073 2495 1142 constiterit

211 1213 252 1252 «
285 1187 456 1275 ipsos
491 1183 744 1275 judices
770 1187 832 1249 et
875 1181 1128 1250 curiam
1173 1183 1572 1269 saecularem,
1622 1191 1769 1254 ante
1798 1185 2271 1277 susceptionem
2301 1188 2492 1259 habi-

211 1329 252 1368 «
287 1306 390 1370 tus
433 1300 518 1370 de
545 1297 688 1391 ipso
726 1296 1003 1366 crimine
1057 1295 1366 1366 adversus
1414 1317 1521 1368 eos
1572 1301 2048 1370 accusationem
2110 1303 2491 1394 suscepisse,

216 1443 256 1482 α
290 1414 384 1485 vel
421 1414 908 1506 inquisitionem
941 1411 1320 1481 instituisse.
1352 1436 1389 1477 ι)
1440 1411 1507 1482 3“
1531 1412 1757 1495 Quoad
1789 1415 2103 1486 moniales
2136 1439 2151 1485 :
2210 1441 2245 1483 α
2270 1417 2429 1500 Quae
2456 1439 2495 1486 a

217 1559 258 1600 α
288 1530 472 1600 nobis
517 1531 690 1601 circa
725 1528 1064 1618 religiosos
1111 1527 1284 1595 viros
1329 1529 1400 1596 in
1450 1529 1713 1620 prael’ata
1754 1532 2210 1602 constitutione
2250 1536 2495 1603 sancita

217 1672 258 1714 α
291 1654 463 1733 sunt,
484 1668 559 1716 ea
585 1664 998 1736 nequaquam
1021 1643 1330 1712 volumus
1353 1644 1433 1713 ad
1454 1645 1769 1714 moniales
1794 1668 1973 1715 nunc
1996 1647 2273 1717 extendi.
2318 1673 2355 1714 ³>

303 1762 623 1831 Moderata
679 1760 870 1828 etiam
926 1760 1050 1827 fuit
1076 1756 1179 1826 lex
1211 1755 1369 1826 Sixti
1416 1756 1479 1828 V
1506 1759 1719 1849 quoad
1746 1761 2178 1832 exclusionem
2228 1764 2495 1854 illegiti-

211 1895 482 1949 morum
529 1875 612 1944 ab
659 1876 952 1964 ingressu
999 1875 1361 1962 religionis.
1415 1873 1683 1944 Sublata
1710 1897 1953 1986 nempe
1994 1877 2117 1947 fuit
2164 1877 2497 1970 dispositio

211 1993 362 2058 haec
404 2009 444 2056 a
467 1987 778 2079 Gregorio
817 1987 994 2076 xlv,
1025 1997 1086 2057 et
1115 1989 1457 2058 reductum
1483 1991 1597 2080 jus
1645 2010 1993 2059 commune
2018 1997 2205 2060 antea
2239 1993 2495 2084 vigens,

171 2153 178 2158 -
211 2123 336 2193 per
353 2105 870 2173 constitutionem
897 2103 1386 2195 Circumspecta
1405 2103 1631 2195 (quam
1650 2103 1723 2172 in
1742 2111 1999 2174 extenso
2022 2105 2303 2196 reperies
2325 2104 2495 2196 apud

211 2218 724 2310 Tamhurinum,
776 2219 856 2289 de
878 2223 1036 2288 Iure
1075 2219 1427 2307 abbatum,
1466 2226 1627 2292 tom.
1672 2219 1741 2309 3,
1792 2222 1959 2315 disp.
2012 2222 2082 2309 6,
2132 2222 2213 2291 ad
2254 2223 2495 2292 calcem

216 2335 490 2427 quoesiti
503 2337 593 2430 4).

303 2450 420 2520 His
469 2451 842 2543 praemissis,
895 2451 1105 2542 capita
1149 2451 1230 2519 de
1282 2450 1529 2543 quibus
1582 2453 1970 2544 interrogari
2016 2453 2257 2524 debent
2312 2459 2498 2523 testes

213 2567 630 2657 possunthoc
658 2567 850 2635 modo
881 2566 1302 2636 determinari
1343 2589 1363 2635 z

311 2684 374 2752 1⁰
407 2682 696 2767 Quinam
715 2683 852 2752 sint
867 2681 1284 2774 postulantis
1299 2683 1655 2774 parentes?
1676 2719 1759 2733 -—
1782 2683 1847 2749 2⁰
1878 2687 2199 2765 Quoenam
2218 2686 2361 2772 ejus
2372 2709 2500 2776 pa·

219 2795 412 2864 tria?
434 2833 524 2848 -—-
546 2794 616 2865 3⁰
650 2797 858 2879 Quem
879 2818 945 2864 se
967 2793 1333 2886 praebuerit
1357 2793 1509 2862 vita
1534 2803 1599 2861 et
1627 2791 1963 2860 moribus?
1991 2832 2081 2846 -—
2102 2795 2171 2861 4⁰
2201 2795 2308 2862 An
2331 2797 2499 2864 actis

207 2911 494 3002 publicis
517 2922 795 2999 constet,
821 2932 971 2978 eum
1011 2921 1400 2979 acctcsatum
1437 2920 1561 2977 aut
1586 2907 1980 2998 inquisitum
2004 2907 2237 2998 fuisse,
2268 2908 2349 2976 ob
2377 2909 2501 2980 ali-

213 3027 398 3118 quod
428 3027 890 3108 homicidium,
926 3026 1220 3117 furtum,
1255 3025 1707 3110 latrocinium,
1759 3023 1865 3092 vel
1898 3023 2040 3092 alia
2081 3022 2331 3092 similia
2376 3039 2501 3094 aut

213 3144 530 3234 qraviora
557 3143 838 3212 crimina
855 3145 892 3210 ?
915 3143 1092 3212 —50
1118 3146 1228 3211 An
1251 3142 1340 3212 sit
1367 3141 1629 3233 inqenti
1655 3161 1784 3210 oerc
1806 3139 2027 3208 alieno
2049 3150 2403 3230 qravatus,
2436 3151 2501 3209 et

214 3257 526 3327 solvendo
564 3260 838 3350 impar?
860 3293 950 3310 -
973 3257 1044 3326 6⁰
1086 3259 1194 3326 An
1221 3258 1547 3327 obnoxius
1594 3255 1684 3325 sit
1729 3251 2075 3324 reddendae
2097 3255 2353 3324 rationi
2373 3277 2501 3347 pro

217 3375 448 3464 aliqua
475 3372 1096 3456 administrationoe
1119 3372 1226 3449 ita
1265 3384 1348 3440 ut
1358 3383 1721 3465 propterea
1746 3371 1864 3441 lite
1890 3381 2015 3438 aut
2030 3372 2339 3442 molestia
2372 3371 2499 3441 ali-

217 3511 351 3580 qua
377 3489 482 3560 hic
507 3501 573 3560 et
600 3512 778 3559 nunc
787 3500 1168 3580 prematur,
1202 3487 1311 3557 vel
1334 3509 1416 3556 ne
1439 3499 1794 3578 prematur
1815 3484 2179 3556 timendum
2210 3489 2453 3555 habeat
2469 3491 2503 3553 Ρ

214 3643 308 3656 -
333 3606 400 3672 ⁷⁰
423 3607 530 3674 An
547 3604 941 3697 reliqionem
959 3601 1232 3695 'inqredi
1248 3601 1413 3671 velit
1432 3624 1515 3670 ea·
1530 3601 1763 3694 aliquo
1787 3601 2083 3670 humano
2106 3601 2356 3668 motivo
2365 3619 2395 3684 ,·
2414 3622 2503 3668 an
2634 3669 2641 3680 ,

217 3743 370 3790 vero
420 3743 502 3789 eae
542 3718 912 3790 devotionis
952 3717 1314 3813 etpictatis
1331 3717 1633 3809 impulsu
1650 3721 1685 3784 Ρ
1704 3757 1793 3770 -
1826 3719 1894 3788 8⁰
1932 3719 2037 3786 An
2060 3727 2501 3810 spontaneum

211 3836 308 3904 sit
326 3835 448 3900 hoc
466 3835 678 3924 ipsius
691 3834 1134 3926 inqrcdiendoe
1150 3833 1503 3926 reliqionis
1524 3836 1945 3926 propositum
1956 3840 1991 3903 Ρ
2008 3834 2171 3922 Istae,
2201 3835 2495 3924 inquam,

215 3957 282 4018 et
310 3967 442 4016 non
479 3947 624 4015 aliae
651 3950 1186 4040 interrogationes
1209 3949 1517 4019 iaciendae
1544 3957 1721 4034 sunt,
1738 3950 2144 4040 attentojure
2166 3946 2505 4018 communi

209 4062 530 4156 positivo,
553 4067 618 4130 et
633 4063 1061 4135 abstrahendo
1085 4086 1121 4134 a
1129 4067 1278 4156 iure
1299 4065 1581 4135 naturali
1600 4071 1663 4134 et
1680 4085 1719 4134 a
1732 4067 1881 4156 jure
1903 4064 2281 4156 particulari
2306 4061 2499 4132 variis

219 4179 536 4270 religiosis
563 4178 926 4250 ordinibus.
963 4179 1352 4251 Necessariae
1380 4185 1599 4249 autem
1648 4185 1823 4266 sunt,
1878 4187 1953 4247 ut
1986 4199 2183 4271 supra
2200 4177 2497 4247 ostendi-

221 4315 394 4378 mus,
421 4315 555 4364 non
583 4295 664 4364 ad
689 4293 1140 4380 validitatem,
1164 4296 1275 4365 sed
1297 4301 1553 4364 tantum
1576 4293 1656 4363 ad
1676 4291 2033 4363 liceitatem
2056 4294 2495 4380 admissionis,

217 4413 284 4478 et
305 4414 378 4478 ut
402 4408 692 4482 vitentur
713 4433 922 4503 poenoe
949 4411 1021 4480 in
1049 4409 1412 4502 superiores
1438 4409 1985 4481 contravenientes
2011 4410 2177 4481 latae.
