2834 4959
370 357 491 413 188
948 363 1287 412 TRACTATUS
1334 365 1412 412 DE
1451 367 1601 414 sum-3
1645 367 2062 412 REGULARIL‘M.

361 507 565 578 supra
590 485 857 577 scriptis
884 486 1496 572 constitutionibus,
1546 487 1954 556 auctoritate
2001 489 2051 554 A
2055 485 2388 577 postolica
2417 499 2642 556 tenore

360 601 792 694 praesentium
815 613 1133 694 perpetuo
1160 601 1476 694 eriqimus
1511 615 1574 670 et
1601 601 2072 686 instituimus;
2098 623 2178 670 ac
2204 599 2464 670 easdem
2489 624 2644 672 con-

366 716 745 784 stitutiones
792 717 1247 807 praeinsertas,
1288 739 1444 786 cum
1502 716 1808 786 omnibus
1835 728 1900 784 et
1920 715 2206 806 sinqulis
2241 715 2320 784 in
2359 717 2451 784 eis
2480 739 2645 786 con-

370 832 587 902 tentis.
603 881 620 900 .
632 881 649 900 .
662 883 681 920 ,
700 833 1175 924 confirmamus
1201 844 1265 901 et
1286 833 1770 926 approbamus,

454 950 744 1021 Tandem
766 951 1065 1021 Clemens
1089 951 1208 1038 XI,
1238 952 1696 1021 constitutione
1719 951 1832 1017 Ex
1846 947 2092 1032 debito,
2117 948 2158 1018 3
2183 947 2404 1038 aprilis
2433 949 2640 1034 1710,

368 1067 661 1136 eamdem
682 1067 1249 1156 congregationem
1270 1067 1470 1135 erexit
1496 1067 1567 1134 in
1601 1085 1827 1134 veram
1854 1087 1933 1134 ac
1968 1063 2331 1156 formalem
2383 1064 2650 1156 reliqio·

371 1205 546 1267 nem,
574 1203 688 1251 seu
716 1184 784 1250 in
839 1181 1139 1251 ordinem
1177 1180 1582 1274 reliqiosum.
1615 1180 1830 1272 HuJ'us
1857 1178 2220 1271 plurimum
2247 1181 2652 1249 attendendae

374 1297 844 1367 constitutionis
929 1297 1261 1389 praecipua
1362 1297 1573 1388 capita
1675 1297 2064 1386 subjicimus
2117 1317 2138 1363 z
2230 1295 2654 1363 Innocentius

374 1415 569 1505 Papa
600 1414 779 1482 ΧΙ...
825 1411 1436 1504 supplicationibus
1465 1409 1696 1480 dilecti
1721 1410 1858 1502 filii
1880 1408 2186 1479 Roderici
2215 1433 2259 1478 a
2291 1411 2500 1478 Cruce
2518 1411 2660 1502 (qui

380 1541 540 1595 tunc
562 1525 657 1595 ad
682 1528 947 1596 almam
976 1528 1239 1598 Urbem·
1252 1578 1329 1614 ..‚
1358 1550 1489 1618 pro
1508 1525 1885 1618 expetenda
1907 1525 2188 1598 illarum
2217 1526 2662 1614 confraterni-

378 1655 601 1712 tatum
628 1644 948 1714 erectione
974 1643 1046 1712 in
1076 1665 1307 1712 veram
1335 1654 1401 1726 et
1427 1643 1806 1734 reliqiosam
1834 1639 2524 1732 conqreqationem...)
2547 1640 2655 1708 be-

380 1753 581 1846 niqne
606 1753 997 1840 inclinatus,
1028 1755 1279 1824 dictam
1306 1754 1927 1846 confraternitatem
1955 1775 2069 1821 seu
2078 1753 2472 1836 ‚societatem
2501 1773 2656 1820 con-

368 1871 674 1959 fratrum
720 1870 1329 1940 Bethlemitarum..
1345 1923 1392 1960 .‚
1455 1871 1528 1939 in
1582 1869 2184 1961 conqreqadonm,
2247 1867 2372 1936 sub
2399 1866 2658 1958 ·re9ula

384 1987 461 2054 S.
490 1986 871 2076 Auqustini,
894 1987 1016 2056 sub
1056 1987 1452 2078 quibusdam
1473 1985 2056 2056 constitutionibus
2093 1983 2488 2076 Apostolica
2511 2004 2664 2050 aue·

386 2099 657 2169 toritate
670 2114 989 2193 perpetuo
1023 2102 1235 2170 erexit
1256 2113 1320 2170 et
1341 2103 1670 2170 instituit.
1685 2153 1701 2171 .
1717 2154 1732 2168 .
1767 2101 1940 2170 Cum
1963 2111 2216 2184 autem,
2241 2100 2414 2169 sicut
2439 2097 2662 2166 dilecti

382 2214 574 2302 filii..
591 2267 606 2283 .
637 2228 1043 2306 procurator
1057 2217 1407 2306 qeneralis‚
1452 2229 1598 2285 et...
1621 2228 2024 2308 procurator
2049 2216 2122 2284 in
2143 2215 2352 2297 curia,
2379 2213 2662 2306 ejusdem

386 2309 915 2420 conqreqationis
930 2331 1199 2400 nomine
1216 2330 1422 2404 Nobis
1441 2353 1654 2423 nuper
1663 2332 2210 2422 exponifecerunt
2220 2350 2252 2415 ;
2265 2330 2580 2422 quamvis
2599 2331 2664 2396 in

386 2443 773 2534 hujusmodi
792 2467 1020 2514 eorum
1040 2446 1347 2539 reliqiosa
1382 2447 1890 2540 conqreqatione
1911 2447 2198 2539 sinqula
2223 2467 2375 2538 quoe
2394 2467 2585 2515 veros
2610 2457 2664 2512 et
2786 2434 2787 2455 ¹

380 2561 698 2648 formales
716 2559 941 2652 decent
963 2562 1325 2653 requlares.
1340 2613 1355 2631 .
1368 2612 1384 2628 .
1412 2562 1976 2655 adimpleantur..
1991 2613 2006 2630 .
2025 2562 2522 2647 mihilominus
2547 2560 2665 2658 ipsi

392 2687 785 2767 exponentes
804 2677 1022 2768 ipsam
1040 2699 1267 2746 eorum
1284 2679 1863 2770 conqreqationem
1889 2679 1960 2747 in
1981 2700 2208 2746 veram
2228 2689 2295 2746 et
2308 2678 2664 2768 formalem
2784 2717 2785 2728 κ

394 2789 781 2881 reliqionem
798 2792 903 2883 (in
925 2814 1082 2883 qua,
1106 2813 1243 2862 non
1266 2805 1426 2862 vota
1443 2793 1815 2886 simplicia,
1839 2805 1919 2860 ut
1943 2791 2022 2861 de
2035 2793 2384 2885 praesenti,
2413 2792 2542 2862 sed
2557 2815 2664 2861 ex-

382 2928 617 2997 pressa
655 2920 721 2976 et
740 2907 1094 2994 solemnia,
1120 2899 1294 2976 sicut
1320 2911 1395 2978 in
1421 2920 1713 3000 quatuor
1739 2907 2270 2978 Mendicantium
2305 2907 2662 2994 ordinum,

394 3022 767 3114 caeterisque
780 3021 1171 3115 approbatis
1187 3021 1643 3114 reliqionibu3‚
1657 3023 2084 3114 inposterum
2097 3021 2185 3090 ab
2203 3023 2526 3093 omnibus
2533 3043 2665 3114 per-
2782 3081 2783 3120 3

390 3148 592 3226 petuo
616 3138 1069 3228 profiteantur
1075 3157 1107 3222 ;
1130 3137 1233 3238 ita
1261 3151 1339 3206 ut
1360 3137 1436 3205 in
1446 3149 1794 3229 posterum
1833 3135 2028 3204 dictoe
2055 3138 2567 3228 conqreqationi
2581 3159 2666 3204 re·
2781 3125 2783 3153 ¹

399 3251 673 3341 liqionis
692 3266 757 3322 et
775 3251 1051 3342 ordinis,
1078 3254 1241 3346 ipsis
1264 3275 1417 3322 vero
1439 3253 1766 3346 fratribus
1783 3252 1958 3321 illud
1999 3252 2292 3344 reliqiosi
2315 3265 2378 3322 et
2401 3255 2553 3322 veri
2572 3275 2656 3321 re-

398 3367 657 3456 qularis
706 3391 944 3438 nomen
970 3369 1325 3460 respective
1356 3369 1814 3459 conveniat)...
1845 3367 1928 3437 de
1973 3391 2145 3438 novo
2179 3391 2301 3460 per
2327 3371 2469 3442 Nos
2491 3369 2662 3461 eriqi,

396 3483 764 3574 approbari
774 3487 1239 3577 etconfirmari
1255 3485 1639 3577 plurimum
1659 3485 2065 3556 desiderent:
2081 3488 2243 3558 Nos.
2255 3535 2269 3551 .
2286 3537 2301 3553 .
2312 3489 2664 3578 praefatam

398 3600 972 3690 conqreqationem
996 3601 1546 3670 Bethlemitarum
1565 3602 1638 3669 in
1657 3623 1884 3670 veram
1901 3600 2294 3690 reliyionem
2312 3603 2498 3692 (cum
2515 3598 2666 3668 votis
2777 3633 2779 3636 <

398 3713 821 3800 solemnibus,
853 3737 935 3782 ex
960 3716 1221 3805 inteqro
1242 3717 1450 3784 etiam
1476 3714 1564 3784 ab
1597 3715 1704 3803 iis,
1735 3715 1854 3807 qui
1895 3714 2213 3784 kactenus
2253 3727 2414 3783 vota
2438 3715 2660 3807 hujus-

401 3827 679 3898 modiin
703 3825 930 3897 eadem
950 3831 1456 3921 conqreqatione
1475 3830 1860 3919 emiserunt,
1887 3829 2266 3900 emittendis
2283 3852 2309 3912 ‚·
2332 3830 2434 3898 ita
2457 3843 2658 3899 tamen

400 3956 475 4012 ut
492 3967 667 4014 nova
688 3957 845 4014 vota
864 3944 1139 4014 emitten
1147 3958 1237 4016 tes
1245 3998 1263 4034 ,
1265 3946 1474 4038 prius
1493 3945 1573 4016 de
1591 3945 1954 4038 inefficacia
1958 3943 2478 4037 praecedentium
2491 3955 2656 4012 voto-

401 4081 553 4128 rum
576 4061 671 4129 ad
692 4060 1179 4132 constituendos
1202 4085 1309 4132 eos
1334 4085 1522 4137 veros
1549 4061 1886 4153 reliqiosos
1910 4063 2369 4154 certioremur)
2395 4056 2662 4130 auctori·

402 4187 540 4245 tate
563 4178 970 4268 Apostolica‚
993 4191 1213 4249 tenore
1238 4179 1680 4272 praesentium
1695 4190 2024 4271 perpetuo
2050 4177 2374 4284 eriqimus
2393 4189 2458 4247 et
2484 4171 2658 4245 insti·
2773 4267 2775 4280 Ι

411 4293 684 4361 tuimus.

348 4383 375 4413 ³
497 4407 665 4477 Bene
698 4409 983 4478 advertat
1027 4411 1227 4480 lector
1282 4409 1658 4480 institutum
1701 4410 1870 4478 illud
1918 4408 2451 4478 Bethlemitarum
2493 4397 2660 4472 initio
