2834 4959
1113 370 1265 418 uns
1308 371 1603 420 stonum.
2361 367 2484 424 277

200 519 241 560 α
272 497 343 562 et
374 493 539 564 locis
584 515 787 562 novos
828 492 1203 584 hujusmodi
1234 493 1576 586 erigendos
1611 502 1992 580 conventus,
2035 495 2174 564 sine
2211 495 2486 568 aliorum

198 634 235 674 ι
265 608 680 678 detrimento
716 609 1057 678 commode
1080 609 1426 679 sustentari
1453 629 1718 700 posse...
1753 609 2021 678 irritum
2054 610 2490 684 nihilominus

193 751 231 792 ι
266 731 339 794 et
398 725 603 794 inane
678 723 1095 792 decernentes
1148 723 1473 815 quidquid
1531 745 1802 792 secus...
1877 725 2220 816 contigerit
2275 735 2492 796 atten-

194 867 237 908 ι
274 841 435 912 tari.
490 864 527 906 ›>
578 837 721 908 Hoc
744 839 881 908 nixi
919 845 1117 924 textu,
1148 839 1243 908 sic
1268 839 1542 908 tidenter
1567 847 2106 929 argumentantur
2135 843 2320 912 dictae
2347 846 2490 936 opi*

190 956 431 1025 nionis
456 956 713 1046 patroni
741 976 760 1023 z
790 953 989 1024 verbe
1014 955 1156 1026 haec
1184 963 1251 1023 et
1286 954 1441 1022 aliis
1476 954 1784 1024 interesse
1827 955 2238 1042 habentibus,
2269 961 2494 1050 procul

198 1065 421 1136 dubio
460 1066 805 1154 designent
840 1071 1127 1152 caeteros,
1176 1071 1411 1156 praeter
1459 1065 1814 1156 regulares,
1863 1068 1978 1158 qui
2027 1069 2327 1138 interesse
2373 1071 2494 1140 ha-

206 1181 427 1266 bent3
479 1182 651 1270 atqui
700 1180 781 1248 de
826 1181 1065 1250 horum
1108 1201 1387 1250 numero
1433 1187 1528 1250 est
1571 1182 1932 1272 parochus3
1981 1203 2134 1274 ergo
2173 1185 2495 1276 parochus

208 1295 557 1367 vocandus
596 1301 660 1364 et
704 1296 1067 1366 audiendus
1110 1301 1226 1366 est.
1278 1295 1727 1388 Respondetur
1770 1300 2043 1367 omnino
2089 1299 2312 1370 selsam
2361 1321 2496 1372 esse

208 1411 572 1502 majorem.
601 1409 937 1480 Nimirum
974 1411 1163 1482 dictae
1204 1433 1388 1481 voces
1425 1434 1558 1482 non
1585 1413 1922 1502 designant
1948 1425 2234 1501 coeteros,
2270 1431 2500 1506 praeter

204 1526 555 1616 regulares
578 1551 595 1610 ;
628 1527 739 1596 sed
760 1527 1107 1618 designent
1130 1538 1397 1597 coeteros
1421 1530 1786 1620 requlares,
1818 1531 1934 1620 qui
1959 1530 2084 1599 sub
2107 1531 2416 1622 primum
2435 1539 2500 1604 et

192 1654 733 1733 procuratorum
763 1644 1029 1712 nomine
1060 1663 1193 1712 non
1216 1645 1884 1735 comprehenduntur,
1915 1646 2138 1735 quales
2179 1653 2330 1716 sunt
2358 1649 2499 1718 Ab·

198 1757 423 1846 haten,
454 1755 912 1842 provinciales,
940 1757 1323 1840 Guardiani,
1362 1767 1486 1828 etc.
1519 1758 1836 1828 Probatur
1860 1758 1964 1828 id:

300 1874 377 1942 1⁰
422 1875 535 1942 Ex
563 1873 1064 1963 qrammaticali
1088 1896 1307 1942 sensu.
1346 1891 1444 1925 ··--
1470 1873 1673 1957 Dum,
1711 1875 2106 1943 enumeratis
2143 1874 2500 1964 aliquibus,

210 1989 485 2058 additur
506 2001 575 2057 et
618 1987 803 2070 aliis,
850 1988 957 2058 isti
994 1989 1132 2070 elii,
1170 1990 1235 2057 vi
1274 2009 1498 2058 sensus
1526 1985 2058 2078 grammaticalia,
2096 1988 2502 2077 intelligendi

206 2111 381 2174 sunt
420 2104 717 2196 ejusdem
761 2103 995 2194 speciei
1046 2125 1123 2173 ec
1162 2105 1305 2193 jam
1356 2105 1756 2188 enumerati3
1801 2103 1916 2173 sed
1957 2104 2318 2172 enumerati
2365 2103 2506 2173 fue·

206 2226 371 2290 rant
398 2218 609 2309 aliqui
656 2227 1096 2290 conventuum
1141 2217 1502 2309 superiores
1526 2226 1589 2288 et
1627 2219 1958 2298 officiales,
1987 2239 2226 2308 nempe
2247 2217 2504 2310 priores

204 2343 269 2405 et
326 2345 841 2426 procwatores;
886 2353 1043 2420 ergo
1092 2333 1323 2402 edditae
1360 2353 1546 2401 voces
1591 2345 1655 2400 et
1691 2333 1841 2402 aliis
1875 2331 2312 2422 intelligendae
2351 2334 2506 2398 sunt

206 2451 287 2520 de
339 2450 589 2520 caeteris
638 2435 1083 2517 conventuum
1132 2447 1580 2540 superioribus
1607 2455 1670 2517 et
1701 2447 2116 2530 officialibus,
2150 2445 2266 2538 qui
2301 2446 2369 2513 vi
2401 2445 2505 2514 sui

212 2563 527 2636 muneris
550 2563 725 2633 adid
756 2565 1063 2634 interesse
1093 2563 1355 2632 babent.
1392 2562 1476 2632 Et
1517 2567 1799 2644 notetur,
1833 2563 2136 2634 mutilam
2161 2567 2224 2630 et
2255 2559 2508 2630 insuffi-

216 2680 509 2749 cientem
542 2678 831 2748 iuturnm
876 2678 1100 2762 fuisse,
1132 2677 1347 2768 quoad
1394 2679 1744 2766 regulareS,
1793 2675 2124 2746 Pontificis
2163 2695 2509 2744 enumera-

226 2797 511 2878 tionem,
542 2796 595 2862 si
621 2794 937 2864 vocandos
968 2795 1277 2862 duntaxat
1302 2791 1605 2860 edixisset
1634 2789 1898 2880 priores
1921 2795 1986 2856 et
1995 2800 2466 2879 procuratores
2481 2811 2508 2870 ,·

226 2910 393 3002 quin
418 2908 603 2978 multi
648 2917 805 2980 sunt
846 2917 1202 2978 conventus
1244 2909 1385 2999 qui,
1431 2927 1562 2975 non
1593 2927 1628 2972 a
1661 2901 2030 2996 prior-ihm,
2063 2903 2176 2970 sed
2201 2923 2238 2968 a
2273 2899 2517 3002 diversi

224 3017 521 3086 nominis
584 3016 1028 3107 superioribus
1082 3022 1424 3104 reguntur.
1493 3011 1652 3080 ltem
1713 3011 1932 3099 plures
1982 3011 2336 3076 conventus
2391 3029 2509 3098 pro

220 3132 531 3224 gerendis
584 3133 857 3222 negotiis
894 3130 1422 3224 procuratoribus
1465 3149 1598 3198 non
1623 3133 1902 3195 utuntur
1931 3150 1949 3210 ;
1980 3125 2068 3192 ita
2097 3128 2169 3190 ut
2197 3123 2344 3213 (pro
2395 3141 2510 3189 ve-

222 3250 485 3318 riorum
510 3247 821 3316 ordinum
860 3243 1458 3334 constitutionibus)
1490 3243 1587 3312 vel
1615 3243 1695 3312 ad
1749 3247 2103 3310 conventus
2143 3237 2512 3330 praelatum,

228 3364 337 3432 vel
378 3363 455 3432 ad
500 3363 889 3456 capitulum,
930 3362 1031 3431 vel
1082 3362 1161 3430 ad
1208 3361 1461 3450 aliquos
1497 3358 1654 3428 alios
1689 3356 1990 3426 officiales
2033 3355 2344 3446 pertineat
2392 3375 2508 3422 no-

228 3481 413 3548 mine
440 3485 799 3548 conventus
824 3499 1039 3567 agere,
1070 3481 1434 3545 contractus
1459 3475 1648 3558 inire,
1683 3481 1746 3540 et
1771 3472 1898 3540 alia
1915 3472 2234 3558 ejusmodi
2262 3467 2514 3558 negotia

222 3595 557 3688 expedire.
590 3593 725 3663 Hos
746 3613 901 3682 ergo
924 3599 997 3662 ut
1022 3588 1596 3683 comprehenderet
1647 3585 1932 3658 Pontifex
1971 3585 2242 3666 addidit,
2269 3594 2334 3649 et
2357 3580 2514 3649 aliis

224 3711 545 3782 inter-‘esse
566 3708 985 3778 habentibus.
1021 3705 1337 3776 Probatur
1366 3731 1382 3774 z

322 3827 391 3894 2⁰
426 3828 541 3894 Ex
560 3825 803 3894 ultimo
816 3825 1139 3915 phraseos
1160 3819 1482 3890 membro,
1509 3857 1600 3872 ——
1627 3817 1928 3888 Decernit
1947 3815 2190 3906 quippe
2217 3810 2507 3880 Pontifex

232 3941 679 4014 concedendas
728 3940 811 4028 ab
848 3938 1185 4031 Episcopis
1214 3957 1345 4006 non
1392 3957 1530 4005 esse
1555 3933 1863 4017 licentias,
1910 3955 1944 4000 α
1995 3929 2114 3998 nisi
2153 3925 2511 3994 constiterit

236 4081 275 4122 α
302 4075 515 4126 novos
560 4054 935 4147 hujusmodi
990 4051 1329 4142 erigendos
1370 4055 1726 4120 conventus
1781 4046 1918 4115 sine
1977 4041 2273 4111 aliorum
2321 4039 2514 4107 detri-

238 4197 281 4236 ι
308 4177 533 4240 mento
580 4170 925 4242 commode
962 4166 1305 4238 sustentari
1360 4187 1566 4256 posse.
1621 4189 1656 4228 »
1715 4161 1890 4230 Dum
1933 4159 2028 4227 ibi
2075 4157 2311 4225 dicitur
2348 4153 2512 4222 alio-

236 4309 413 4375 rum,
442 4286 731 4378 protecto
752 4281 1247 4374 intelligendum
1292 4287 1387 4351 est
1402 4289 1876 4363 conventuum,
1901 4295 2016 4365 per
2041 4271 2510 4365 oppositionem

242 4403 321 4472 ed
366 4425 603 4474 novos.
653 4401 959 4472 Attendat
1010 4405 1227 4470 autem
1277 4399 1502 4486 lector,
1555 4399 1697 4488 post
1749 4393 1862 4460 bes
1905 4411 2090 4460 voces
2137 4390 2274 4459 sine
2319 4385 2513 4456 detri-
