2834 4959
1049 403 1199 452 PAns
1244 405 1511 454 SECUNDA
1519 436 1534 453 .
2279 432 2282 439 ·
2303 401 2338 456 2
2349 406 2382 457 5
2393 403 2426 457 5

1208 595 1379 687 ἓν.

185 740 259 790 lus
297 737 590 802 particulare
602 736 759 788 ltaliae
799 741 850 788 et
883 737 1218 800 adjacentium
1260 739 1544 790 insultu-um
1582 739 1747 804 quoad
1773 744 2071 805 requisitum
2099 745 2152 795 in
2183 745 2429 808 erigendis

686 829 1016 880 convenubus
1038 827 1171 880 sedis
1194 827 1491 894 Apostolicae
1518 829 1906 893 heneplacitum.

271 987 319 1055 1.
354 985 515 1068 Ouid
536 987 849 1054 statuerit
877 987 1299 1055 Innocentius
1328 988 1413 1075 X,
1457 987 1528 1055 in
1557 988 2030 1058 constitutione
2055 989 2432 1060 Instauran-

189 1105 309 1188 dae,
347 1104 504 1171 anni
533 1101 731 1171 1652.
769 1139 859 1153 —
894 1101 1107 1188 Hujus
1144 1102 1412 1172 celebris
1439 1103 1636 1172 bullae
1663 1103 1998 1206 historiam
2037 1107 2174 1174 fuse
2211 1108 2432 1177 retulit

189 1217 511 1307 Fagnanue
544 1217 635 1310 (in
667 1222 864 1308 caput
886 1217 1223 1303 Relatum,
1252 1239 1337 1286 ne
1366 1218 1588 1287 clerici
1625 1218 1734 1286 vel
1761 1219 2136 1311 monack2);
2169 1224 2280 1310 qui
2307 1223 2430 1292 hac

189 1332 265 1398 de
288 1353 351 1400 re
372 1333 511 1402 scite
529 1327 805 1402 omniuo
820 1332 1097 1430 scribere
1116 1335 1350 1423 potuit,
1376 1355 1534 1402 cum
1557 1335 1693 1424 ipse
1720 1335 2110 1425 praecipuam
2135 1357 2422 1426 operam,

190 1453 319 1516 tum
352 1447 765 1538 compilandae
794 1449 1259 1533 constitutioni,
1304 1453 1444 1518 tum
1493 1449 1797 1538 urgendae
1823 1450 2028 1540 ipsius
2069 1455 2422 1521 executioni

183 1564 502 1633 novaverit.
533 1562 607 1630 ln
650 1583 727 1632 ea
751 1569 965 1630 autem
998 1561 1177 1631 bulla
1219 1564 1590 1633 decernitur
1620 1565 1693 1635 in
1728 1566 1905 1634 hune
1939 1566 2204 1635 modum
2238 1588 2254 1634 ε
2289 1571 2427 1636 Hoc

180 1691 477 1771 perpetuo
480 1675 907 1770 prohibemus
921 1675 1154 1763 edicto,
1168 1699 1249 1746 ne
1262 1675 1562 1768 deinceps
1571 1679 1818 1769 aliquis
1828 1680 2244 1769 requlavium
2255 1681 2428 1751 ordi·

180 1817 353 1882 num,
370 1791 897 1863 mendicantium
913 1793 1023 1860 vel
1040 1815 1177 1860 non
1190 1791 1736 1878 mendicantium,
1763 1796 2313 1885 conqreqationis,
2331 1819 2430 1866 so-

182 1910 453 1987 cietatis,
490 1921 550 1976 et
576 1909 865 2000 cujusvis
892 1909 1169 1977 alterius
1188 1908 1508 1996 instituti,
1548 1909 1750 1976 etiam
1778 1909 2105 1976 societatis
2140 1911 2314 1992 Jesu,
2357 1912 2430 1978 in

188 2022 417 2113 aliqua
442 2023 723 2113 civitate,
752 2035 993 2106 castro,
1017 2022 1217 2110 villa,
1240 2043 1353 2091 seu
1381 2023 1550 2108 loco,
1582 2021 1678 2090 ad
1693 2021 2142 2102 habitandum
2173 2023 2425 2108 domos,

182 2139 279 2207 vel
298 2140 437 2208 loca
459 2161 879 2231 quaecunque,
907 2139 987 2207 de
1008 2161 1179 2207 novo
1198 2139 1504 2229 recipere,
1538 2161 1651 2208 seu
1679 2139 2110 2222 monasteria,
2147 2161 2430 2208 conven-

185 2266 277 2321 tus
304 2253 411 2322 vel
440 2254 724 2344 colleqia
744 2253 1029 2343 incipere
1068 2252 1176 2319 vel
1201 2251 1496 2342 fundare
1529 2265 1927 2343 praesumat,
1976 2251 2220 2345 absque
2259 2253 2428 2322 sedis

182 2371 225 2436 A
222 2369 551 2460 postolicae
578 2369 846 2437 licentia
880 2367 1180 2459 speciali,
1216 2367 1500 2459 plenam
1539 2379 1604 2435 et
1637 2391 2011 2460 expressam
2036 2369 2322 2460 faciente
2349 2369 2426 2438 de

172 2485 609 2573 prohibitione
630 2483 1012 2576 hujusmodi
1032 2483 1434 2551 mentionem
1457 2483 1530 2552 in
1559 2485 1842 2576 scriptis,
1868 2497 1933 2554 et
1962 2485 2176 2574 qratis
2197 2507 2426 2554 conce-

182 2597 405 2683 denda,
404 2601 661 2691 praevia
676 2589 1160 2668 examinatione
1176 2601 1512 2687 Gonqreqa
1519 2597 1752 2681 tionis,
1767 2621 1930 2687 neqo
1937 2599 2053 2666 tiis
2061 2600 2427 2690 Episcopo-

184 2737 329 2783 rum
353 2731 411 2785 et
435 2716 849 2810 reqularium
862 2714 1271 2805 praepositoe.
1311 2711 1389 2779 Si
1406 2732 1585 2778 secus
1613 2711 1887 2800 eye-rim,
1911 2713 2054 2802 ipso
2080 2713 2428 2781 incurrant

183 2852 399 2917 poenas
420 2831 841 2926 privationis,
868 2825 1321 2898 inhabilitatis
1346 2837 1426 2894 ut
1453 2845 1658 2914 supra
1686 2822 1982 2912 inflictas
2003 2847 2025 2890 :
2058 2837 2120 2890 et
2173 2823 2430 2891 nihilo-

188 2945 393 3014 minus
412 2947 828 3039 receptiones,
845 2943 1279 3034 fundationes
1303 2952 1369 3010 et
1387 2941 1735 3009 erectiones
1757 2937 1892 3006 sint
1905 2937 2045 3028 ipso
2047 2937 2209 3026 jure
2225 2937 2348 3005 nul
2352 2937 2431 3006 loe

184 3071 243 3126 et
268 3061 575 3132 invalidae
594 3083 623 3146 ,·
645 3074 710 3130 et
736 3059 967 3128 domus
995 3080 1073 3126 ac
1098 3058 1245 3125 loca
1275 3056 1454 3148 ipsa,
1480 3064 1545 3123 et
1577 3075 1882 3145 personae
1902 3053 1976 3121 in
2015 3052 2104 3120 eis
2131 3051 2432 3142 deqentes

179 3176 559 3247 omnimodae
580 3173 1051 3265 jurisdictioni,
1078 3168 1476 3258 visitationi,
1512 3167 1904 3236 correctioni
1938 3165 2280 3235 ordinarii
2301 3167 2434 3232 loci

178 3287 365 3376 plene
384 3293 449 3358 in
476 3289 788 3359 omnibus
811 3288 1221 3378 subjaceant.
1250 3284 1667 3354 Intendimus
1692 3295 1917 3350 autem
1945 3282 2017 3349 in
2029 3280 2426 3374 praemissis,

180 3403 374 3472 etiam
399 3407 579 3474 ultra
600 3403 875 3472 Italiam
901 3412 965 3470 et
1004 3400 1261 3470 insulas
1292 3399 1688 3489 adjacentes,
1699 3408 1908 3488 prout
1931 3397 2230 3489 expedire
2255 3398 2430 3466 vide-

178 3521 401 3604 rimus,
424 3519 792 3613 providere.

256 3634 391 3704 Jam
432 3633 714 3704 diximus
755 3631 1274 3701 constitutionem
1323 3629 1492 3698 hanc
1534 3648 1663 3698 non
1717 3631 2001 3719 spectare
2045 3627 2173 3692 nisi
2205 3625 2284 3693 ad
2315 3625 2434 3692 lta-

170 3750 327 3818 liam
378 3761 439 3820 et
514 3752 875 3841 adjacentes
941 3745 1213 3831 insulas,
1270 3749 1462 3834 prout
1529 3748 1702 3812 extra
1781 3742 2279 3813 controversiam
2345 3761 2437 3826 est

170 3864 346 3952 apud
372 3867 677 3951 doctoreS,
711 3870 772 3933 et
798 3885 873 3933 ex
911 3863 1051 3954 ipso
1088 3867 1305 3930 tenore
1328 3859 1598 3929 omnino
1635 3865 1902 3927 constat.
1951 3855 2194 3927 Ultima
2219 3860 2434 3922 autem

168 3981 547 4073 transcripta
592 3979 789 4049 verba
843 3985 1128 4048 mentem
1172 3973 1500 4043 Pontifieis
1536 3973 1746 4064 quoad
1794 3980 2168 4042 caeterarum
2221 3972 2434 4058 regio-

172 4113 331 4161 num
356 4097 687 4187 religiosos
728 4093 982 4165 ordines
1030 4093 1180 4160 satis
1223 4091 1543 4182 pandunt.
1594 4087 1738 4156 Duo
1787 4109 2024 4176 nempe
2068 4085 2276 4175 quoad
2315 4084 2438 4152 lta·

170 4206 325 4279 liam
373 4220 435 4281 et
475 4213 834 4303 adjacentes
890 4208 1137 4280 insulas
1185 4207 1307 4276 hae
1362 4227 1480 4275 sua
1531 4203 1994 4273 constitutione
2051 4206 2380 4292 peregerat
2412 4225 2428 4267 ε

174 4343 395 4412 parvos
430 4337 785 4400 conventus
836 4332 1313 4419 suppresserat3
1344 4323 1515 4392 etad
1560 4341 1742 4388 novae
1780 4316 2129 4408 cujuslibet
2169 4316 2432 4406 regula-

174 4441 346 4509 rium
396 4443 627 4516 domus
688 4445 1101 4528 erectionem,
1155 4441 1578 4510 neeessariam
1623 4440 1916 4506 sanxerat
1967 4433 2132 4502 sedis
2151 4434 2435 4524 Aposto-
