2834 4959
1027 392 1178 441 PARS
1225 384 1449 441 PRmA.
1894 416 1905 427 ·
2294 390 2375 446 49

131 516 242 595 tus,
291 510 402 581 bic
455 532 588 581 non
641 510 1078 603 affirmamuS,
1130 521 1192 581 et
1244 514 1630 607 expenditur
1664 513 1746 584 ad
1784 515 2025 587 calcem
2056 522 2379 609 sequentis

127 625 582 716 propositionis,

199 740 572 813 Prorosrrio
597 742 736 813 Vl‘.
763 784 856 795 —
885 748 940 813 Τ
941 746 1149 816 otalis
1179 744 1457 815 traditio
1485 746 1593 815 sui
1617 750 1751 817 Deo
1773 750 1988 839 facta,
2020 762 2085 818 et
2114 751 2383 821 nomine

129 856 244 923 Dei
291 857 372 925 ab
417 858 636 951 alz'quo
683 858 972 941 homine,
1017 858 1141 928 Dei
1182 861 1521 942 ministro,
1550 875 1918 953 acceptata,
1942 848 2260 933 censenda
2288 880 2383 935 est

121 972 444 1063 pertinere
461 974 546 1043 ad
569 976 918 1045 essentiam
944 988 1160 1045 status
1177 976 1471 1069 reliqiosi
1492 976 1715 1046 stricte
1732 979 2008 1070 sumpti.

215 1093 676 1162 Proenotanda.
705 1134 794 1147 —
825 1096 888 1163 1⁰
918 1094 1120 1163 Aliud
1150 1102 1244 1163 est
1267 1118 1406 1163 rem
1445 1097 1839 1186 promittere,
1878 1096 2055 1165 aliud
2084 1120 2227 1165 eam
2257 1104 2383 1169 tra·

127 1207 298 1278 dere.
348 1210 462 1292 Qui
510 1194 809 1304 promisit
857 1235 924 1281 se
973 1234 1114 1281 rem
1169 1213 1479 1281 daturum
1502 1302 1509 1311 ¹
1530 1213 1751 1302 alicui,
1802 1220 2054 1283 tenetur
2090 1213 2379 1306 quidem,

1 1347 4 1352 ·
133 1326 195 1393 vi
243 1328 426 1417 hujus
474 1331 946 1420 promissionis,
999 1352 1140 1398 rem
1189 1329 1367 1398 illam
1417 1331 1497 1398 de
1524 1330 1687 1401 facto
1714 1332 1960 1401 tradere
1988 1332 2086 1401 illi
2110 1334 2213 1401 cui
2241 1356 2383 1401 earn

125 1446 423 1533 promisit.
477 1444 732 1514 Atvero
769 1468 1066 1538 persona,
1101 1447 1205 1516 cui
1236 1448 1582 1539 promissio
1614 1448 1781 1517 facta
1811 1454 1929 1535 est,
1958 1471 2087 1519 non
2108 1449 2388 1541 acquirit

127 1559 484 1629 dominium
541 1562 719 1630 illius
777 1564 872 1631 rei
922 1570 1268 1655 antequam
1319 1565 1543 1633 tradita
1591 1564 1715 1657 ipsi
1743 1566 1961 1655 fuerit,
1987 1574 2054 1635 >et
2081 1568 2387 1637 donatio-

128 1698 258 1745 nem
307 1678 444 1769 ipsa
502 1678 942 1769 acceptaverit.
1001 1678 1186 1749 Unde
1231 1679 1285 1749 si
1325 1682 1705 1773 promittens
1750 1690 1979 1752 renuat
2002 1685 2387 1775 promissio-

125 1814 261 1863 nem
303 1795 592 1887 explcre,
649 1793 937 1885 peccabit
985 1794 1068 1864 ob
1120 1796 1423 1865 violatam
1452 1796 1975 1887 promissionem,
2006 1820 2139 1867 non
2170 1806 2389 1869 autem

123 1914 352 1999 peccati
389 1911 739 2001 injustitiae
777 1933 888 1980 seu
937 1911 1092 1979 furti
1146 1934 1295 1979 reus
1339 1913 1495 1995 erit;
1556 1913 1710 2003 quia
1756 1934 1858 1981 res
1912 1915 2251 2005 promissa,
2281 1914 2392 1982 sed

0 2041 3 2094 ἰ
125 2050 248 2099 non
301 2032 556 2118 tradita,
605 2029 904 2100 nondum
949 2037 1043 2099 est
1081 2030 1288 2099 aliena
1327 2052 1443 2101 seu
1483 2030 1783 2122 alterius3
1837 2052 1912 2115 ac
1940 2030 2211 2123 proinde
2238 2028 2395 2097 reti-

125 2146 320 2217 nendo
357 2148 584 2233 illam,
634 2169 768 2215 non
811 2149 1044 2215 retinet
1078 2168 1220 2215 rem
1243 2146 1549 2236 alienam,
1582 2170 1695 2217 seu
1726 2168 1859 2217 non
1889 2148 2235 2217 committit
2261 2146 2399 2214 fur-

125 2270 268 2335 tum.
321 2264 483 2333 lmo
531 2264 590 2333 si
639 2264 1018 2355 promittens
1063 2262 1326 2333 rem-de
1371 2263 1536 2333 facto
1584 2264 1811 2349 tradat,
1844 2264 1954 2333 sed
1981 2264 2396 2334 donationem

123 2404 238 2450 non
283 2388 588 2473 acceptet
639 2402 914 2471 persona
959 2382 1070 2449 cui
1126 2381 1290 2449 iacta
1333 2386 1431 2449 est
1480 2380 1849 2473 promissi0,
1882 2388 2172 2451 remanet
2200 2402 2397 2472 penes

124 2502 608 2589 promittentem
649 2499 741 2565 rei
792 2498 972 2565 illius
1015 2496 1413 2587 dominium,
1466 2497 1699 2589 etipse
1722 2498 1805 2566 ab
1832 2497 2225 2589 obligatione
2246 2519 2394 2589 pro·

123 2616 440 2685 missionis
471 2615 807 2707 explendae
837 2617 978 2705 jam
1007 2615 1252 2684 solutus
1278 2623 1393 2684 est.

215 2730 280 2796 2⁰
319 2730 540 2801 Etiam
593 2731 806 2821 quoad
861 2729 1071 2799 Deum
1125 2730 1304 2800 aliud
1365 2737 1461 2799 est
1510 2730 1879 2822 promissio,
1922 2753 2034 2800 seu
2058 2722 2313 2813 votum,
2339 2737 2403 2799 et

129 2846 305 2915 aliud
345 2851 434 2918 rei
477 2850 818 2943 promissae
870 2847 1126 2917 traditio
1173 2868 1288 2917 seu
1329 2848 1641 2917 executio.
1689 2845 1881 2917 Prius
1927 2846 2105 2915 enim
2134 2851 2230 2913 est
2256 2868 2401 2937 pro-

135 2962 496 3035 missionem
547 2966 784 3049 facere,
833 2986 1035 3055 quam
1084 2963 1265 3033 illam
1315 2964 1579 3054 exequi3
1630 2984 1750 3032 nec
1774 2968 1977 3054 potest
2002 2961 2153 3053 quis
2178 2962 2407 3051 exequi

133 3088 344 3151 votnm
393 3082 576 3177 quod
613 3083 908 3154 nondum
953 3082 1268 3151 emissum
1295 3087 1410 3151 est.
1447 3080 1933 3172 supponamus,
1967 3078 2145 3146 verbi
2170 3078 2402 3167 gratia,

133 3202 374 3271 vovisse
421 3202 716 3291 aliquem
757 3222 824 3269 se
874 3202 1100 3269 omnia
1127 3198 1296 3267 bona
1325 3219 1441 3267 sua
1471 3196 1777 3267 daturum
1796 3194 2195 3289 pauperibus
2224 3220 2240 3263 ε
2274 3217 2407 3267 non

129 3314 278 3387 ideo
327 3318 474 3408 jam
539 3316 956 3387 donationem
1006 3316 1189 3387 illam
1239 3315 1414 3400 fecit,
1472 3314 1582 3385 sed
1632 3320 1888 3399 tenetur
1944 3313 2277 3397 duntaxat,
2340 3316 2406 3383 vi

130 3435 284 3523 voti,
315 3436 502 3505 illam
529 3435 780 3525 exequi.

210 3550 280 3621 3⁰
334 3550 586 3623 Praeter
645 3550 978 3621 essentiale
1023 3548 1394 3619 dominium
1439 3548 1613 3639 quod
1662 3547 1835 3617 Deus
1862 3549 2056 3619 habet
2082 3550 2154 3619 in
2182 3567 2409 3616 omnes

131 3668 436 3739 homines
502 3676 564 3737 et
637 3669 708 3737 in
753 3690 856 3737 res
909 3668 1254 3758 quaslibet,
1309 3688 1506 3757 capax
1551 3673 1644 3735 est
1690 3667 2067 3756 acquirendi
2119 3662 2411 3753 specialis

131 3784 414 3855 dominii
455 3786 626 3855 circa
677 3785 962 3875 aliquem
1023 3784 1356 3853 hominem
1397 3792 1459 3851 et
1505 3806 1640 3851 rem
1670 3784 1978 3873 aliquam.
2006 3780 2175 3850 Nam
2200 3800 2411 3847 essen-

131 3904 272 3971 tiale
321 3902 450 3972 Dei
493 3903 864 3973 dominium
907 3902 1179 3971 liberam
1207 3903 1459 3971 homini
1482 3903 1545 3969 in
1580 3902 1805 3970 multis
1838 3898 2099 3988 reliquit
2140 3904 2279 3965 tum
2308 3899 2412 3969 sui

135 4020 370 4109 ipsius,
445 4027 586 4089 tum
655 4020 1014 4089 multarum
1071 4042 1294 4089 rerum.
1345 4019 1855 4110 dispositionem.
1916 4014 2126 4083 Potest
2178 4036 2413 4105 nempe

135 4140 332 4210 homo
363 4194 386 4229 ,
455 4148 594 4209 tum
653 4140 1014 4231 de·seipso,
1069 4147 1212 4209 tum
1264 4141 1342 4209 de
1401 4141 1597 4209 rebus
1653 4145 1929 4207 externis
1978 4158 2097 4226 pro
2149 4136 2427 4205 arbitrio.

140 4278 248 4325 suo
307 4256 679 4347 disponere,
732 4257 944 4325 modis
988 4256 1298 4324 omnibus
1341 4256 1457 4346 qui
1504 4252 1627 4344 ipsi
1657 4241 1787 4319 no'n
1816 4248 2415 4340 prohibentur,-seu

137 4375 246 4461 qui
297 4394 444 4441 non
495 4382 646 4444 sunt
701 4378 920 4443 contra
969 4372 1087 4441 Dei
1131 4379 1194 4441 et
1225 4364 1544 4441 'Ecclesiae
1593 4368 1911 4438 mandata.
1952 4364 2163 4439 Potest
2196 4376 2414 4439 autem

143 4488 376 4577 homo,
426 4492 475 4559 si
520 4493 694 4573 velit,
751 4512 786 4559 a
833 4512 898 4558 sc
945 4490 1242 4559 abdicare
1269 4490 1391 4555 hoc
1411 4489 1522 4575 jus
1546 4506 1740 4552 suum
1772 4486 1849 4554 de
1878 4510 1943 4555 se
1973 4495 2035 4555 et
2065 4487 2255 4555 rebus
2284 4486 2419 4553 suis

437 4612 478 4659 1.
2165 4605 2193 4647 ι
