2834 4959
398 319 526 378 192
875 367 881 373 .
960 322 1298 372 rnac‘rarus
1342 323 1424 368 m:
1467 321 1616 367 mna
1663 321 2085 368 assumtum.
2186 295 2196 304 '

402 445 766 528 imitantur,
807 447 869 510 et
896 440 1139 530 aliquid
1176 461 1251 508 ex
1280 439 1419 530 ipso
1459 437 1725 523 habent,
1765 436 2064 528 quamvis
2090 437 2173 506 ab
2211 437 2354 526 ejus
2399 438 2672 506 essentia
2780 489 2781 512 ἶ

399 559 725 628 deficiant.

488 672 619 742 Nos
648 671 948 742 instituti
974 669 1263 761 reliqiosi
1291 669 1891 738 denominationem
1920 669 1992 736 in
2016 667 2142 738 lato
2173 689 2370 738 sensu
2398 689 2678 759 usurpa·

404 795 647 863 bimus·
694 789 879 858 lllam
912 806 1149 876 nempe
1186 785 1572 854 adhibemus
1599 790 1912 875 tanquam
1939 807 2169 876 genus,
2208 785 2332 855 sub
2363 807 2435 855 se
2471 787 2682 856 conti-
2780 797 2781 866 ᾗ

406 929 594 990 uena,
633 911 776 973 tum
825 901 1173 992 religiones
1224 899 1440 969 stricte
1489 901 1713 986 dictaS,
1763 907 1908 970 tum
1955 902 2482 990 congregationes
2531 923 2682 993 pro·

408 1024 547 1116 prie
576 1019 929 1108 religiosas,
959 1023 1105 1084 tum
1134 1017 1332 1084 etiam
1364 1017 1890 1105 congregationes
1927 1017 2282 1107 improprie
2321 1016 2674 1106 religiosas.

406 1137 577 1208 Cum
610 1135 789 1203 enim
826 1131 1231 1222 indigeamus
1262 1129 1478 1220 aliquo
1523 1131 1824 1220 generico
1872 1131 2186 1200 vocabulo
2231 1131 2314 1200 ad
2360 1132 2506 1202 haec
2539 1155 2682 1202 om·
2780 1219 2781 1222 Ἴ

408 1253 517 1321 nia
542 1249 745 1318 simul
764 1245 1185 1335 designanda,
1216 1244 1481 1314 nullum
1502 1247 1936 1336 opportunius
1963 1247 2176 1314 visum
2205 1252 2319 1315 est.
2780 1229 2781 1252 *

496 1365 614 1436 IV.
670 1361 847 1448 Quid
884 1361 1153 1430 nomine
1196 1382 1677 1431 Arrnonxnoms
1731 1361 2046 1430 Ecclesiae
2095 1360 2538 1453 siqnificetur.
2595 1361 2704 1416 —'

418 1511 455 1550 a
481 1481 652 1562 Duo,
682 1479 899 1570 inquit
929 1476 1190 1562 Suara,
1223 1477 1559 1546 includere
1585 1477 1838 1546 videtur
1867 1501 1886 1544 ε
1921 1497 2136 1546 unum
2168 1479 2249 1546 ad
2279 1478 2679 1548 intellectum

422 1625 453 1664 a
483 1597 779 1690 pertinet,
827 1615 942 1664 seu
972 1615 1047 1661 ex
1071 1593 1325 1680 judicio
1351 1592 1529 1662 illius
1568 1592 1896 1684 procedit;
1939 1590 2116 1660 aliud
2143 1593 2486 1662 voluntatis
2509 1615 2682 1684 opus

421 1718 577 1783 «est
636 1709 845 1798 magis
912 1707 1278 1799 proprium.
1342 1705 1531 1789 Quod
1588 1707 1659 1775 in
1716 1705 2017 1797 religiosa
2069 1708 2530 1777 communitate
2591 1710 2684 1778 ita

420 1856 459 1896 α
482 1827 833 1920 explicatur
882 1849 898 1894 ε
944 1843 1101 1892 nam
1144 1823 1327 1891 illam
1376 1824 1588 1914 primo
1635 1823 1830 1892 modo
1867 1820 2248 1912 approbare,
2299 1824 2465 1892 nihil
2505 1824 2682 1894 aliud

424 1972 459 2011 t(
486 1953 579 2014 est
606 1963 829 2033 quam,
868 1946 1009 2030 post
1046 1937 1379 2009 sufficiens
1422 1959 1718 2026 examen,
1741 1935 2055 2028 judicare
2089 1937 2397 2021 interius,
2425 1942 2491 2008 et
2513 1947 2686 2008 exte-

426 2087 462 2128 «
489 2062 627 2128 rius
672 2057 1041 2126 authentice
1090 2054 1451 2142 declarare,
1505 2047 1686 2122 hunc
1725 2054 1985 2122 vivendi
2037 2054 2308 2123 modum
2361 2075 2500 2126 esse
2549 2077 2688 2125 san-

426 2201 461 2242 «
492 2181 703 2258 ctum,
748 2173 889 2240 sine
932 2169 1071 2238 ullo
1116 2191 1335 2239 errore
1380 2168 1484 2236 vel
1523 2171 1989 2262 superstitione.
2041 2196 2076 2236 ι»
2121 2169 2288 2240 Fuse
2333 2177 2558 2263 postea
2597 2193 2687 2240 ex-

419 2289 617 2380 plicat
669 2283 1007 2354 Suaresius
1076 2274 1237 2373 quid
1294 2283 1378 2351 sit
1433 2283 1788 2375 approbare
1849 2285 2189 2375 posteriori
2243 2287 2484 2372 mod03
2558 2309 2686 2378 quae

420 2401 754 2492 explicatio
814 2399 1112 2468 contrahi
1175 2403 1381 2487 potest
1433 2398 1733 2488 dicendo,
1791 2400 1973 2470 illam
2024 2403 2368 2480 consistere
2423 2403 2502 2472 in
2561 2405 2688 2472 data

420 2514 679 2584 licentia
734 2519 799 2580 et
862 2511 1157 2582 facultate
1211 2533 1461 2582 novum
1519 2514 1888 2583 institutum
1949 2514 2029 2583 ad
2087 2517 2546 2587 executionem
2599 2518 2690 2586 de·

421 2627 723 2699 ducendi.
758 2625 975 2716 Atque
1022 2627 1153 2696 duo
1186 2625 1321 2708 illa,
1372 2627 1443 2695 in
1485 2628 1943 2720 approbatione
1983 2634 2305 2714 contenta,
2345 2630 2440 2700 sic
2477 2633 2690 2723 paucis

422 2745 695 2836 ipsemet
720 2742 1062 2814 Suaresius
1100 2742 1407 2812 describit
1453 2766 1472 2812 z
1515 2769 1552 2810 ε(
1591 2744 1927 2813 Iudicium
1967 2743 2048 2812 de
2093 2745 2428 2836 probibate
2481 2751 2608 2835 rei,
2639 2753 2691 2815 et

432 2883 469 2924 a
496 2856 663 2926 licen
672 2857 769 2925 tia
788 2868 855 2925 et
870 2856 1166 2947 facultas
1193 2857 1373 2926 illam
1393 2858 1803 2950 exsequendi.
1824 2883 1860 2926 »
1897 2859 2016 2951 (De
2036 2860 2400 2950 Reliqione,
2427 2867 2615 2932 tomo
2631 2862 2687 2946 3,

420 2975 467 3043 1.
508 2973 577 3062 2,
609 2995 748 3066 cap.
783 2972 894 3059 15,
923 2995 989 3041 n.
1026 2972 1101 3041 11
1138 2976 1203 3042 et
1233 2971 1371 3070 48.)
1414 2972 1595 3043 Unde
1631 2975 1749 3064 qui
1775 2976 2000 3044 asserit
2023 2975 2285 3067 aliquod
2320 2977 2690 3066 religiosum

423 3091 793 3160 institutum
827 3087 1257 3180 approbatum
1301 3088 1496 3158 fuisse
1529 3109 1568 3158 a
1601 3091 1749 3158 sede
1785 3090 2180 3182 Apostolica‚
2213 3091 2490 3183 perinde
2519 3101 2610 3163 est
2631 3113 2691 3161 ac

422 3205 479 3273 si
503 3205 743 3276 diceret
774 3227 793 3272 ε
816 3204 1180 3294 judicatum
1212 3204 1333 3273 suit
1358 3204 1576 3296 ipsum
1603 3227 1740 3274 esse
1767 3205 2111 3276 honestum
2136 3208 2206 3276 in
2233 3229 2327 3293 se,
2353 3214 2419 3277 et
2437 3209 2596 3280 data
2613 3215 2692 3278 est

424 3318 693 3388 facultas
719 3321 938 3411 ipsum
962 3319 1341 3405 inchoandi,
1372 3321 1577 3390 socios
1595 3321 1719 3411 ipsi
1740 3321 2177 3413 aggregando,
2203 3329 2266 3392 et
2282 3329 2520 3394 caetera
2533 3329 2692 3416 juxta

424 3434 601 3505 idem
630 3433 999 3503 institutum
1032 3433 1421 3524 peragendo.

377 3570 388 3581 ·
516 3545 601 3616 V.
643 3545 824 3631 Quid
854 3547 1017 3637 sint,
1058 3560 1125 3617 et
1166 3547 1490 3640 quomodo
1535 3551 1622 3620 ab
1671 3551 1949 3620 invicem
1986 3551 2600 3649 differantlnmnm
2639 3561 2692 3618 et

426 3681 951 3732 consu-runcum.
1002 3697 1091 3714 --·
1146 3686 1183 3728 α
1230 3663 1310 3732 In
1354 3665 1586 3756 primis
1637 3665 2106 3736 advertendum
2155 3673 2273 3756 est,
2332 3689 2413 3736 ex
2473 3667 2686 3740 Suara

436 3803 473 3844 ι(
498 3775 607 3868 (de
638 3775 1005 3867 Reliqione,
1036 3782 1213 3846 tomo
1252 3777 1325 3866 4,
1356 3779 1403 3846 l.
1443 3784 1506 3866 1,
1539 3801 1599 3850 c.
1631 3779 1700 3864 2,
1733 3803 1802 3850 n.
1853 3781 1948 3874 5),
1981 3779 2240 3850 differre
2269 3781 2444 3852 inter
2491 3805 2560 3854 se
2594 3800 2684 3849 re·

436 3919 473 3958 α
500 3892 725 3982 gulam
756 3899 820 3961 et
845 3891 1329 3965 constitutiones
1370 3917 1387 3961 ε
1438 3897 1595 3986 quia
1637 3897 1888 3986 regula,
1936 3903 2014 3966 ut
2047 3896 2415 3989 plurimum
2457 3907 2574 3982 est,
2615 3893 2682 3964 ab

442 4033 479 4073 a
502 4008 720 4099 aliquo
763 4011 1033 4101 antiquo
1080 4009 1386 4081 Antistite
1435 4013 1821 4096 constituta3
1871 4018 1936 4082 et
1979 4035 2018 4082 a
2063 4011 2338 4084 Summo
2395 4012 2684 4085 Pontifioe

440 4147 475 4187 α
502 4123 876 4212 approbata,
941 4145 1197 4196 necnon
1253 4125 1324 4194 in
1386 4127 1700 4216 religione
1756 4132 2075 4220 perpetua
2130 4151 2149 4196 z
2217 4128 2683 4198 constitutiones

440 4257 651 4306 «vero
708 4243 769 4306 et
826 4245 990 4310 statu
998 4247 1081 4328 ta,
1143 4262 1183 4310 a
1237 4240 1385 4310 solis
1433 4241 1718 4312 Praelatis
1783 4247 1897 4313 aut
1958 4223 2263 4335 capitulis
2315 4244 2682 4334 religionum

440 4376 477 4416 α
502 4361 654 4424 sunt
680 4351 975 4426 ordinata
1017 4381 1035 4424 ε
1085 4358 1219 4426 imo
1262 4357 1592 4428 multoties
1639 4359 1778 4428 sine
1809 4359 2186 4430 auctoritate
2217 4358 2552 4430 pontificia
2589 4354 2684 4420 aui
