2834 4959
413 264 538 324 360
987 289 1324 342 maurinis
1359 295 1440 342 nr.
1482 297 1631 346 man
1672 301 2085 355 assummum.

1335 587 1609 662 CAPUT
1650 593 1730 662 Π.

447 815 526 862 DE
571 820 985 875 REGULARIBUS
1025 829 1348 896 DISPERSIS,
1393 837 1474 882 AD
1516 840 1793 888 PRIS‘I'INA
1835 843 1985 891 LOCA
2026 849 2141 894 SUA
2187 849 2647 904 REDEUNTIBUS.

503 1067 632 1143 Hic
663 1081 1074 1171 expendenda
1099 1084 1286 1168 ⁸venit
1328 1087 1589 1157 maximi
1638 1095 1950 1162 momenti
1994 1099 2299 1189 quaestio,
2353 1123 2437 1170 an
2478 1126 2689 1197 regu-
2807 1171 2808 1238 1

413 1183 602 1274 lares,
655 1195 916 1283 quibus,
963 1197 1171 1266 sedata
1208 1205 1591 1290 tempestate,
1646 1211 1816 1294 patet
1854 1209 1997 1295 jam
2047 1213 2133 1280 ad
2192 1216 2505 1304 pristinas
2532 1243 2687 1293 suas
2807 1253 2808 1266 ³

412 1304 716 1376 stationes
747 1312 1008 1394 reditus,
1039 1315 1187 1401 jura
1219 1334 1330 1382 sua
1366 1313 1791 1406 etprivilegia
1840 1321 2061 1392 omnia
2104 1330 2466 1403 retinuisse
2514 1359 2689 1406 cen-

409 1418 591 1487 sendi
626 1425 787 1509 sint3
839 1426 923 1492 ita
966 1426 1162 1514 quod,
1204 1426 1439 1516 absque
1489 1450 1649 1498 nova
1682 1429 2009 1504 Ordinarii
2064 1437 2365 1529 licentia,
2422 1453 2691 1540 possint

399 1532 632 1600 iterum
677 1539 1158 1606 conventualem
1184 1541 1379 1610 vitam
1401 1563 1616 1633 agere,
1659 1546 1730 1614 in
1760 1548 1841 1616 iis
1874 1549 2247 1625 civitatibus
2274 1563 2690 1656 oppidisque

401 1646 500 1716 vel
551 1651 758 1740 pagis,
812 1654 880 1720 in
935 1652 1168 1744 quibus
1215 1662 1399 1726 antea
1450 1659 1665 1728 sedem
1713 1665 2023 1735 canonice
2070 1668 2539 1744 obtinuerant:
2578 1701 2687 1750 an

385 1783 537 1846 vero
566 1785 602 1834 e
631 1774 849 1838 contra
916 1771 1200 1860 ejusdem
1238 1774 1622 1874 conditionis
1672 1777 1825 1866 sint,
1874 1801 1948 1849 ac
1983 1783 2037 1850 si
2085 1783 2295 1854 nullos
2340 1809 2680 1880 unquam

389 1879 764 1953 habuissent
801 1885 878 1956 iis
928 1887 996 1955 in
1045 1886 1200 1956 locis
1257 1897 1647 1980 conventus3
1690 1900 1755 1962 et
1800 1907 2271 1986 consequenter
2324 1911 2681 1982 servandae
2807 1947 2808 1994 1

387 1999 518 2070 sint
554 2001 960 2074 formalitates
999 2025 1245 2094 omnes,
1291 2007 1499 2095 quoad
1552 2009 1700 2077 novi
1754 2016 2128 2082 monasterii
2178 2021 2581 2094 erectionem
2634 2052 2671 2098 a

383 2117 531 2207 Jure
579 2120 962 2210 prescriptae.
1029 2118 1151 2188 Pro
1222 2123 1413 2210 cnjus
1493 2123 1880 2214 difficultatis
1949 2128 2281 2202 solutione
2338 2137 2663 2229 triplicem

380 2231 851 2322 distinguemus
895 2256 1132 2304 casum.
1187 2237 1306 2304 Vel
1341 2239 1517 2306 enim
1560 2239 1712 2308 dieti
1765 2241 2095 2330 regulares
2144 2251 2459 2342 antiquos
2506 2278 2657 2328 suos

382 2355 754 2436 conventus,
827 2349 986 2419 facta
1058 2353 1212 2442 ipsis
1281 2349 1652 2422 eorumdem
1704 2354 2131 2446 restitutione,
2204 2382 2651 2464 reassumam,

374 2468 558 2554 atque
609 2465 701 2534 ibi
742 2467 940 2536 vitam
981 2468 1467 2538 conventualem
1512 2471 1901 2557 instaurant3
1951 2476 2058 2544 vel
2103 2478 2277 2552 alias
2326 2487 2446 2557 sibi
2485 2491 2645 2562 oedes

375 2579 444 2646 in
483 2579 707 2650 eadem
739 2582 989 2652 civitate
1025 2589 1138 2652 aut
1179 2583 1412 2675 oppido
1462 2584 1585 2652 sibi
1640 2585 1879 2675 locant,
1933 2591 2034 2658 vel
2084 2608 2352 2690 emunt,
2404 2605 2500 2676 vel
2536 2630 2635 2677 ex·
2807 2667 2808 2700 3

365 2701 648 2786 struunt,
696 2698 797 2766 vel
846 2699 1015 2769 dono
1064 2683 1238 2769 datas
1293 2701 1645 2793 accipiunt,
1676 2723 1751 2770 eo
1780 2703 1952 2792 quod
1999 2711 2255 2803 antiqui
2286 2731 2633 2794 conventus

374 2810 575 2880 diruti
635 2813 876 2883 fuerint
919 2821 1029 2883 aut
1077 2816 1312 2907 injuste
1356 2816 1800 2904 detineantur-3
1850 2820 1951 2889 vel
1998 2827 2263 2898 tandem
2308 2834 2467 2906 alias
2514 2839 2627 2908 sibi
2807 2845 2808 2910 Ὗ

365 2923 530 2989 aedes
591 2929 1142 3011 praedictosmodo
1195 2932 1591 3012 comparant,
1652 2947 1726 2992 eo
1773 2935 1949 3017 quod
2008 2940 2289 3031 antiquae
2338 2947 2623 3040 legitime
2807 3003 2808 3014 κ

357 3030 598 3096 fuerint
621 3055 660 3098 a
689 3035 978 3100 Romano
1017 3033 1322 3098 Pontifice
1361 3033 1673 3102 alienatae.
1708 3037 2146 3124 Quaestionem
2166 3047 2463 3148 'primum
2494 3067 2621 3136 sol·

354 3160 584 3210 vernus
621 3142 828 3226 quoad
873 3137 1190 3220 triplicem
1217 3139 1407 3207 illum
1448 3163 1667 3216 casum
1704 3174 1721 3218 τ
1757 3160 1899 3228 tum
1928 3175 2233 3256 praesenti
2258 3177 2441 3244 statui
2462 3178 2608 3246 Gal·

345 3253 447 3316 liae
477 3259 538 3315 et
569 3251 774 3333 Belgii
813 3249 1254 3322 conclusiones
1281 3258 1777 3348 applicabimus.

433 3731 590 3787 Casus
610 3740 912 3804 regularium
947 3755 1182 3820 anthuas
1200 3773 1318 3816 suas
1345 3769 1493 3836 aedes,
1518 3773 1649 3832 taeta
1670 3784 1791 3848 ipsis
1803 3799 2105 3853 earumdem
2130 3811 2469 3873 restitutione,

1224 3864 1669 3920 reassumendum.

396 4039 764 4126 Psorosrrio
792 4058 866 4129 1⁸.
899 4101 988 4118 —
1015 4071 1101 4139 Si
1123 4089 1372 4166 aqatur
1403 4085 1487 4155 de
1516 4095 1815 4182 ipsismet
1842 4111 2423 4213 reqularibus·qui
2444 4118 2569 4190 ibi-

303 4151 450 4224 dem
489 4179 688 4236 antea
732 4173 1022 4266 deqeban
1031 4199 1081 4276 t,
1133 4194 1332 4265 nulla
1370 4200 1676 4296 indiqent
1722 4237 1901 4288 nova
1936 4226 2298 4302 Ordinarii
2334 4249 2457 4306 aut
2484 4257 2571 4305 se-

291 4265 398 4336 dis
422 4275 816 4363 Apostolicoe
825 4295 1181 4393 facultate,
1215 4321 1292 4378 ut
1319 4329 1813 4401 conventualem
1842 4337 2057 4410 vitam
2086 4345 2163 4414 in
2190 4347 2298 4419 his
2324 4351 2569 4423 cedibus
