2834 4959
365 353 487 412 238
930 355 1270 403 TRACTATUS
1316 355 1396 402 nn
1439 354 1592 401 stan
1631 351 2043 402 anonumum.

360 483 691 556 licentiam
736 475 1194 548 introducendi
1242 497 1488 546 novum
1535 476 1939 556 institutum,
1977 473 2106 542 nisi
2151 473 2288 562 ejus
2337 471 2633 540 introdu-

364 602 643 670 ctionem
664 597 1053 666 existimaret
1074 599 1510 683 opportunam
1536 597 1600 660 et
1641 589 1872 660 utilem
1895 617 1912 672 ;
1941 609 2017 658 ac
2045 571 2322 678 proinde
2343 587 2472 664 hoc
2497 571 2632 676 ipso

366 711 535 804 quod
564 707 731 778 illud
758 703 1091 797 approbet,
1124 703 1442 794 implicite
1470 703 1848 795 pronuntiat
1869 701 1952 771 de
1981 701 2184 793 ipsius
2205 699 2628 770 introductio-

364 832 466 899 nis
488 823 980 918 opportunitate.

455 945 523 1013 2⁰
572 939 847 1022 Quando
900 941 1281 1031 expenditur
1350 935 1621 1028 quaestio
1697 935 1779 1003 de
1849 931 2305 1003 infallibilitate
2362 929 2638 1002 Romani

365 1055 697 1128 Pontificis
724 1059 794 1124 in
838 1055 1272 1146 approbandis
1310 1051 1630 1142 religiosis
1657 1047 2022 1132 ordinibuS‚
2053 1046 2178 1114 tria
2218 1047 2437 1135 priora
2454 1035 2634 1134 jddi-

368 1171 489 1256 cia,
539 1167 611 1234 in
668 1165 1132 1256 approbatione
1192 1165 1519 1245 contenta,
1577 1158 1800 1228 sedulo
1853 1153 2312 1245 distinguenda
2381 1162 2541 1222 sunt
2603 1177 2636 1222 a

360 1287 588 1372 quarto
602 1279 881 1370 judicio,
912 1282 1061 1349 novi
1108 1277 1385 1348 instituti
1427 1280 1862 1366 opportunam
1912 1269 2464 1338 introductionem
2493 1291 2638 1339 con-

363 1403 685 1468 cernente.
734 1394 928 1480 Nam,
999 1401 1073 1462 ut
1128 1415 1283 1462 mox
1348 1390 1738 1474 videbimus,
1803 1387 2248 1464 infallibilitas‚
2307 1387 2387 1454 de
2439 1386 2640 1455 tribus

365 1513 690 1604 prioribus
730 1511 1001 1600 judiciis
1037 1510 1385 1592 intellecta,
1441 1508 1714 1576 omnino
1759 1510 1929 1573 certa
1955 1509 2052 1572 est
2093 1509 2158 1572 et
2204 1503 2500 1572 tenenda.
2547 1502 2640 1572 De

366 1629 717 1718 quaestione
744 1647 923 1714 vero,
950 1645 1032 1694 an
1068 1625 1385 1695 Summus
1412 1621 1708 1692 Pontifex
1744 1641 1958 1688 errare
1987 1619 2186 1710 possit
2215 1623 2633 1709 opportunam

356 1744 711 1836 judicando
740 1743 893 1812 novi
929 1742 1175 1810 ordinis
1204 1740 1492 1831 religiosi
1521 1737 2088 1820 introductionem,
2121 1735 2520 1825 aliquatenus
2539 1741 2632 1803 to·

368 1860 565 1928 lerata
586 1857 843 1929 videtur
871 1859 941 1924 in
967 1857 1205 1928 scholis
1232 1855 1604 1946 disputatio.

458 1975 521 2044 3⁰
548 1975 825 2058 Quando
864 1973 1247 2065 simpliciter
1290 1977 1355 2041 et
1394 1971 1644 2060 absque
1669 1967 1804 2036 ulla
1851 1965 2275 2056 explicatione
2317 1965 2532 2055 agitur
2569 1965 2642 2032 de
2780 1989 2781 2062 }

369 2092 829 2160 infallibilitate
876 2091 1065 2180 Papae
1114 2093 1184 2156 in
1252 2082 1691 2178 approbandis
1729 2081 2052 2170 religiosis
2103 2081 2464 2170 ordinibuS,
2493 2081 2641 2149 solet

372 2205 804 2276 infallibilitas
856 2205 968 2270 illa
1008 2203 1287 2291 intelligi
1324 2201 1540 2290 quoad
1587 2201 1710 2268 tria
1763 2201 1979 2290 priora
2010 2199 2260 2288 judicia
2291 2197 2486 2266 modo
2512 2218 2644 2265 me-

374 2325 641 2390 morata.
696 2317 1089 2406 Intelligitur
1144 2338 1379 2406 nempe
1422 2315 1664 2405 Papam
1711 2335 1846 2384 non
1910 2335 2093 2406 posse
2151 2333 2385 2398 errare,
2445 2311 2644 2381 hone—
2780 2301 2781 2304 ¹

376 2441 547 2502 stum
606 2429 1091 2522 pronuntiando
1152 2451 1399 2498 novum
1454 2430 1856 2515 institutum,
1914 2435 1977 2497 et
2043 2427 2424 2498 declarando
2495 2423 2644 2496 illud

378 2569 513 2616 esse
563 2568 709 2616 vere
750 2551 989 2616 statum
1034 2545 1442 2636 religiosum,
1487 2567 1563 2614 ac
1614 2545 1882 2636 proinde
1921 2545 2116 2614 etiam
2161 2549 2402 2612 statum
2449 2541 2644 2634 perfe-
2780 2579 2781 2592 2

378 2663 633 2732 ationis.

466 2778 537 2846 4⁰
568 2776 1091 2848 lufallibilitatem
1152 2777 1226 2845 in
1271 2777 1396 2846 hoc
1441 2797 1634 2846 sensu
1677 2775 2066 2846 intellectam
2097 2774 2480 2860 defendunt,
2515 2779 2648 2842 tan-

378 2915 579 2985 quam
607 2894 881 2962 omnino
908 2897 1253 2962 certamet
1298 2892 1673 2976 tenendam,
1719 2891 1922 2962 Divus
1974 2889 2258 2960 Thomas
2293 2897 2359 2960 et
2409 2885 2646 2981 probati

380 3003 625 3098 quique
656 3009 951 3078 doctores
976 3010 1446 3078 communiter.
1480 3007 1652 3078 Huic
1699 3014 1919 3078 tamen
1945 3007 2286 3076 doctorum
2317 3002 2648 3076 consensui
2780 2987 2781 3052 Ῠ

382 3124 705 3192 malesana
744 3122 1181 3210 singularitate
1222 3122 1802 3192 contradicendum
1837 3123 2020 3192 duxit
2067 3121 2384 3193 Melchior
2411 3122 2642 3204 Canus,
2780 3105 2781 3108 ¹

382 3261 575 3327 quem
606 3239 981 3330 perstringit
1006 3235 1344 3306 Suaresius
1371 3237 1444 3306 in
1475 3238 1660 3306 hunc
1681 3239 2002 3308 modum:
2041 3263 2078 3304 α
2117 3238 2194 3308 1η
2239 3260 2373 3328 quo
2415 3242 2648 3332 puncto
2780 3303 2781 3306 ,

393 3373 585 3420 «non
632 3356 782 3420 satis
826 3361 1010 3422 caute
1054 3353 1315 3424 locutus
1346 3359 1442 3422 est
1469 3353 1647 3423 Cano
1690 3353 1885 3444 (libro
1929 3355 2000 3442 5,
2043 3354 2122 3424 de
2147 3355 2361 3442 Locis,
2389 3377 2525 3447 cap.
2557 3353 2645 3443 5),

392 3493 425 3536 t(
460 3468 751 3536 indicans
798 3490 981 3558 posse
1008 3467 1398 3541 Pontificem
1419 3489 1638 3540 errare
1665 3470 1739 3539 in
1767 3469 2186 3562 approbanda
2223 3472 2642 3562 religionem,

392 3613 425 3652 «
454 3585 607 3676 quia
646 3585 983 3676 religionis
1033 3585 1407 3676 approbatio
1455 3607 1586 3654 non
1635 3587 1910 3677 pertinet
1959 3587 2042 3656 ad
2079 3587 2446 3657 doctrinam
2477 3584 2642 3669 fidei,
2780 3583 2781 3594 ‘

394 3724 429 3764 α
454 3720 573 3767 nec
602 3698 681 3766 ad
729 3719 939 3766 mores
970 3697 1271 3768 Ecclesiae
1319 3698 1726 3780 universaHS,
1771 3697 1882 3766 sed
1921 3697 2010 3776 ,ad
2049 3699 2506 3788 particularem
2547 3695 2646 3762 vi-
2780 3731 2781 3748 2

394 3809 644 3878 «vendi
696 3809 973 3877 modum
1014 3811 1117 3898 cuj
1130 3805 1355 3878 usdam
1399 3807 1706 3897 familiae3
1757 3814 1821 3878 et
1859 3809 2004 3878 ideo
2032 3831 2167 3879 non
2223 3819 2316 3879 est
2358 3812 2646 3881 inconve-
2780 3877 2781 3886 ,

392 3947 427 3986 κ
458 3925 670 4002 niens,
707 3923 884 4014 quod
930 3924 1002 3992 in
1080 3924 1204 3993 hac
1254 3924 1716 4016 approbatione
1769 3944 1984 3992 errare
2059 3927 2258 4016 possit
2341 3923 2638 4002 Pontifex,
2780 3983 2781 3998 ,

396 4063 429 4102 α
456 4037 609 4126 quia
636 4037 911 4128 Spiritus
936 4042 1140 4110 sancti
1166 4039 1522 4108 assistentia
1539 4125 1542 4130 Ι
1560 4040 1774 4110 solum
1816 4061 1936 4131 pro
1980 4039 2334 4112 universali
2377 4039 2644 4112 Ecclesia
2780 4085 2781 4118 3

394 4180 427 4218 (ε
457 4153 553 4222 illi
571 4159 883 4244 promissa
904 4163 1017 4226 est.
1044 4179 1077 4222 >³
1110 4157 1231 4248 (De
1248 4157 1613 4248 Reliqione,
1637 4164 1812 4228 tomo
1835 4154 1904 4240 3,
1926 4155 1974 4226 l.
1999 4156 2070 4241 2,
2105 4179 2248 4249 cap.
2277 4157 2389 4244 17,
2418 4182 2488 4228 n.
2521 4151 2644 4244 18.)

387 4268 501 4336 His
529 4273 921 4360 praenotatis,
954 4273 1037 4342 sit

478 4381 855 4454 Psorosrno
900 4387 981 4455 1⁸.
1038 4423 1127 4439 —
1182 4391 1529 4458 Romanus
1589 4389 1902 4480 Pontifex
1971 4385 2377 4476 infallibilis
2429 4399 2522 4458 est
2585 4385 2646 4453 in
