2834 4959
1085 294 1238 343 rums
1285 294 1545 351 ουΑιιτΑ.
1720 282 1732 293 “
1981 283 1993 295 ’
2316 290 2439 349 609

261 420 550 501 Οωεετιο
579 416 714 487 111⁸.
738 416 1176 503 -ssouoenam
1197 414 1627 505 requirantur
1649 414 1745 484 ad
1758 416 2055 487 valorem
2071 420 2438 510 professio-

172 536 282 604 nis
320 536 544 604 tacitoe
563 539 594 603 ?
619 572 720 587 —
761 532 826 599 1⁰
872 529 1318 621 Requiruntur
1346 529 1567 597 decem
1594 530 2015 615 conditiones,
2059 554 2221 623 quas
2246 555 2439 625 supe-

176 653 334 722 riori
375 652 584 743 capite
641 646 1026 717 necessarias
1069 644 1380 730 diximus,
1440 649 1581 712 tum
1618 667 1735 737 pro
1784 667 2101 739 expressa,
2150 654 2289 717 tum
2328 670 2445 741 pro

177 770 373 839 tacita
419 763 834 859 professione.
881 760 1351 829 Adnotandum
1392 764 1613 828 autem
1662 766 1755 830 est
1797 763 1969 831 circa
2006 769 2301 853 quartam
2353 764 2444 858 (id

182 890 280 953 est
320 884 492 953 cirea
532 878 968 947 intentionem
1021 872 1414 967 profitendi),
1474 874 1847 945 defuturam
1897 877 2081 947 illam
2127 880 2447 950 conditio-

189 1019 372 1081 nem,
425 995 482 1064 si
511 994 817 1080 novitius,
863 989 1160 1059 habitum
1215 990 1649 1079 professorum
1699 991 2069 1078 deferendo,
2108 999 2224 1063 aut
2270 1002 2449 1065 actus

191 1113 352 1202 ipsis
399 1107 692 1201 proprios
725 1104 1100 1193 exercendo,
1149 1104 1417 1173 nesciret
1451 1104 1677 1175 induci
1706 1106 1830 1177 hoc
1864 1107 2099 1197 agendi
2136 1110 2329 1181 modo
2358 1117 2454 1181 ta·

193 1232 387 1295 eitam
414 1222 896 1315 professionem.

291 1341 356 1408 2⁰
416 1338 539 1407 Pro
587 1334 950 1406 inducenda
1001 1332 1390 1423 professione
1444 1336 1631 1404 tacita
1685 1358 1799 1427 per
1854 1336 2111 1408 habitus
2160 1340 2452 1430 gestatio-

202 1478 380 1536 nem,
425 1478 459 1519 ι(
487 1451 841 1543 requiritur
876 1454 952 1517 ut
988 1448 1252 1518 habitus
1300 1449 1620 1519 deferatur
1666 1452 1739 1520 in
1783 1454 2211 1533 monasterio,
2256 1438 2343 1525 ita
2386 1463 2462 1525 ut

211 1598 248 1639 α
279 1590 395 1661 per
432 1568 862 1659 quodcunque
909 1566 1216 1657 temporis
1255 1566 1566 1657 spatium,
1596 1566 1653 1635 si
1684 1567 2005 1637 deferatur
2045 1571 2303 1641 habitus
2350 1592 2459 1641 ex-

213 1718 248 1757 α
277 1696 374 1759 tra
419 1688 912 1771 monasterium,
963 1705 1309 1776 nunquam
1364 1685 1697 1755 inducitur
1744 1690 1932 1757 tacita
1986 1690 2101 1758 ista
2156 1692 2461 1781 professio

213 1830 250 1870 ι(
281 1802 674 1896 (Fingamus,
707 1783 847 1892 cap'.
900 1800 1132 1881 Vidua,
1157 1798 1238 1869 de
1275 1799 1746 1891 Reqularibus,
1773 1823 1841 1870 n.
1880 1802 2110 1893 18)...;
2150 1806 2301 1895 quia
2334 1826 2468 1875 non

221 1944 258 1986 α
291 1924 585 1987 censetur
629 1917 978 2007 assumptio
1018 1915 1278 1985 habitus
1312 1915 1476 1985 facta
1528 1917 1746 1985 animo
1790 1917 2130 2007 profitendi
2172 1942 2190 1985 ε
2232 1938 2387 1987 nam
2416 1920 2472 1987 si

223 2060 260 2100 α
289 2032 572 2124 profiteri
615 2032 941 2117 voluisset,
983 2032 1152 2100 intra
1205 2031 1669 2101 monasterium
1729 2032 2021 2122 gessisset
2064 2054 2241 2121 eum,
2283 2040 2344 2103 et
2390 2037 2460 2105 in

224 2174 261 2215 α
289 2148 456 2218 illud
477 2148 803 2237 ingressus
824 2153 1004 2217 esset.
1035 2172 1072 2213 n
1109 2147 1492 2238 (Cardinalis
1523 2145 1736 2238 Petra,
1754 2148 1826 2217 in
1851 2154 2055 2218 const.
2098 2148 2141 2218 9
2170 2148 2325 2220 Sixti
2349 2148 2473 2238 IV,

215 2266 497 2334 sectione
525 2266 744 2348 unica,
770 2284 835 2332 n.
874 2263 1014 2353 12.)

305 2377 444 2448 Hoc
487 2378 797 2447 ultimum
839 2378 1224 2469 requisitum
1284 2388 1376 2449 est
1421 2380 1761 2472 proprium
1811 2380 2189 2472 professioni
2233 2380 2471 2451 taeitae.

211 2497 384 2569 Nam
411 2498 490 2567 ad
520 2498 801 2567 valorem
843 2499 1252 2590 professionis
1278 2500 1587 2589 expressae
1634 2520 1767 2568 non
1814 2499 2165 2591 requiritur
2212 2499 2292 2569 de
2316 2500 2483 2591 jure

207 2613 556 2684 communi
590 2620 665 2682 ut
704 2613 816 2682 fiat
860 2614 1028 2683 intra
1087 2613 1579 2696 monasterium,
1634 2614 1743 2682 sed
1809 2614 1975 2683 valet
2018 2616 2268 2685 etiamsi
2312 2622 2487 2686 extra

213 2729 572 2800 emittatur.
620 2726 918 2797 Diximus
946 2727 1026 2797 de
1060 2729 1224 2819 jure
1270 2727 1610 2795 communi
1621 2748 1653 2811 ,·
1699 2725 1851 2816 quia
1896 2728 2105 2817 quoad
2150 2726 2399 2797 ltaliam
2426 2738 2491 2799 et

208 2843 578 2933 adjacentes
608 2844 874 2932 insulaS,
906 2844 1221 2935 disposuit
1259 2844 1559 2914 Clemens
1587 2840 1772 2928 Vlll,
1810 2844 2043 2910 utnon
2071 2842 2307 2911 valeret
2336 2864 2487 2933 pro·

211 2960 408 3029 fessio
467 2979 782 3050 expressa,
839 2960 966 3028 nisi
1015 2962 1246 3029 emissa
1295 2962 1366 3029 in
1417 2956 1845 3030 conventibus
1880 2957 2265 3026 auctoritate
2319 2958 2489 3049 Apo-

212 3073 450 3144 stolica
475 3074 822 3164 designatis
844 3075 924 3143 ad
952 3075 1328 3145 faciendum
1360 3075 1765 3145 novitiatum.

1138 3400 1414 3471 CAPUT
1462 3400 1575 3470 lv,

218 3615 586 3664 sobvuu‘run
613 3614 943 3662 nonnum
983 3612 1366 3669 QUAESTIONES
1407 3610 1588 3658 cmca
1634 3612 2079 3660 PROFESSIONEH
2117 3614 2489 3662 ExruEssau.

329 3868 472 3937 Jam
502 3866 784 3936 diximus
831 3886 1206 3957 expressam
1246 3864 1460 3933 vocari
1499 3862 1956 3954 professionem
1985 3840 2193 3949 illam,
2243 3884 2389 3953 quae
2427 3862 2503 3931 fit

224 3983 464 4072 verbo,
512 3983 856 4073 scriptura,
888 3978 1108 4049 aliisve
1155 3977 1425 4047 nutibus
1465 3997 1851 4047 eonsensum
1878 3976 2267 4045 sufficienter
2294 3978 2505 4047 decla·

227 4098 556 4171 rantibus.
614 4095 716 4165 Ad
745 4094 1028 4163 valorem
1074 4094 1214 4183 ejus
1240 4093 1413 4183 quod
1441 4090 1685 4175 attinet,
1746 4089 1873 4159 dici
1926 4098 2129 4182 potest
2177 4113 2311 4162 non
2348 4092 2504 4162 alias

231 4214 492 4306 requiri
546 4210 971 4294 conditiones,
1013 4214 1244 4303 praeter
1293 4228 1396 4277 eas
1438 4226 1583 4297 quae
1612 4224 1808 4295 supra
1839 4204 2065 4297 (capite
2100 4205 2165 4297 2)
2210 4228 2503 4277 necessa-

241 4338 363 4407 riae
408 4335 594 4405 dictae
643 4337 795 4403 sunt
841 4349 961 4422 pro
1009 4324 1297 4419 qualibet
1330 4322 1757 4416 professione3
1801 4323 1868 4392 id
1906 4329 2023 4411 est,
2072 4326 2206 4396 sive
2251 4349 2369 4419 pro
2406 4335 2506 4399 ta..

456 4459 501 4507 1.
2204 4449 2271 4497 ss
