2834 4959
1043 366 1194 415 PARS
1241 368 1457 416 emm.
2306 367 2385 423 37

150 496 210 560 in
233 500 381 561 statu
419 489 848 581 perfectionis,
899 488 1196 577 quamvis
1249 490 1640 580 paupertatis
1684 498 1747 559 et
1801 492 2180 562 obedientiae
2234 516 2391 565 con-

145 604 264 673 silia
295 624 422 672 non
453 600 814 671 observent.
848 597 1014 669 Cum
1054 601 1232 667 enim
1268 620 1499 669 eorum
1524 607 1749 686 status,
1798 607 1870 671 ut
1910 624 2105 693 supra
2142 603 2391 673 dictum

143 718 268 797 fnit,
305 719 386 785 sit
431 722 636 785 status
693 714 1098 806 perfectionis
1144 712 1543 802 exercendoe,
1597 738 1671 785 ac
1722 718 1995 807 proinde
2038 720 2388 809 acquisitae,

141 828 420 919 supponit
443 829 576 917 jam
620 826 1004 916 acquisitam
1047 826 1539 915 perfectionem;
1580 848 1653 895 ac
1694 828 1968 917 proinde
2008 829 2165 897 huic
2200 835 2391 900 statui

139 945 476 1011 necessaria
496 964 626 1011 non
651 948 810 1011 suut
853 939 1068 1009 media
1094 940 1175 1008 ad
1202 941 1663 1031 acquirendam
1694 942 2155 1034 perfectionem
2185 970 2202 1015 z
2235 964 2395 1015 con-

141 1059 280 1126 silia
305 1064 502 1127 autem
540 1056 935 1149 paupertatis
961 1063 1024 1125 et
1069 1056 1449 1126 obedientiae
1504 1078 1637 1126 non
1686 1066 1840 1127 sunt
1889 1059 2027 1151 ipsa
2058 1060 2391 1151 perfectio,

145 1172 249 1241 sed
305 1172 492 1241 media
557 1172 638 1241 ad
703 1171 1161 1263 perfectionem
1249 1174 1765 1265 consequendam
1848 1196 2045 1265 quam
2118 1177 2397 1247 maxime

147 1287 376 1355 idonea.

223 1414 398 1477 Nota.
427 1446 530 1461 —
551 1408 780 1490 Quoad
818 1406 1164 1477 consilium
1205 1408 1535 1492 castitatis,
1580 1410 1823 1479 moveri
1870 1418 2080 1502 posset
2128 1413 2395 1502 quaestio

140 1544 279 1591 num
337 1525 718 1615 requiratur
763 1523 845 1591 ad
883 1524 1228 1591 essentiam
1283 1529 1485 1592 status
1540 1524 1945 1615 perfectionis
1995 1528 2389 1599 exercendas.

105 1636 366 1707 ‘Etenim
424 1638 774 1709 coelibatus
825 1659 959 1706 non
1006 1644 1258 1705 tantum
1309 1644 1404 1705 est
1460 1638 1750 1708 medium
1804 1641 1880 1709 ad
1933 1644 2391 1733 acquirendam

143 1752 601 1841 perfectionem,
634 1754 744 1822 sed
781 1775 904 1821 nec
940 1751 1196 1821 videtur
1220 1751 1463 1843 absque
1503 1774 1577 1822 eo
1624 1753 2021 1844 completum
2048 1777 2183 1824 esse
2212 1778 2393 1847 posse

141 1874 348 1937 statum
372 1868 795 1961 perfectionis
825 1868 1165 1959 acquisitas
1181 1888 1211 1951 ;
1238 1888 1316 1935 eo
1339 1866 1513 1957 quod
1560 1889 1793 1958 nempe
1838 1875 2017 1937 actus
2067 1870 2394 1940 coelibatui

26 2032 29 2075 ἰ
150 1980 446 2063 contrarii,
512 2002 631 2047 seu
675 1979 1091 2047 matrimonio
1135 1977 1407 2068 proprii,
1471 1998 1545 2045 ex
1598 1982 1829 2045 natura
1874 1998 1993 2045 sua
2054 1978 2398 2048 videantur

26 2076 30 2127 }
139 2094 364 2185 proprie
381 2096 576 2164 dictae
603 2094 1011 2185 perfectionis
1043 2092 1421 2161 exercitium
1460 2090 1819 2185 excludere.
1861 2090 2073 2173 Quam
2096 2094 2395 2181 quastio-

135 2231 262 2279 nem
290 2210 394 2281 hic
429 2210 714 2279 omnino
749 2208 1140 2295 omittimuS,
1169 2214 1385 2300 utpote
1412 2208 1702 2277 otiosam.
1736 2206 1999 2277 Etenim
2032 2208 2284 2279 etiamsi
2312 2212 2395 2282 ad

136 2326 487 2397 coelihatum
511 2346 648 2395 non
677 2332 1045 2393 tenerentur
1082 2322 1384 2415 Episcopi
1420 2325 1485 2391 vi
1536 2330 1734 2394 status
1780 2324 1909 2409 sui,
1950 2322 2017 2393 id
2054 2330 2173 2412 est,
2219 2346 2295 2394 ex
2318 2346 2393 2395 eo

135 2448 370 2535 praecise
390 2447 576 2538 quod
619 2449 955 2515 teneantur
993 2444 1258 2537 perfecti
1295 2466 1431 2514 esse
1462 2450 1526 2513 et
1566 2444 2023 2535 perfectionem
2074 2466 2389 2528 exercere,

129 2570 354 2631 certum
383 2560 658 2632 aliunde
683 2562 955 2631 omnino
982 2566 1100 2649 est,
1131 2559 1210 2627 de
1232 2561 1384 2650 jure
1411 2559 1637 2629 saltem
1680 2558 2126 2646 ecclesiastico,
2171 2562 2395 2653 prohi-

131 2676 328 2745 bitum
345 2678 506 2770 ipsis
531 2698 672 2746 esse
698 2674 1220 2746 matrimonium.

220 2789 588 2863 Pnorosrrio
607 2792 742 2862 111⁸.
775 2830 866 2844 —
912 2788 1024 2859 Ad
1061 2790 1464 2881 completum
1500 2798 1757 2856 statum
1806 2790 2234 2879 perfectionis
2281 2811 2393 2857 ac-

129 2916 452 3005 quir-enda·
503 2916 943 3009 requiruntur
993 2914 1128 2983 tria
1167 2914 1437 2983 consilia
1482 2912 1894 3005 ευαηρείίεα,
1938 2913 2389 3004 paupertatis,

127 3036 450 3106 castitatis
473 3048 536 3105 et
555 3034 1060 3107 obedientioe.—-
1090 3032 1503 3125 Completum
1532 3037 1771 3101 statum
1817 3030 2231 3123 perfectionis
2274 3052 2392 3103 ac-

127 3152 446 3239 quirendae
475 3152 668 3221 illum
691 3172 1025 3236 vocamus,
1057 3152 1172 3241 qui
1198 3149 1537 3219 hominem
1561 3148 1841 3217 liberum
1870 3148 2023 3216 facit
2063 3147 2146 3216 ab
2174 3149 2391 3217 omni-

121 3260 245 3329 bus
269 3262 752 3354 impedimentis
780 3285 925 3354 quae
952 3263 1155 3332 solent
1176 3259 1582 3354 perfectionis
1620 3259 2056 3351 prosecutioni
2112 3260 2385 3343 obstare,

125 3384 182 3443 et
204 3376 472 3472 insuper
496 3379 630 3449 vim
659 3377 853 3447 habet
874 3400 1101 3446 omnes
1148 3376 1535 3466 generaliter
1562 3377 1703 3465 ejus
1742 3374 2023 3443 actiones
2068 3374 2393 3467 dirigendi

118 3488 190 3555 ad
221 3492 712 3581 perlectionem.
744 3488 957 3559 Status
984 3509 1218 3577 nempe
1271 3484 1676 3577 perfectionis
1716 3485 2062 3576 dupliciter
2103 3487 2397 3577 concipi-

118 3614 216 3673 tur
243 3628 442 3696 agere
486 3610 560 3676 in
616 3606 952 3674 hominem
980 3606 1093 3695 qui
1136 3624 1286 3672 eum
1331 3603 1663 3695 amplexus
1698 3610 1842 3671 est:
1888 3605 2219 3697 navalive,
2274 3622 2389 3671 seu

114 3722 503 3793 removendo
525 3720 988 3813 impedimenta
1015 3743 1033 3788 ι
1065 3725 1128 3789 et
1138 3718 1433 3811 positive
1472 3739 1583 3787 seu
1620 3718 1909 3807 urgendo
1949 3726 2012 3788 et
2052 3712 2391 3805 dirigendo

119 3834 248 3921 ejus
297 3835 586 3903 actiones
632 3854 746 3901 seu
799 3830 935 3923 ejus
979 3832 1178 3899 vitam
1245 3830 1326 3899 ad
1385 3828 1793 3920 perfectionis
1842 3831 2383 3921 prosecutionem.
2484 3912 2491 3929 ι

119 3942 308 4019 Ροιτο
333 3954 577 4017 statum
605 3947 796 4016 illum
825 3946 937 4037 qui
956 3948 1178 4015 omnia
1207 3945 1673 4037 impedimenta
1695 3951 2009 4026 removet,
2034 3946 2100 4010 et
2126 3940 2391 4013 aliunde

124 4062 238 4131 vim
263 4062 470 4132 habet
493 4082 722 4132 omnes
767 4060 1055 4131 hominis
1105 4062 1408 4140 actiones,
1456 4082 1569 4129 seu
1602 4067 1804 4129 totam
1827 4054 2219 4149 generaliter
2248 4058 2392 4148 ejus

127 4177 312 4247 vitam
335 4178 420 4247 ad
455 4177 914 4269 perfectionem
942 4182 1086 4271 apte
1110 4176 1463 4267 dirigendi,
1495 4174 1893 4267 completum
1936 4192 2239 4243 vocamus
2278 4200 2295 4242 ε
2328 4179 2393 4243 et

26 4346 29 4379 =
129 4288 402 4363 dicimus
453 4293 592 4363 dari
637 4314 768 4365 non
805 4314 987 4385 posse
1029 4294 1225 4365 talem
1280 4297 1518 4363 statum
1563 4290 1805 4379 absque
1848 4286 2065 4401 tribus·
2106 4286 2391 4359 consiliis

26 4394 29 4435 f
133 4407 532 4498 evangelicis.
