2834 4959
775 218 796 247 Ο

394 278 473 334 so
965 278 1304 330 meua-us
1341 260 1421 329 mi
1458 282 1607 331 sum:
1653 280 2079 331 assummum.

387 410 524 479 suis
551 402 982 476 confratribus
1014 402 1217 471 libere
1265 404 1528 490 electus,
1578 403 1809 497 poterit
1848 404 2259 477 traditionem
2300 405 2480 477 illam
2530 419 2667 479 no-'

385 528 566 595 mine
591 521 710 593 Dei
729 526 1077 615 acceptare.
1109 518 1293 602 Quod
1335 526 1551 591 autem
1588 520 1763 590 Deus
1816 521 2229 593 traditionem
2286 522 2408 595 hoc
2469 527 2643 596 modo

383 642 619 710 factam
667 654 872 705 ratam
929 634 1182 723 babeat,
1245 636 1472 705 merito
1519 636 1822 706 concludi
1867 644 2095 731 potest,
2125 662 2199 708 ex
2218 616 2303 709 'eo
2342 642 2511 733 quod
2554 642 2645 709 ni-

291 736 296 741 ’
384 756 481 825 hil
525 755 610 825 sit
644 754 716 822 in
762 752 866 821 his
893 752 1204 821 omnibus
1251 754 1379 823 nisi
1407 754 1486 823 de
1533 776 1598 823 se
1651 754 2180 824 honestissimum
2231 761 2293 826 et
2333 756 2463 825 Deo
2508 778 2643 847 gra-

385 880 554 944 tum.
611 870 799 941 Unde
861 872 944 938 in
1013 870 1334 959 ejusmodi
1377 873 1850 940 communitate
1894 877 2023 941 tota
2066 874 2424 967 reperietur
2469 878 2647 941 status

353 988 668 1084 ‘religiosi
693 986 1072 1075 substantia,
1106 986 1256 1055 licet
1276 986 1417 1079 ejus
1444 988 1744 1079 regulam
1788 987 2083 1058 nondum
2110 988 2401 1058 Ecclesia
2426 1008 2646 1081 appro-

387 1108 657 1177 baverit.

475 1222 542 1293 3⁰
599 1220 734 1291 Nec
788 1218 1046 1289 tandem
1089 1218 1256 1287 valet
1317 1218 1481 1287 ratio
1537 1219 1807 1289 deducta
1870 1242 1947 1288 ex
1992 1242 2066 1289 eo
2132 1220 2309 1313 quod
2374 1217 2649 1289 instituta

290 1368 298 1377 ·
385 1337 710 1429 religiosa,
763 1336 889 1404 nisi
933 1336 1014 1403 ab
1071 1334 1355 1405 Ecclesia
1410 1336 1850 1429 approbentur
1872 1390 1890 1421 ,
1947 1339 2077 1405 sint
2135 1338 2529 1431 periculosa3
2584 1356 2650 1403 ac

386 1456 658 1551 proinde
713 1474 1125 1543 nequaquam
1178 1458 1322 1543 apta
1382 1454 1463 1521 ad
1512 1453 2038 1525 constituendum
2092 1455 2503 1547 perfectionis
2553 1472 2647 1519 ac·

388 1572 719 1665 quirendae
749 1576 1009 1639 statum.
1053 1570 1370 1661 Equidem
1421 1571 1700 1641 fatemur
1733 1570 1959 1660 triplex
2000 1574 2352 1642 consilium
2398 1588 2643 1662 evange·

387 1692 596 1761 licum
645 1712 778 1759 non
836 1710 1016 1779 posse
1066 1686 1388 1755 observari
1448 1687 1518 1755 in
1578 1708 1836 1779 genere,
1914 1693 1987 1755 ut
2054 1690 2144 1757 ita
2224 1689 2484 1767 dicam;
2554 1680 2649 1753 sed

388 1806 742 1875 necessario
771 1805 840 1871 in
870 1800 1049 1895 praxi
1080 1802 1403 1870 observari
1428 1804 1610 1892 juxta
1646 1800 1826 1869 hunc
1878 1798 1979 1867 vel
2042 1801 2237 1871 illum
2288 1797 2650 1870 determina·

390 1928 532 1990 tum
570 1922 868 2009 modum,
929 1919 995 1988 id
1053 1926 1170 2007 est,
1215 1920 1398 2009 juxta
1454 1917 1624 1985 banc
1674 1916 1774 1985 vel
1822 1916 1999 1985 illam
2052 1919 2447 2009 peculiarem
2475 1933 2651 2004 regu·

389 2038 548 2107 lam.
586 2038 802 2127 Atque
835 2037 990 2102 item
1021 2035 1302 2101 fatemur
1327 2033 1703 2121 contingere
1754 2055 1936 2125 posse
1982 2041 2080 2114 ut,
2112 2034 2331 2125 quoad
2358 2026 2656 2123 ejusmodi
2785 2022 2786 2035 ¹

391 2160 711 2253 regulam,
759 2159 978 2229 fideles
1010 2157 1441 2249 decipiantur,
1482 2157 1822 2227 honestam
1863 2166 1926 2227 et
1965 2159 2193 2229 utilem
2258 2150 2657 2228 existimando

395 2298 541 2371 quae
569 2275 710 2345 talis
749 2295 970 2344 revera
1014 2294 1147 2364 non
1192 2280 1374 2342 esset.
1423 2275 1685 2360 Atvero‚
1740 2276 2037 2367 quamvis
2080 2274 2387 2347 Ecclesiae
2434 2290 2651 2365 appro-

396 2394 569 2466 batio
592 2393 676 2461 sit
699 2389 1096 2459 tutissimum
1147 2386 1438 2457 medium
1481 2390 1562 2457 ad
1602 2390 1933 2459 vitandam
1978 2394 2299 2479 ejusmodi
2348 2387 2655 2479 deceptio-

397 2540 574 2604 nem,
630 2536 764 2594 non
811 2520 1028 2583 tamen
1075 2520 1168 2583 est
1204 2516 1502 2583 unicum.
1538 2514 1801 2583 Etenim
1847 2516 2171 2585 multoties
2222 2518 2514 2587 sufficere
2551 2528 2655 2601 po-

396 2638 516 2703 test
564 2636 736 2701 recta
787 2631 948 2719 ratio
1009 2637 1071 2698 et
1130 2631 1550 2721 prudentium
1624 2632 1916 2707 virorum
1990 2634 2332 2703 aestimatio
2384 2632 2462 2700 ad
2518 2626 2653 2696 satis

401 2748 916 2841 perspiciendam
945 2746 1218 2837 alicujus
1251 2747 1595 2837 peculiaris
1640 2746 1916 2817 instituti
1954 2750 2351 2819 honestatem
2396 2754 2458 2817 et
2500 2740 2657 2811 utili-

399 2873 618 2950 tatem.
667 2864 750 2935 Et
803 2863 896 2945 sic
948 2862 1344 2966 sufficienter
1397 2864 1725 2933 arcebitur
1776 2865 2025 2934 dictum
2084 2866 2476 2957 periculum,
2512 2876 2656 2949 prae·
2738 2835 2747 2851 ⁶

400 2982 620 3059 sertim
661 3004 813 3051 cum
865 2988 1170 3073 perpetuo
1217 2978 1511 3074 invigilet
1550 2979 1858 3066 Ecclesia,
1887 2986 1952 3051 et
1994 2982 2287 3071 regulam
2340 2978 2649 3053 nocivam,

402 3122 548 3189 quae
593 3100 754 3167 forte
805 3099 1246 3182 induceretur,
1283 3104 1494 3189 posset
1536 3099 1753 3167 statim
1791 3100 2130 3189 prohibere
2184 3107 2251 3174 et
2297 3100 2546 3169 irritam
2574 3089 2656 3159 fa·

385 3235 571 3297 ⁴cere.

493 3328 652 3399 Tres
699 3305 916 3399 autem
976 3330 1298 3401 recensitae
1361 3330 1637 3401 rationes
1677 3331 1829 3402 solae
1861 3338 2039 3418 sunt,
2087 3354 2249 3424 quas
2294 3329 2563 3401 viderim
2596 3322 2656 3389 in
2785 3348 2786 3357 ³

404 3448 678 3538 gratiam
725 3448 1026 3538 oppositae
1072 3449 1398 3519 sententiae
1452 3448 1779 3517 adductas.
1856 3448 2014 3530 Quae
2064 3470 2221 3519 cum
2279 3448 2509 3518 robore
2564 3458 2659 3507 ca-

404 3571 612 3649 reant,
627 3566 767 3655 Jam
796 3566 1026 3631 merito
1045 3564 1344 3635 concludi
1375 3570 1575 3657 potest
1604 3566 1987 3639 sententiam
2012 3564 2197 3637 illam
2214 3566 2417 3635 solido
2446 3556 2659 3631 sunda·
2785 3652 2786 3655 Ἴ

407 3687 627 3753 mento
679 3701 1090 3771 nequaquam
1150 3681 1364 3750 inniti.
1422 3680 1549 3751 Sed
1612 3688 1673 3754 et
1743 3681 1981 3755 directe
2036 3682 2435 3773 probabilior
2482 3675 2661 3745 altera

407 3800 721 3870 sententia
751 3797 1006 3889 probari
1030 3804 1254 3891 potest.
1289 3798 1581 3889 Nempe:
2405 3784 2407 3787 ’

498 3911 576 3982 ll.
609 3915 960 4007 Concipiet
989 3911 1145 3983 dari
1163 3925 1378 4005 potest
1401 3927 1545 3983 tota
1566 3916 1863 4007 reliqiosz'
1880 3926 2096 3985 status
2118 3913 2395 3984 essentia
2438 3906 2661 3996 absque

410 4029 718 4099 Ecclesiae
745 4032 1246 4123 approbatione.
1271 4070 1364 4085 --
1393 4031 1647 4103 Etenim
1674 4034 1836 4101 illud
1867 4034 1944 4101 ad
1974 4034 2068 4103 rei
2092 4030 2515 4103 substantiam
2540 4040 2658 4091 non

415 4148 710 4237 pertinet,
751 4150 922 4237 quod
967 4155 1174 4241 potest
1215 4150 1433 4217 adesse
1466 4149 1566 4217 vel
1610 4170 1739 4219 non
1786 4149 2029 4235 adesse,
2082 4150 2248 4239 quin
2293 4168 2391 4215 res
2442 4137 2662 4211 intrin-

411 4282 550 4331 sece
597 4270 902 4333 mutetur.
962 4267 1162 4357 Atqui
1207 4274 1405 4335 status
1456 4265 1795 4356 religiosus
1846 4268 2190 4335 intrinsece
2241 4266 2417 4335 idem
2466 4271 2663 4327 rema·

419 4384 552 4459 net,
597 4379 730 4449 sive
781 4380 1034 4450 accedat
1085 4385 1218 4452 sive
1259 4406 1389 4455 non
1440 4384 1696 4453 accedat
1732 4382 2036 4454 Ecclesiae
2077 4379 2483 4477 approbatio.
2520 4369 2671 4440 Nam
