2834 4959
1091 329 1244 380 rm
1289 333 1509 382 emm.
2363 333 2447 392 95

213 461 272 522 est
295 453 684 543 neqativum
719 452 933 544 (prout
965 457 1083 534 est,
1123 452 1308 521 verbi
1363 454 1591 543 gratia,
1625 462 1843 525 votum
1899 479 2035 527 non
2094 460 2437 554 nubendi),

209 567 538 659 obligatoria
591 575 690 638 est
759 569 900 658 ejus
968 568 1258 637 executio
1305 569 1387 637 ab
1443 569 1585 660 ipso
1633 572 1855 642 emissi
1910 575 2041 643 voti
2080 587 2431 648 momento.

203 688 430 770 Quando
483 695 714 758 autem
779 693 1004 758 votum
1077 694 1172 758 est
1233 689 1723 781 affirmativum
1785 692 2005 784 (prout
2072 702 2167 766 est
2212 705 2437 768 votum

202 805 362 874 dandi
395 805 686 895 aliquam
731 804 1264 896 eleemosynam),
1295 826 1535 874 vovens
1572 827 1705 876 non
1742 815 1994 878 tenetur
2036 813 2251 880 statim
2274 813 2439 882 illud

204 921 430 1010 exequi3
475 921 578 990 sed
653 926 814 988 tunc
879 919 1290 989 solummodo
1365 921 1595 1012 incipit
1646 923 1901 992 violatio
1972 927 2129 1014 voti,
2179 929 2441 1018 quando

207 1035 458 1128 elapsum
489 1043 584 1104 est
629 1041 892 1126 tempus
923 1035 1248 1106 moraliter
1281 1042 1346 1105 et
1397 1057 1476 1105 ex
1507 1036 1811 1127 prudenti
1854 1040 2277 1111 aestimatione
2320 1065 2439 1111 ne-

209 1151 538 1232 cessarium,
607 1150 688 1219 ad
759 1149 924 1218 illud
985 1151 1324 1220 commode
1401 1157 1467 1220 et
1542 1158 1903 1244 opportune
1962 1153 2432 1244 exequendum.

209 1265 370 1335 Porro
413 1275 636 1336 votnm
673 1267 1084 1357 paupertatiS‚
1118 1268 1188 1336 in
1239 1273 1561 1356 quantum
1601 1268 1845 1357 obligat
1886 1268 1967 1337 ad
2014 1271 2437 1340 alienandum

207 1381 554 1468 dominium,
591 1381 1057 1450 affirmativum
1082 1388 1206 1468 est3
1237 1383 1392 1473 quia
1420 1361 1715 1452 alienatio
1742 1384 1815 1451 fit
1841 1405 1957 1475 per
2000 1391 2217 1455 actum
2265 1387 2440 1477 posi-

202 1499 391 1583 tivum,
419 1519 555 1567 non
581 1504 802 1567 autem
824 1519 940 1589 per
969 1519 1216 1566 meram
1245 1500 1693 1568 omissionem.

258 1619 426 1688 Nota
457 1615 550 1686 3⁰.
587 1653 680 1668 -
705 1614 922 1683 Etiam
943 1614 1000 1682 si
1022 1615 1174 1705 quis
1207 1619 1466 1682 voveret
1502 1621 1977 1706 paupertatem,
2024 1639 2178 1688 cum
2216 1621 2435 1688 inten-

200 1732 336 1798 tione
380 1751 516 1799 >sese
562 1728 874 1798 reddendi
925 1731 1301 1821 incapacem
1345 1728 1694 1820 cujuslibet
1738 1711 2041 1818 dominii,
2086 1753 2217 1799 non
2264 1734 2432 1816 ideo,

197 1846 386 1916 visola
412 1847 608 1936 hujus
641 1847 772 1916 voti
804 1845 1148 1936 simplicis,
1181 1844 1675 1935 incapacitatem
1722 1844 1905 1911 illam
1941 1847 2322 1913 incurreret.
2354 1847 2441 1916 Ut

199 1961 354 2029 enim
391 1967 586 2052 posset
639 1962 839 2030 homo
889 1982 1026 2030 sese
1081 1958 1354 2028 dominii
1411 1959 1797 2048 incapacem·
1834 1957 2125 2043 reddere,
2186 1958 2443 2030 deberet

195 2097 350 2166 posse
391 2075 864 2168 impossibilem
901 2079 972 2145 in
1027 2097 1093 2144 se
1137 2074 1279 2165 ipso
1323 2073 1587 2141 reddere
1628 2071 2019 2142 voluntatem
2066 2073 2439 2144 dominium

194 2193 566 2282 acquirendi,
588 2199 660 2260 ut
711 2213 910 2283 supra
949 2191 1253 2260 diximus.
1310 2188 1512 2258 Porro
1560 2186 1626 2256 id
1684 2189 1907 2259 nullus
1961 2188 2159 2259 homo
2186 2189 2439 2259 efficere

193 2313 401 2394 potest3
431 2309 594 2396 quia
621 2306 987 2376 libertatem
1019 2304 1366 2374 voluntatis
1395 2327 1529 2374 suae
1559 2326 1691 2373 non
1725 2311 1929 2396 potest
1950 2305 2253 2395 abjicere.

259 2421 430 2492 Nota
455 2424 547 2490 4⁰.
589 2457 678 2474 -
711 2419 1189 2490 lnhabilitatem
1233 2418 1312 2487 ad
1373 2419 1745 2489 dominium
1797 2419 2269 2509 acquirendum
2306 2439 2438 2489 non

197 2553 346 2622 posse
373 2537 598 2606 induci
624 2559 740 2630 per
768 2533 988 2604 ullum
1030 2535 1314 2604 hominis
1341 2535 1575 2626 privati
1630 2541 1851 2602 votum
1902 2541 2012 2604 aut
2040 2541 2297 2623 actum3
2330 2534 2440 2604 sed

201 2647 268 2714 ad
305 2649 460 2720 hanc
501 2651 930 2720 inhabilitatis
977 2651 1277 2719 effectum
1315 2649 1563 2738 requiri
1604 2650 2168 2737 supervenientem
2214 2648 2441 2740 dispo-

205 2762 458 2833 sitionem
511 2765 914 2836 auctoritatis
964 2763 1355 2846 extrinsecae,
1430 2765 1722 2853 sequitur
1795 2781 1869 2829 ex
1939 2761 2312 2851 praemissis,
2370 2767 2443 2829 ut

206 2886 364 2967 patet.
407 2881 517 2974 (De
555 2882 660 2950 his
707 2881 856 2950 vide
893 2880 1298 2963 Suaresium,
1329 2877 1408 2947 de
1452 2877 1815 2968 Reliqione,
1872 2882 2138 2945 tractatu
2175 2875 2243 2959 7,
2282 2875 2329 2942 1.
2362 2873 2435 2960 8,

204 3019 252 3063 e.
279 2997 336 3079 5,
359 3021 418 3067 n.
469 3000 552 3070 13
609 3005 672 3068 et
725 2997 892 3090 seq.)
943 2999 1080 3068 Nec
1135 2998 1411 3076 dicatur,
1462 3017 1644 3086 posse
1714 2993 2091 3084 religiosum
2148 2991 2210 3058 vi
2268 2991 2439 3082 pacti

202 3135 330 3181 eum
363 3116 670 3208 religione
705 3114 879 3204 initi,
903 3114 987 3183 ad
1030 3115 1239 3205 ipsam
1267 3110 1641 3191 transferre,
1666 3131 1799 3180 non
1838 3114 2093 3177 tantum
2118 3106 2290 3176 bona
2317 3127 2432 3174 sua

203 3233 516 3314 prasentia,
569 3229 680 3298 sed
747 3230 942 3298 etiam
995 3229 1380 3312 adventitia;
1426 3231 1490 3294 et
1529 3226 1621 3294 sic
1671 3245 1805 3292 sese
1858 3221 2125 3290 reddere
2166 3221 2433 3312 incapa-

203 3361 328 3408 cem
369 3344 655 3416 dominii.
702 3343 868 3414 Nam
922 3367 998 3414 ex
1051 3345 1162 3414 tali
1216 3350 1397 3435 pacto
1443 3363 1576 3410 non
1638 3339 1931 3430 sequitur
1980 3337 2269 3408 absoluta
2316 3337 2433 3405 do-

205 3457 359 3528 minii
385 3460 794 3554 incapacitas,
826 3460 1148 3551 siquidem
1184 3463 1384 3550 potest
1428 3454 1865 3525 communitas
1900 3455 2273 3523 renuntiare
2293 3452 2432 3540 juri

204 3593 318 3661 suo,
345 3585 402 3644 et
423 3585 576 3646 tunc
594 3579 834 3645 iterum
855 3575 1092 3646 habilis
1115 3577 1238 3644 erit
1259 3573 1338 3641 ad
1356 3570 1729 3641 dominium
1754 3569 2247 3662 acquirendum.

1225 3820 1268 3912 g
1300 3819 1384 3888 11.

201 3997 254 4047 De
277 4005 410 4058 variis
435 4005 674 4070 gradibus
695 4003 1026 4070 paupertatis,
1057 4007 1108 4054 et
1131 4003 1366 4066 quisnam
1391 4000 1460 4052 ad
1486 3997 1897 4051 constituendum
1918 3993 2115 4042 statum
2146 3987 2435 4052 religiosum
2482 4041 2491 4050 ,

1174 4088 1416 4141 sufficiat.

271 4265 620 4339 Paorosmo
651 4227 730 4337 i‘.
761 4251 856 4322 -’
898 4265 1238 4337 Possibiles
1297 4259 1760 4353 concipiuntur
1796 4253 1973 4323 varii
2012 4251 2436 4346 paupertatis

199 4381 425 4460 vadus,
461 4423 546 4440 -
571 4383 904 4475 Distingui
923 4404 1162 4473 nempe
1205 4382 1476 4472 possunt
1501 4380 1779 4466 quatuor
1812 4371 2049 4463 gradus
2102 4391 2212 4439 seu
2257 4389 2429 4458 qua·
