2834 4959
1132 304 1285 353 rans
1330 308 1570 355 murm.
2361 309 2483 368 363

190 422 437 515 perstes
492 416 883 505 monachuS,
928 438 1069 487 eam
1118 430 1496 513 perpetuare
1540 445 1694 492 cum
1747 427 2058 497 omnibus
2112 430 2374 519 juribus
2421 445 2486 504 et

188 533 577 629 privilegiis.
622 531 813 601 Unde
841 533 1075 624 poterit
1098 532 1274 605 solus
1299 535 1407 604 ille
1445 542 1760 627 superstes
1787 539 2152 629 religiosus,
2191 543 2261 611 in
2311 566 2478 635 qua-

186 651 348 719 libet
408 646 647 717 mundi
727 650 934 737 parte,
1010 653 1367 719 conventus
1469 654 1988 743 congregationis
2053 678 2184 725 suae
2266 658 2482 750 (modo

192 771 415 835 tamen
442 784 481 831 a
538 761 687 831 sede
729 758 1101 852 Apostolica
1144 760 1295 833 non'
1319 763 1566 833 fuerint
1610 768 1894 859 alienati)
1945 792 2369 859 reassumere,
2421 783 2483 843 et

186 880 287 949 ibi
310 878 682 948 institutum
732 898 929 947 suum
968 884 1349 970 perpetuare
1376 902 1528 951 cum
1571 882 1801 972 priscis
1843 884 2102 974 juribus
2155 892 2218 955 et
2277 888 2482 972 privi-

186 995 404 1085 legiis.
464 992 646 1075 Quod
720 992 776 1060 si
835 1012 956 1061 nec
1023 1014 1200 1061 unus
1269 1003 1600 1066 remaneat
1652 998 1974 1090 professus
2031 1023 2108 1071 ex
2169 1004 2478 1074 omnibus

189 1107 711 1198 congregationis
785 1108 1234 1197 conventibus,
1326 1109 1602 1180 extincta
1661 1114 2079 1205 congregatio
2162 1116 2478 1187 censenda

188 1228 307 1291 est.
500 1288 507 1295 .
820 1291 830 1301 ,
2045 1244 2050 1251 ’

282 1334 662 1405 Psoi-osuio
686 1334 795 1406 Ψ.
830 1374 918 1387 -
942 1336 1128 1405 Dieti
1149 1339 1496 1431 requlares
1525 1356 1838 1433 possunt,
1877 1345 2118 1437 absque
2159 1348 2476 1437 formali-

195 1447 449 1516 tatibus
470 1470 601 1539 pro
635 1447 797 1516 novi
838 1460 1194 1518 conventus
1220 1452 1544 1521 erectione
1587 1456 1944 1546 requisitis,
1997 1462 2476 1529 monasterium

188 1586 387 1633 suum
413 1586 841 1650 reassumere,
882 1578 947 1633 et
977 1567 1160 1657 (casu
1189 1588 1321 1657 quo
1342 1569 1560 1658 fuerit
1585 1567 1918 1661 dirutum)
1969 1572 2156 1641 illud
2189 1575 2475 1666 reaedifi-

189 1702 360 1749 care.
392 1718 485 1733 —
524 1680 961 1762 Quaestionem
998 1681 1299 1774 expendit
1328 1704 1405 1750 ac
1451 1684 1643 1752 solvit
1669 1685 2118 1777 Pasqualigus,
2167 1690 2238 1758 in
2292 1690 2473 1759 hunc

188 1796 509 1865 modum:
550 1820 585 1859 c<
614 1798 721 1865 An
752 1795 1123 1865 solemnitas
1164 1797 1405 1865 horum
1449 1798 1852 1869 decretorum
1900 1801 1992 1892 (1)
2028 1804 2338 1872 servanda
2364 1805 2472 1885 sit,

196 1935 233 1974 α
260 1910 529 2000 quando
577 1916 1043 2003 recuperantur
1096 1913 1492 1981 monasteria
1527 1919 1838 2005 occupata
1866 1913 1948 1983 ab
1983 1915 2326 2001 haereticis,
2359 1925 2474 1985 aut

199 2048 235 2087 «
266 2024 339 2091 in
388 2020 557 2091 hello
598 2023 807 2093 diruta
852 2024 1332 2094 reaedificantur
1358 2023 1393 2092 ⁶?
1437 2024 1746 2115 Negative
1809 2025 2200 2117 respondent
2245 2027 2474 2097 Rodri-

199 2158 505 2229 «gua...
561 2138 889 2210 liezana...
930 2138 1299 2211 Donatus...
1364 2139 1530 2221 Quia
1575 2162 1690 2232 per
1729 2140 1924 2209 talem
1977 2143 2470 2233 occupationem

196 2280 231 2319 «
264 2260 379 2324 aut
429 2254 936 2325 destructionem
988 2276 1121 2325 non
1166 2256 1475 2351 amittunt
1503 2256 1830 2345 regulares
1887 2258 1998 2347 jus
2036 2278 2257 2343 suum,
2315 2280 2468 2328 cum

198 2372 351 2439 «sic
397 2370 715 2441 violenter
766 2378 828 2440 et
876 2372 1117 2459 injuste
1146 2371 1522 2461 spolientur.
1578 2371 1658 2440 Et
1711 2372 1855 2441 ideo
1911 2378 2182 2465 possunt
2217 2394 2473 2465 semper

201 2488 349 2553 «uti
416 2486 569 2576 iure
635 2487 919 2577 proprio.
974 2484 1225 2555 Deinde
1278 2486 1422 2556 haec
1468 2485 1718 2556 decreta
1769 2486 2130 2578 procedunt
2169 2484 2248 2555 de
2305 2508 2471 2558 nova

200 2624 232 2663 α
257 2602 577 2669 erectione
606 2600 1153 2672 monasteriorum
1187 2625 1203 2668 ε
1248 2603 1652 2692 recuperatio
1677 2610 1892 2670 autem
1920 2602 2168 2692 proprii
2215 2623 2469 2672 monas-

202 2740 237 2779 α
268 2716 442 2804 terii,
460 2722 571 2787 aut
593 2717 970 2787 restauratio
997 2737 1131 2785 non
1160 2718 1257 2785 e'st
1273 2735 1440 2783 nova
1467 2714 1726 2783 erectio.

288 2856 323 2898 α
348 2832 455 2901 An
534 2833 923 2905 monasteria
972 2830 1356 2901 reaedificari
1425 2829 1670 2920 possint
1754 2828 1893 2896 sine
1942 2848 2257 2898 consensu
2317 2828 2472 2919 Epi-

198 2973 230 3013 «
256 2948 459 3040 scopi,
507 2954 570 3017 et
614 2946 1015 3017 solemnitate
1049 2948 1287 3017 horum
1338 2944 1744 3013 decretorum
1769 2946 1802 3010 ‘2
1841 2942 2008 3013 Cum
2058 2944 2469 3013 distinctione

196 3089 233 3131 «
262 3064 624 3155 procedunt
676 3064 967 3155 glossa...
1052 3061 1456 3154 Cespedes...
1511 3058 1884 3129 Donatus...
1937 3080 1954 3127 ε
2023 3078 2257 3149 nempe
2335 3080 2465 3129 non

198 3200 231 3241 α
258 3178 504 3267 requiri
553 3176 875 3247 licentiam
930 3176 1234 3268 Episcopi
1282 3180 1347 3244 et
1395 3172 1875 3243 solemnitatem
1924 3172 2354 3257 decretorum,
2413 3174 2468 3239 si

199 3288 718 3359 «monasterium
767 3312 897 3360 non
925 3291 1007 3358 sit
1054 3294 1121 3357 in
1151 3294 1359 3358 totum
1390 3286 1748 3386 dirutum:
1802 3304 1986 3353 secus
2024 3282 2079 3352 si
2129 3284 2212 3353 sit
2257 3272 2464 3352 totum

201 3400 577 3474 «dirutum.
620 3404 810 3476 Tuuc
858 3410 1075 3475 autem
1114 3404 1351 3475 dicitur
1412 3409 1620 3473 totum
1683 3399 2002 3487 dirutum,
2055 3400 2329 3490 *quando
2375 3400 2462 3467 ita

198 3524 351 3588 «est
396 3520 697 3589 funditus
752 3542 1076 3602 eversum,
1128 3525 1202 3589 ut
1263 3541 1475 3610 neque
1531 3520 1904 3589 remaneant
1961 3515 2462 3583 fundamenta...

195 3658 228 3699 α
251 3633 499 3705 Verum
528 3657 685 3705 cum
713 3638 1057 3731 praesentia
1098 3636 1355 3707 decreta
1380 3655 1514 3705 non
1574 3639 1706 3703 tam
1753 3627 2158 3701 considerent
2198 3646 2463 3695 monas-

196 3773 231 3812 α
267 3751 423 3819 teria
476 3753 841 3823 secundum
923 3752 1251 3824 materiale
1343 3752 1628 3839 iabricae,
1708 3747 1822 3819 sed
1905 3744 2270 3819 secundum
2337 3742 2472 3812 for·

195 3887 233 3927 α
257 3865 421 3935 male
450 3869 940 3943 inhabitationis
982 3873 1467 3964 religiosorum,
1497 3876 1560 3941 et
1605 3890 1680 3939 ea
1710 3867 1886 3938 unde
1935 3864 2180 3937 caeteris
2224 3863 2466 3954 praeju-

192 4001 228 4044 α
256 3976 495 4053 dicium
578 3988 923 4079 provenire
990 3992 1215 4079 potest,
1313 4008 1555 4080 parum.
1642 3984 1896 4054 videtur
1976 3980 2214 4049 referre
2287 3974 2462 4066 quod

248 4176 321 4241 (i)
345 4179 531 4249 Nempe
569 4187 990 4240 constitutionum
1040 4188 1313 4241 Clementis
1344 4186 1460 4239 viil
1490 4189 1542 4238 ct
1579 4184 1802 4247 Gregorii
1843 4182 1947 4245 XV,
1977 4180 2158 4246 quibus
2189 4179 2466 4244 requiritur

186 4278 281 4331 1²¹0
302 4274 715 4329 noviconventns
732 4278 1003 4339 erectione,
1028 4276 1231 4329 licentia
1249 4276 1524 4338 ordinarii,
1545 4278 1600 4325 et
1621 4276 1826 4337 insuper
1845 4275 1904 4324 ut
1925 4272 2174 4362 vocentur
2187 4270 2240 4320 et
2260 4266 2464 4319 audian·

188 4360 273 4409 tur
293 4362 437 4418 vicini
460 4369 744 4420 conventus
767 4380 859 4434 per
884 4368 1173 4420 circuitum.
