2834 4959
367 331 492 388 370
935 335 1276 384 TRACTATUS
1321 335 1401 383 m:
1444 336 1596 383 mm:
1636 336 2052 387 assummum.

363 463 592 529 mutet.
652 455 846 542 Nam,
899 457 1034 526 sive
1111 456 1384 527 ratione
1413 457 1808 543 incolarum,
1864 449 2019 528 sive'
2048 460 2297 529 ratione
2351 463 2499 552 Jam
2556 465 2659 536 ibi

358 573 768 644 existentium
846 572 1126 643 aliorum
1217 578 1682 658 conventuum,
1762 579 1973 666 posset
2042 575 2197 644 novi
2270 582 2671 650 monasterii

292 677 310 693 '
355 691 589 761 erectio
649 688 876 762 multis
932 687 1535 758 inconvenientibus
1592 708 1726 757 esse
1776 687 2099 774 obnoxia;
2158 690 2237 760 de
2292 713 2424 781 quo
2473 694 2651 782 judi-

355 806 530 876 cium
581 804 866 897 proferre
907 803 1174 872 nullum
1224 803 1435 891 magis
1480 802 1875 893 expediebat,
1930 825 2129 894 quam
2183 805 2311 875 loci
2352 806 2643 877 Ordina-

349 922 554 1010 rium,
587 927 659 990 ut
696 925 888 1012 patet.
921 917 1009 987 At
1038 939 1185 988 vero
1213 920 1267 988 si
1295 919 1493 989 semel
1530 919 1708 988 utilis
1748 920 2103 990 existimata
2132 922 2333 992 fuerit
2372 929 2439 994 et
2480 947 2639 994 eon-

347 1057 524 1105 eessa
581 1035 732 1104 novi
786 1039 1146 1103 conventus
1223 1034 1487 1116 erectio,
1536 1032 1727 1103 nihili
1786 1039 1897 1104 aut
1941 1033 2167 1104 saltem
2216 1039 2403 1128 parvi
2450 1041 2638 1110 refert

348 1156 744 1221 conventum
768 1148 839 1216 in
867 1150 995 1218 hoc
1024 1148 1126 1217 vel
1150 1147 1262 1216 illo
1288 1147 1565 1218 civitatis
1588 1147 1714 1216 situ
1734 1150 2023 1218 existere.

437 1266 809 1336 Paorosmo
828 1262 936 1333 11².
959 1303 1051 1318 —
1071 1263 1481 1333 Praedictum
1495 1264 1615 1356 jus
1633 1263 2029 1333 cmsendum
2045 1277 2142 1334 est
2162 1264 2465 1354 existere,
2492 1291 2623 1339 non

339 1381 562 1452 solum
577 1401 784 1473 penes
814 1379 1156 1471 reliyiosos
1191 1378 1367 1470 ipsos
1394 1378 1517 1469 qm·
1542 1391 1943 1449 conventum
1978 1392 2137 1450 ante
2166 1381 2631 1474 dispersionem

341 1496 750 1581 incolebant,
792 1492 908 1563 sed
939 1493 1169 1580 etiam,
1203 1492 1282 1562 iis
1313 1493 1463 1562 vita
1498 1495 1779 1584 functi-3,
1824 1497 1896 1566 in
1936 1497 2434 1589 conqreqatione
2468 1499 2629 1568 reli·
2657 1557 2667 1564 .

339 1613 528 1704 qiosa
555 1611 747 1702 cujus
761 1631 932 1703 pars
972 1621 1117 1678 erat
1157 1607 1276 1678 ille
1303 1621 1687 1678 conventus.
1734 1649 1824 1662 -
1864 1609 2011 1680 Huc
2052 1612 2311 1680 redeunt
2336 1613 2622 1682 rationes

333 1727 460 1798 sub
483 1749 616 1820 prae
628 1725 883 1798 cedenti
913 1724 1318 1817 paragrapho
1337 1725 1649 1795 deductae.
1682 1725 1719 1793 J
1724 1747 1801 1794 us
1826 1747 2065 1818 nempe
2092 1734 2477 1798 conventum
2496 1729 2617 1796 ha-

333 1841 529 1911 bendi
547 1843 620 1910 in
646 1841 870 1930 aliqua
890 1839 1170 1925 civitate,
1193 1861 1324 1909 non
1345 1839 1537 1908 datur
1564 1839 1882 1931 religiosis
1906 1847 2219 1932 tanquam
2241 1842 2621 1930 individuis,

329 1954 440 2025 sed
469 1976 587 2046 per
599 1977 773 2026 sonte
810 1955 1068 2042 morali,
1102 1955 1167 2026 id
1201 1961 1319 2042 est,
1351 1956 1859 2046 congregationi.
1889 1955 2077 2028 Unde
2101 1959 2158 2026 si
2183 1964 2317 2028 tota
2355 1979 2621 2049 cougre-

332 2071 502 2161 gatio
565 2071 636 2138 in
664 2071 859 2138 unico
882 2069 995 2138 illo
1035 2074 1359 2138 conventu
1385 2068 1717 2158 existebat,
1762 2077 2105 2140 remanent
2136 2072 2289 2162 jura
2328 2073 2403 2142 in
2424 2073 2619 2165 ipsius

371 2183 682 2272 eligiosis,
735 2189 797 2252 et
843 2182 1323 2252 consolidantur
1369 2183 1440 2252 in
1478 2183 1713 2254 ultimo
1746 2185 2039 2277 ipsorum
2067 2186 2431 2277 superstite.
2480 2187 2615 2256 De·-

341 2298 584 2365 functis
609 2303 825 2366 autem
851 2297 1184 2382 omnibus,
1208 2298 1678 2388 extinguuntur
1696 2357 1703 2362 .
1708 2302 1867 2391 jura
1908 2320 2065 2371 cum
2104 2301 2246 2392 ipsa
2264 2323 2617 2402 congrega-

332 2416 528 2482 tione.
565 2412 657 2481 At
684 2433 862 2498 vero,
909 2415 965 2482 si
995 2418 1348 2482 conventus
1382 2413 1491 2482 ille
1524 2435 1671 2505 pars
1707 2415 1907 2488 suerit
1929 2417 2208 2509 alicujus
2240 2418 2613 2510 provinciae,

333 2529 470 2596 sive
518 2526 840 2615 defunctis
893 2527 964 2595 in
1016 2527 1442 2618 dispersione,
1490 2529 1623 2598 sive
1673 2530 1890 2600 adhuc
1940 2532 2391 2622 superstitibus
2442 2533 2613 2602 illius

333 2641 712 2711 monasterii
751 2641 1096 2732 religiosiS,
1135 2644 1246 2732 jus.
1285 2641 1376 2712 ihi
1431 2651 1825 2714 conventum
1867 2647 2177 2735 habendi,
2224 2648 2296 2717 in
2346 2647 2612 2719 diversis

329 2755 526 2826 etiam
580 2755 852 2845 aedibus,
922 2761 1215 2826 remanet
1275 2778 1467 2847 penes
1527 2758 2040 2848 provincialem3
2100 2762 2459 2852 poteritque
2529 2763 2605 2848 is,

329 2871 544 2940 missis
589 2892 754 2961 quos
800 2870 1074 2940 voluerit
1117 2873 1473 2962 provinciae
1516 2893 1649 2943 suae
1696 2874 2042 2964 religiosis,
2092 2884 2482 2947 conventum
2520 2878 2611 2948 ibi

333 2987 712 3054 instaurare.
763 2985 846 3054 Et
891 2984 1150 3054 tandem
1203 2987 1256 3054 si
1305 2987 1543 3055 unicus
1572 3009 1609 3056 e
1656 2993 1786 3057 tota
1832 2993 2329 3081 congregatione
2382 3014 2609 3084 super-

333 3102 440 3184 sit,
483 3121 681 3192 penes
703 3101 885 3169 hunc
909 3101 1020 3189 jus
1061 3099 1141 3168 de
1171 3122 1303 3190 quo
1327 3100 1664 3190 loquimur
1708 3104 1973 3173 existere
2026 3107 2415 3174 censendum
2468 3107 2607 3174 erit.

327 3220 492 3312 Quoe
515 3223 764 3306 omnia,
811 3242 887 3289 ex
920 3219 1109 3290 dietis
1147 3216 1271 3288 sub
1299 3222 1687 3312 praecedenti
1728 3226 2157 3314 paragrapho,
2196 3227 2342 3294 satis
2370 3231 2604 3315 patent.

425 3333 506 3402 Et
552 3340 810 3403 notetur
833 3331 1086 3404 nullam‘
1111 3331 1178 3402 in
1206 3335 1330 3404 hac
1373 3337 1639 3406 materia
1663 3340 1903 3428 opponi
1950 3361 2130 3432 posse
2185 3339 2609 3432 praescriptio-

337 3469 513 3533 nem,
561 3455 681 3518 aut
722 3449 1029 3542 temporis
1073 3449 1366 3541 lapsum3
1419 3452 1573 3540 quia
1613 3461 1834 3522 eontra
1892 3453 2191 3542 spoliatos
2245 3476 2379 3524 non
2418 3453 2605 3524 currit

336 3563 761 3655 praescriptio.

1375 3795 1417 3884 g
1462 3793 1571 3864 ιιι.

338 3959 492 4009 Casus
537 3957 869 4022 regularium,
913 3969 1134 4023 quornm
1171 3959 1476 4088 monasteria
1524 3959 1735 4011 ruerunt
1775 3957 1989 4013 Romani
2032 3959 2287 4013 Pontisscts
2314 3962 2593 4013 anctoritate

1403 4039 1594 4091 tenuta.

425 4232 520 4302 De
563 4233 642 4303 iis
669 4235 994 4327 praecipue
1033 4233 1445 4323 regularibus
1494 4235 1911 4326 expendenda
1948 4236 2127 4306 venit
2164 4235 2456 4326 quaestio,
2500 4255 2596 4314 au,

335 4349 576 4439 absque
631 4371 795 4420 nova
862 4349 1192 4421 Ordinarii
1247 4348 1531 4435 licentia,
1602 4353 1849 4443 possint
1904 4353 2402 4423 communitates
2463 4367 2597 4418 suas
