<?xml version="1.0" encoding="UTF-8"?>
<!DOCTYPE html PUBLIC "-//W3C//DTD XHTML 1.0 Transitional//EN"
    "http://www.w3.org/TR/xhtml1/DTD/xhtml1-transitional.dtd">
<html xmlns="http://www.w3.org/1999/xhtml" xml:lang="en" lang="en">
 <head>
  <title>
</title>
<meta http-equiv="Content-Type" content="text/html;charset=utf-8" />
  <meta name='ocr-system' content='tesseract 3.04.00' />
  <meta name='ocr-capabilities' content='ocr_page ocr_carea ocr_par ocr_line ocrx_word'/>
</head>
<body>
  <div class='ocr_page' id='page_1' title='image "./tractatusdejure01unkngoog_0052.png"; bbox 0 0 2834 4959; ppageno 0'>
   <div class='ocr_carea' id='block_1_1' title="bbox 474 289 2141 347">
    <p class='ocr_par' dir='ltr' id='par_1_1' title="bbox 474 289 2141 347">
     <span class='ocr_line' id='line_1_1' title="bbox 474 289 2141 347; baseline 0 -3"><span class='ocrx_word' id='word_1_1' title='bbox 474 289 556 344; x_wconf 62' lang='grc'><strong>34</strong></span> <span class='ocrx_word' id='word_1_2' title='bbox 1021 297 1359 345; x_wconf 70' lang='lat' dir='ltr'><strong>moruus</strong></span> <span class='ocrx_word' id='word_1_3' title='bbox 1403 298 1485 345; x_wconf 73' lang='grc' dir='ltr'><strong>ΒΕ</strong></span> <span class='ocrx_word' id='word_1_4' title='bbox 1528 298 1677 345; x_wconf 68' lang='lat' dir='ltr'><strong>sumt</strong></span> <span class='ocrx_word' id='word_1_5' title='bbox 1724 298 2141 347; x_wconf 59' lang='lat' dir='ltr'><strong>nonnullum.</strong></span> 
     </span>
    </p>
   </div>
   <div class='ocr_carea' id='block_1_2' title="bbox 443 418 2786 4405">
    <p class='ocr_par' dir='ltr' id='par_1_2' title="bbox 455 418 2786 3263">
     <span class='ocr_line' id='line_1_2' title="bbox 467 418 2709 509; baseline 0 -21"><span class='ocrx_word' id='word_1_6' title='bbox 467 418 763 488; x_wconf 82' lang='lat' dir='ltr'><strong>castitatis</strong></span> <span class='ocrx_word' id='word_1_7' title='bbox 822 438 1078 509; x_wconf 80' lang='lat' dir='ltr'><strong>nempe,</strong></span> <span class='ocrx_word' id='word_1_8' title='bbox 1135 419 1523 507; x_wconf 79' lang='lat' dir='ltr'><strong>paupertatis</strong></span> <span class='ocrx_word' id='word_1_9' title='bbox 1570 425 1633 487; x_wconf 90' lang='lat' dir='ltr'><strong>et</strong></span> <span class='ocrx_word' id='word_1_10' title='bbox 1676 418 2075 489; x_wconf 71' lang='lat' dir='ltr'><strong>obedientiae.</strong></span> <span class='ocrx_word' id='word_1_11' title='bbox 2124 419 2227 487; x_wconf 79' lang='lat' dir='ltr'><strong>Ad</strong></span> <span class='ocrx_word' id='word_1_12' title='bbox 2291 440 2433 509; x_wconf 82' lang='lat' dir='ltr'><strong>quae</strong></span> <span class='ocrx_word' id='word_1_13' title='bbox 2478 420 2532 488; x_wconf 92' lang='lat' dir='ltr'><strong>si</strong></span> <span class='ocrx_word' id='word_1_14' title='bbox 2583 428 2709 489; x_wconf 72' lang='lat' dir='ltr'><strong>voto</strong></span> 
     </span>
     <span class='ocr_line' id='line_1_3' title="bbox 469 532 2709 625; baseline 0.001 -24"><span class='ocrx_word' id='word_1_15' title='bbox 469 554 540 601; x_wconf 84' lang='lat' dir='ltr'><strong>se</strong></span> <span class='ocrx_word' id='word_1_16' title='bbox 585 532 731 623; x_wconf 87' lang='lat' dir='ltr'><strong>quis</strong></span> <span class='ocrx_word' id='word_1_17' title='bbox 781 532 1157 623; x_wconf 79' lang='lat' dir='ltr'><strong>adstringat,</strong></span> <span class='ocrx_word' id='word_1_18' title='bbox 1207 554 1338 601; x_wconf 89' lang='lat' dir='ltr'><strong>non</strong></span> <span class='ocrx_word' id='word_1_19' title='bbox 1403 554 1651 602; x_wconf 75' lang='lat' dir='ltr'><strong>novum</strong></span> <span class='ocrx_word' id='word_1_20' title='bbox 1693 554 1831 603; x_wconf 89' lang='lat' dir='ltr'><strong>esse</strong></span> <span class='ocrx_word' id='word_1_21' title='bbox 1881 534 2227 603; x_wconf 87' lang='lat' dir='ltr'><strong>consilium</strong></span> <span class='ocrx_word' id='word_1_22' title='bbox 2274 535 2485 625; x_wconf 90' lang='lat' dir='ltr'><strong>quoad</strong></span> <span class='ocrx_word' id='word_1_23' title='bbox 2532 542 2709 603; x_wconf 88' lang='lat' dir='ltr'><strong>mate-</strong></span> 
     </span>
     <span class='ocr_line' id='line_1_4' title="bbox 467 646 2710 739; baseline 0 -24"><span class='ocrx_word' id='word_1_24' title='bbox 467 646 658 732; x_wconf 87' lang='lat' dir='ltr'><strong>riam,</strong></span> <span class='ocrx_word' id='word_1_25' title='bbox 709 646 874 717; x_wconf 89' lang='lat' dir='ltr'><strong>bene</strong></span> <span class='ocrx_word' id='word_1_26' title='bbox 923 654 1140 716; x_wconf 88' lang='lat' dir='ltr'><strong>autem</strong></span> <span class='ocrx_word' id='word_1_27' title='bbox 1193 648 1404 739; x_wconf 89' lang='lat' dir='ltr'><strong>quoad</strong></span> <span class='ocrx_word' id='word_1_28' title='bbox 1462 646 1757 732; x_wconf 89' lang='lat' dir='ltr'><strong>modum,</strong></span> <span class='ocrx_word' id='word_1_29' title='bbox 1814 648 2143 717; x_wconf 83' lang='lat' dir='ltr'><strong>adnotant.</strong></span> <span class='ocrx_word' id='word_1_30' title='bbox 2184 646 2308 718; x_wconf 88' lang='lat' dir='ltr'><strong>Hic</strong></span> <span class='ocrx_word' id='word_1_31' title='bbox 2360 656 2572 717; x_wconf 88' lang='lat' dir='ltr'><strong>tamen</strong></span> <span class='ocrx_word' id='word_1_32' title='bbox 2625 648 2710 715; x_wconf 92' lang='lat' dir='ltr'><strong>lo-</strong></span> 
     </span>
     <span class='ocr_line' id='line_1_5' title="bbox 463 758 2710 851; baseline -0 -24"><span class='ocrx_word' id='word_1_33' title='bbox 463 759 704 849; x_wconf 88' lang='lat' dir='ltr'><strong>quendi</strong></span> <span class='ocrx_word' id='word_1_34' title='bbox 729 765 887 828; x_wconf 85' lang='lat' dir='ltr'><strong>usus</strong></span> <span class='ocrx_word' id='word_1_35' title='bbox 931 780 1343 849; x_wconf 85' lang='lat' dir='ltr'><strong>nequaquam</strong></span> <span class='ocrx_word' id='word_1_36' title='bbox 1394 759 1625 827; x_wconf 82' lang='lat' dir='ltr'><strong>evertit</strong></span> <span class='ocrx_word' id='word_1_37' title='bbox 1666 759 1843 851; x_wconf 90' lang='lat' dir='ltr'><strong>quod</strong></span> <span class='ocrx_word' id='word_1_38' title='bbox 1884 760 2199 851; x_wconf 76' lang='lat' dir='ltr'><strong>superiori</strong></span> <span class='ocrx_word' id='word_1_39' title='bbox 2248 760 2590 850; x_wconf 81' lang='lat' dir='ltr'><strong>quaestione</strong></span> <span class='ocrx_word' id='word_1_40' title='bbox 2626 758 2710 827; x_wconf 90' lang='lat' dir='ltr'><strong>di-</strong></span> 
     </span>
     <span class='ocr_line' id='line_1_6' title="bbox 463 872 2707 964; baseline -0.001 -23"><span class='ocrx_word' id='word_1_41' title='bbox 463 879 640 941; x_wconf 86' lang='lat' dir='ltr'><strong>ctum</strong></span> <span class='ocrx_word' id='word_1_42' title='bbox 683 882 777 942; x_wconf 89' lang='lat' dir='ltr'><strong>est</strong></span> <span class='ocrx_word' id='word_1_43' title='bbox 827 876 906 944; x_wconf 90' lang='lat' dir='ltr'><strong>de</strong></span> <span class='ocrx_word' id='word_1_44' title='bbox 933 875 1255 955; x_wconf 86' lang='lat' dir='ltr'><strong>immensa</strong></span> <span class='ocrx_word' id='word_1_45' title='bbox 1297 875 1721 945; x_wconf 81' lang='lat' dir='ltr'><strong>consiliorum</strong></span> <span class='ocrx_word' id='word_1_46' title='bbox 1776 874 2217 943; x_wconf 87' lang='lat' dir='ltr'><strong>multitudine.</strong></span> <span class='ocrx_word' id='word_1_47' title='bbox 2274 872 2438 943; x_wconf 90' lang='lat' dir='ltr'><strong>Nam</strong></span> <span class='ocrx_word' id='word_1_48' title='bbox 2488 874 2707 964; x_wconf 78' lang='lat' dir='ltr'><strong>praefati</strong></span> 
     </span>
     <span class='ocr_line' id='line_1_7' title="bbox 460 989 2706 1079; baseline -0.001 -24"><span class='ocrx_word' id='word_1_49' title='bbox 460 996 751 1057; x_wconf 80' lang='lat' dir='ltr'><strong>auctores</strong></span> <span class='ocrx_word' id='word_1_50' title='bbox 795 990 875 1058; x_wconf 89' lang='lat' dir='ltr'><strong>de</strong></span> <span class='ocrx_word' id='word_1_51' title='bbox 927 992 1294 1059; x_wconf 86' lang='lat' dir='ltr'><strong>memoratis</strong></span> <span class='ocrx_word' id='word_1_52' title='bbox 1342 990 1551 1059; x_wconf 88' lang='lat' dir='ltr'><strong>tribus</strong></span> <span class='ocrx_word' id='word_1_53' title='bbox 1602 989 1887 1059; x_wconf 86' lang='lat' dir='ltr'><strong>consiliis</strong></span> <span class='ocrx_word' id='word_1_54' title='bbox 1932 990 2289 1079; x_wconf 87' lang='lat' dir='ltr'><strong>loquuntur</strong></span> <span class='ocrx_word' id='word_1_55' title='bbox 2350 996 2706 1057; x_wconf 84' lang='lat' dir='ltr'><strong>antonoma-</strong></span> 
     </span>
     <span class='ocr_line' id='line_1_8' title="bbox 463 1100 2707 1196; baseline 0.001 -29"><span class='ocrx_word' id='word_1_56' title='bbox 463 1102 614 1170; x_wconf 89' lang='lat' dir='ltr'><strong>stice</strong></span> <span class='ocrx_word' id='word_1_57' title='bbox 661 1127 678 1186; x_wconf 92' lang='lat'><strong>;</strong></span> <span class='ocrx_word' id='word_1_58' title='bbox 727 1110 1047 1193; x_wconf 87' lang='lat' dir='ltr'><strong>quatenus</strong></span> <span class='ocrx_word' id='word_1_59' title='bbox 1101 1104 1347 1174; x_wconf 88' lang='lat' dir='ltr'><strong>scilicet</strong></span> <span class='ocrx_word' id='word_1_60' title='bbox 1406 1104 1735 1196; x_wconf 84' lang='lat' dir='ltr'><strong>praecipua</strong></span> <span class='ocrx_word' id='word_1_61' title='bbox 1792 1111 1969 1193; x_wconf 85' lang='lat' dir='ltr'><strong>sunt,</strong></span> <span class='ocrx_word' id='word_1_62' title='bbox 2015 1110 2079 1171; x_wconf 91' lang='lat' dir='ltr'><strong>et</strong></span> <span class='ocrx_word' id='word_1_63' title='bbox 2137 1104 2379 1173; x_wconf 77' lang='lat' dir='ltr'><strong>caeteris</strong></span> <span class='ocrx_word' id='word_1_64' title='bbox 2428 1100 2707 1171; x_wconf 81' lang='lat' dir='ltr'><strong>omnibus</strong></span> 
     </span>
     <span class='ocr_line' id='line_1_9' title="bbox 459 1218 2705 1310; baseline -0 -25"><span class='ocrx_word' id='word_1_65' title='bbox 459 1218 654 1310; x_wconf 84' lang='lat' dir='ltr'><strong>longe</strong></span> <span class='ocrx_word' id='word_1_66' title='bbox 679 1220 1116 1309; x_wconf 66' lang='lat' dir='ltr'><strong>praestantiora</strong></span> <span class='ocrx_word' id='word_1_67' title='bbox 1139 1221 1347 1289; x_wconf 86' lang='lat' dir='ltr'><strong>media</strong></span> <span class='ocrx_word' id='word_1_68' title='bbox 1374 1220 1456 1288; x_wconf 87' lang='lat' dir='ltr'><strong>ad</strong></span> <span class='ocrx_word' id='word_1_69' title='bbox 1484 1221 1940 1310; x_wconf 80' lang='lat' dir='ltr'><strong>acquirendam</strong></span> <span class='ocrx_word' id='word_1_70' title='bbox 1970 1220 2451 1310; x_wconf 69' lang='lat' dir='ltr'><strong>perfectionem.</strong></span> <span class='ocrx_word' id='word_1_71' title='bbox 2500 1218 2577 1287; x_wconf 90' lang='lat' dir='ltr'><strong>Et</strong></span> <span class='ocrx_word' id='word_1_72' title='bbox 2612 1239 2705 1285; x_wconf 87' lang='lat' dir='ltr'><strong>re·-</strong></span> 
     </span>
     <span class='ocr_line' id='line_1_10' title="bbox 460 1333 2705 1425; baseline -0.001 -23"><span class='ocrx_word' id='word_1_73' title='bbox 460 1357 608 1403; x_wconf 82' lang='lat' dir='ltr'><strong>vera</strong></span> <span class='ocrx_word' id='word_1_74' title='bbox 632 1336 874 1425; x_wconf 88' lang='lat' dir='ltr'><strong>absque</strong></span> <span class='ocrx_word' id='word_1_75' title='bbox 895 1335 1026 1402; x_wconf 88' lang='lat' dir='ltr'><strong>illis</strong></span> <span class='ocrx_word' id='word_1_76' title='bbox 1053 1334 1264 1403; x_wconf 88' lang='lat' dir='ltr'><strong>tribus</strong></span> <span class='ocrx_word' id='word_1_77' title='bbox 1299 1334 1587 1404; x_wconf 87' lang='lat' dir='ltr'><strong>consiliis</strong></span> <span class='ocrx_word' id='word_1_78' title='bbox 1616 1335 1931 1408; x_wconf 83' lang='lat' dir='ltr'><strong>obnoxius</strong></span> <span class='ocrx_word' id='word_1_79' title='bbox 1970 1342 2261 1405; x_wconf 81' lang='lat' dir='ltr'><strong>remanet</strong></span> <span class='ocrx_word' id='word_1_80' title='bbox 2304 1338 2499 1405; x_wconf 90' lang='lat' dir='ltr'><strong>homo</strong></span> <span class='ocrx_word' id='word_1_81' title='bbox 2521 1333 2705 1401; x_wconf 87' lang='lat' dir='ltr'><strong>tribus</strong></span> 
     </span>
     <span class='ocr_line' id='line_1_11' title="bbox 461 1448 2708 1542; baseline -0.004 -22"><span class='ocrx_word' id='word_1_82' title='bbox 461 1453 718 1541; x_wconf 87' lang='lat' dir='ltr'><strong>magnis</strong></span> <span class='ocrx_word' id='word_1_83' title='bbox 782 1451 1289 1542; x_wconf 77' lang='lat' dir='ltr'><strong>impedimentis,</strong></span> <span class='ocrx_word' id='word_1_84' title='bbox 1346 1472 1491 1541; x_wconf 81' lang='lat' dir='ltr'><strong>quae</strong></span> <span class='ocrx_word' id='word_1_85' title='bbox 1554 1451 1804 1520; x_wconf 89' lang='lat' dir='ltr'><strong>obstare</strong></span> <span class='ocrx_word' id='word_1_86' title='bbox 1864 1450 2071 1520; x_wconf 83' lang='lat' dir='ltr'><strong>solent</strong></span> <span class='ocrx_word' id='word_1_87' title='bbox 2126 1472 2209 1519; x_wconf 85' lang='lat' dir='ltr'><strong>ne</strong></span> <span class='ocrx_word' id='word_1_88' title='bbox 2260 1452 2341 1523; x_wconf 87' lang='lat' dir='ltr'><strong>ad</strong></span> <span class='ocrx_word' id='word_1_89' title='bbox 2384 1448 2708 1541; x_wconf 78' lang='lat' dir='ltr'><strong>perfectam</strong></span> 
     </span>
     <span class='ocr_line' id='line_1_12' title="bbox 460 1558 2709 1657; baseline -0.005 -23"><span class='ocrx_word' id='word_1_90' title='bbox 460 1565 578 1635; x_wconf 90' lang='lat' dir='ltr'><strong>Dei</strong></span> <span class='ocrx_word' id='word_1_91' title='bbox 623 1566 997 1635; x_wconf 87' lang='lat' dir='ltr'><strong>charitatem</strong></span> <span class='ocrx_word' id='word_1_92' title='bbox 1047 1565 1417 1657; x_wconf 83' lang='lat' dir='ltr'><strong>perveniat3</strong></span> <span class='ocrx_word' id='word_1_93' title='bbox 1453 1574 1730 1657; x_wconf 80' lang='lat' dir='ltr'><strong>suntque</strong></span> <span class='ocrx_word' id='word_1_94' title='bbox 1778 1588 2001 1635; x_wconf 89' lang='lat' dir='ltr'><strong>rerum</strong></span> <span class='ocrx_word' id='word_1_95' title='bbox 2060 1565 2523 1657; x_wconf 86' lang='lat' dir='ltr'><strong>temporalium</strong></span> <span class='ocrx_word' id='word_1_96' title='bbox 2556 1558 2709 1628; x_wconf 85' lang='lat' dir='ltr'><strong>solli·</strong></span> 
     </span>
     <span class='ocr_line' id='line_1_13' title="bbox 463 1671 2707 1771; baseline -0.005 -22"><span class='ocrx_word' id='word_1_97' title='bbox 463 1681 704 1766; x_wconf 89' lang='lat' dir='ltr'><strong>citudo,</strong></span> <span class='ocrx_word' id='word_1_98' title='bbox 766 1681 1171 1771; x_wconf 79' lang='lat' dir='ltr'><strong>voluptatum</strong></span> <span class='ocrx_word' id='word_1_99' title='bbox 1241 1680 1587 1765; x_wconf 60' lang='lat' dir='ltr'><strong>illecebrae,</strong></span> <span class='ocrx_word' id='word_1_100' title='bbox 1658 1687 1720 1749; x_wconf 91' lang='lat' dir='ltr'><strong>et</strong></span> <span class='ocrx_word' id='word_1_101' title='bbox 1764 1682 2038 1771; x_wconf 80' lang='lat' dir='ltr'><strong>propriae</strong></span> <span class='ocrx_word' id='word_1_102' title='bbox 2092 1682 2412 1750; x_wconf 74' lang='lat' dir='ltr'><strong>libertatis</strong></span> <span class='ocrx_word' id='word_1_103' title='bbox 2486 1671 2707 1745; x_wconf 84' lang='lat' dir='ltr'><strong>exerci-</strong></span> 
     </span>
     <span class='ocr_line' id='line_1_14' title="bbox 455 1788 2709 1887; baseline -0.003 -22"><span class='ocrx_word' id='word_1_104' title='bbox 455 1796 646 1865; x_wconf 78' lang='lat' dir='ltr'><strong>tium.</strong></span> <span class='ocrx_word' id='word_1_105' title='bbox 697 1795 750 1865; x_wconf 90' lang='lat' dir='ltr'><strong>E</strong></span> <span class='ocrx_word' id='word_1_106' title='bbox 801 1804 1024 1863; x_wconf 88' lang='lat' dir='ltr'><strong>contra</strong></span> <span class='ocrx_word' id='word_1_107' title='bbox 1071 1796 1272 1864; x_wconf 89' lang='lat' dir='ltr'><strong>trium</strong></span> <span class='ocrx_word' id='word_1_108' title='bbox 1326 1795 1649 1865; x_wconf 87' lang='lat' dir='ltr'><strong>dictorum</strong></span> <span class='ocrx_word' id='word_1_109' title='bbox 1710 1794 2130 1865; x_wconf 88' lang='lat' dir='ltr'><strong>consiliorum</strong></span> <span class='ocrx_word' id='word_1_110' title='bbox 2184 1798 2425 1887; x_wconf 74' lang='lat' dir='ltr'><strong>praxis,</strong></span> <span class='ocrx_word' id='word_1_111' title='bbox 2473 1788 2709 1884; x_wconf 74' lang='lat' dir='ltr'><strong>proelala</strong></span> 
     </span>
     <span class='ocr_line' id='line_1_15' title="bbox 455 1900 2707 2003; baseline -0.006 -22"><span class='ocrx_word' id='word_1_112' title='bbox 455 1913 920 2003; x_wconf 84' lang='lat' dir='ltr'><strong>impedimenta</strong></span> <span class='ocrx_word' id='word_1_113' title='bbox 964 1912 1377 1994; x_wconf 82' lang='lat' dir='ltr'><strong>removendo,</strong></span> <span class='ocrx_word' id='word_1_114' title='bbox 1437 1911 1693 1979; x_wconf 79' lang='lat' dir='ltr'><strong>facilem</strong></span> <span class='ocrx_word' id='word_1_115' title='bbox 1744 1912 1995 1981; x_wconf 88' lang='lat' dir='ltr'><strong>homini</strong></span> <span class='ocrx_word' id='word_1_116' title='bbox 2070 1912 2283 1981; x_wconf 88' lang='lat' dir='ltr'><strong>reddit</strong></span> <span class='ocrx_word' id='word_1_117' title='bbox 2333 1900 2707 2003; x_wconf 72' lang='lat' dir='ltr'><strong>perfectionis</strong></span> 
     </span>
     <span class='ocr_line' id='line_1_16' title="bbox 458 2026 2707 2120; baseline -0.004 -25"><span class='ocrx_word' id='word_1_118' title='bbox 458 2030 999 2120; x_wconf 89' lang='lat' dir='ltr'><strong>prosecutionem.</strong></span> <span class='ocrx_word' id='word_1_119' title='bbox 1031 2026 1267 2116; x_wconf 87' lang='lat' dir='ltr'><strong>Estque</strong></span> <span class='ocrx_word' id='word_1_120' title='bbox 1298 2028 1405 2094; x_wconf 88' lang='lat' dir='ltr'><strong>ille</strong></span> <span class='ocrx_word' id='word_1_121' title='bbox 1442 2027 1596 2095; x_wconf 89' lang='lat' dir='ltr'><strong>dicti</strong></span> <span class='ocrx_word' id='word_1_122' title='bbox 1647 2027 1921 2118; x_wconf 86' lang='lat' dir='ltr'><strong>triplicis</strong></span> <span class='ocrx_word' id='word_1_123' title='bbox 1964 2028 2219 2096; x_wconf 89' lang='lat' dir='ltr'><strong>consilii</strong></span> <span class='ocrx_word' id='word_1_124' title='bbox 2266 2028 2529 2096; x_wconf 84' lang='lat' dir='ltr'><strong>effectus</strong></span> <span class='ocrx_word' id='word_1_125' title='bbox 2570 2036 2707 2087; x_wconf 84' lang='lat' dir='ltr'><strong>con-</strong></span> 
     </span>
     <span class='ocr_line' id='line_1_17' title="bbox 458 2134 2705 2233; baseline -0.006 -22"><span class='ocrx_word' id='word_1_126' title='bbox 458 2150 630 2211; x_wconf 80' lang='lat' dir='ltr'><strong>stans</strong></span> <span class='ocrx_word' id='word_1_127' title='bbox 695 2152 758 2208; x_wconf 89' lang='lat' dir='ltr'><strong>et</strong></span> <span class='ocrx_word' id='word_1_128' title='bbox 801 2161 1230 2229; x_wconf 81' lang='lat' dir='ltr'><strong>permanens3</strong></span> <span class='ocrx_word' id='word_1_129' title='bbox 1299 2161 1417 2208; x_wconf 87' lang='lat' dir='ltr'><strong>nec</strong></span> <span class='ocrx_word' id='word_1_130' title='bbox 1490 2146 1749 2209; x_wconf 78' lang='lat' dir='ltr'><strong>tantum</strong></span> <span class='ocrx_word' id='word_1_131' title='bbox 1802 2142 1879 2210; x_wconf 86' lang='lat' dir='ltr'><strong>ad</strong></span> <span class='ocrx_word' id='word_1_132' title='bbox 1928 2142 2211 2233; x_wconf 85' lang='lat' dir='ltr'><strong>aliquem</strong></span> <span class='ocrx_word' id='word_1_133' title='bbox 2291 2134 2705 2209; x_wconf 87' lang='lat' dir='ltr'><strong>transitorium</strong></span> 
     </span>
     <span class='ocr_line' id='line_1_18' title="bbox 458 2245 2708 2349; baseline -0.006 -22"><span class='ocrx_word' id='word_1_134' title='bbox 458 2255 866 2349; x_wconf 81' lang='lat' dir='ltr'><strong>perfectionis</strong></span> <span class='ocrx_word' id='word_1_135' title='bbox 919 2260 1134 2322; x_wconf 88' lang='lat' dir='ltr'><strong>actum</strong></span> <span class='ocrx_word' id='word_1_136' title='bbox 1185 2256 1449 2343; x_wconf 76' lang='lat' dir='ltr'><strong>JuvanS‚</strong></span> <span class='ocrx_word' id='word_1_137' title='bbox 1516 2254 1625 2323; x_wconf 90' lang='lat' dir='ltr'><strong>sed</strong></span> <span class='ocrx_word' id='word_1_138' title='bbox 1685 2256 1969 2325; x_wconf 87' lang='lat' dir='ltr'><strong>hominis</strong></span> <span class='ocrx_word' id='word_1_139' title='bbox 2018 2258 2215 2327; x_wconf 74' lang='lat' dir='ltr'><strong>vitam</strong></span> <span class='ocrx_word' id='word_1_140' title='bbox 2272 2245 2708 2326; x_wconf 73' lang='lat' dir='ltr'><strong>universaliter</strong></span> 
     </span>
     <span class='ocr_line' id='line_1_19' title="bbox 457 2366 2786 2465; baseline -0.007 -18"><span class='ocrx_word' id='word_1_141' title='bbox 457 2376 746 2447; x_wconf 83' lang='lat' dir='ltr'><strong>afficiens</strong></span> <span class='ocrx_word' id='word_1_142' title='bbox 771 2425 791 2455; x_wconf 89' lang='lat'><strong>,</strong></span> <span class='ocrx_word' id='word_1_143' title='bbox 845 2393 1118 2461; x_wconf 89' lang='lat' dir='ltr'><strong>eamque</strong></span> <span class='ocrx_word' id='word_1_144' title='bbox 1182 2380 1629 2461; x_wconf 85' lang='lat' dir='ltr'><strong>permanenter</strong></span> <span class='ocrx_word' id='word_1_145' title='bbox 1678 2381 1894 2465; x_wconf 89' lang='lat' dir='ltr'><strong>aptam</strong></span> <span class='ocrx_word' id='word_1_146' title='bbox 1946 2376 2218 2446; x_wconf 86' lang='lat' dir='ltr'><strong>reddens</strong></span> <span class='ocrx_word' id='word_1_147' title='bbox 2266 2375 2350 2447; x_wconf 89' lang='lat' dir='ltr'><strong>ad</strong></span> <span class='ocrx_word' id='word_1_148' title='bbox 2392 2366 2707 2465; x_wconf 77' lang='lat' dir='ltr'><strong>perfectio·</strong></span> <span class='ocrx_word' id='word_1_149' title='bbox 2785 2418 2786 2425; x_wconf 11' lang='grc' dir='ltr'><strong>κ</strong></span> 
     </span>
     <span class='ocr_line' id='line_1_20' title="bbox 457 2485 2709 2583; baseline -0.003 -26"><span class='ocrx_word' id='word_1_150' title='bbox 457 2510 609 2557; x_wconf 89' lang='lat' dir='ltr'><strong>nem</strong></span> <span class='ocrx_word' id='word_1_151' title='bbox 662 2486 1142 2576; x_wconf 87' lang='lat' dir='ltr'><strong>acquirendam.</strong></span> <span class='ocrx_word' id='word_1_152' title='bbox 1199 2485 1383 2557; x_wconf 90' lang='lat' dir='ltr'><strong>Unde</strong></span> <span class='ocrx_word' id='word_1_153' title='bbox 1433 2496 1498 2556; x_wconf 86' lang='lat' dir='ltr'><strong>et</strong></span> <span class='ocrx_word' id='word_1_154' title='bbox 1561 2488 1631 2557; x_wconf 90' lang='lat' dir='ltr'><strong>in</strong></span> <span class='ocrx_word' id='word_1_155' title='bbox 1687 2491 2023 2581; x_wconf 85' lang='lat' dir='ltr'><strong>evangelio</strong></span> <span class='ocrx_word' id='word_1_156' title='bbox 2071 2492 2490 2583; x_wconf 83' lang='lat' dir='ltr'><strong>peculiariter</strong></span> <span class='ocrx_word' id='word_1_157' title='bbox 2542 2489 2709 2569; x_wconf 79' lang='lat' dir='ltr'><strong>atque</strong></span> 
     </span>
     <span class='ocr_line' id='line_1_21' title="bbox 463 2600 2709 2691; baseline -0.003 -18"><span class='ocrx_word' id='word_1_158' title='bbox 463 2626 500 2673; x_wconf 87' lang='lat' dir='ltr'><strong>a</strong></span> <span class='ocrx_word' id='word_1_159' title='bbox 559 2600 814 2671; x_wconf 86' lang='lat' dir='ltr'><strong>Christo</strong></span> <span class='ocrx_word' id='word_1_160' title='bbox 859 2603 998 2691; x_wconf 89' lang='lat' dir='ltr'><strong>ipso</strong></span> <span class='ocrx_word' id='word_1_161' title='bbox 1056 2602 1177 2669; x_wconf 88' lang='lat' dir='ltr'><strong>tria</strong></span> <span class='ocrx_word' id='word_1_162' title='bbox 1235 2601 1344 2668; x_wconf 90' lang='lat' dir='ltr'><strong>illa</strong></span> <span class='ocrx_word' id='word_1_163' title='bbox 1388 2603 1659 2672; x_wconf 86' lang='lat' dir='ltr'><strong>consilia</strong></span> <span class='ocrx_word' id='word_1_164' title='bbox 1710 2612 2331 2675; x_wconf 89' lang='lat' dir='ltr'><strong>commemorantur.</strong></span> <span class='ocrx_word' id='word_1_165' title='bbox 2387 2602 2555 2672; x_wconf 91' lang='lat' dir='ltr'><strong>Hinc</strong></span> <span class='ocrx_word' id='word_1_166' title='bbox 2600 2613 2709 2661; x_wconf 75' lang='lat' dir='ltr'><strong>usu</strong></span> 
     </span>
     <span class='ocr_line' id='line_1_22' title="bbox 459 2700 2709 2806; baseline -0.004 -19"><span class='ocrx_word' id='word_1_167' title='bbox 459 2720 784 2806; x_wconf 87' lang='lat' dir='ltr'><strong>receptum</strong></span> <span class='ocrx_word' id='word_1_168' title='bbox 813 2720 930 2795; x_wconf 87' lang='lat' dir='ltr'><strong>est,</strong></span> <span class='ocrx_word' id='word_1_169' title='bbox 957 2721 1033 2782; x_wconf 90' lang='lat' dir='ltr'><strong>ut</strong></span> <span class='ocrx_word' id='word_1_170' title='bbox 1069 2716 1207 2805; x_wconf 86' lang='lat' dir='ltr'><strong>ipsa</strong></span> <span class='ocrx_word' id='word_1_171' title='bbox 1229 2714 1651 2784; x_wconf 88' lang='lat' dir='ltr'><strong>consiliorum</strong></span> <span class='ocrx_word' id='word_1_172' title='bbox 1680 2716 2120 2788; x_wconf 89' lang='lat' dir='ltr'><strong>denominatio</strong></span> <span class='ocrx_word' id='word_1_173' title='bbox 2168 2722 2251 2791; x_wconf 88' lang='lat' dir='ltr'><strong>ad</strong></span> <span class='ocrx_word' id='word_1_174' title='bbox 2293 2720 2433 2787; x_wconf 82' lang='lat' dir='ltr'><strong>haec</strong></span> <span class='ocrx_word' id='word_1_175' title='bbox 2465 2712 2610 2793; x_wconf 88' lang='lat' dir='ltr'><strong>tria,</strong></span> <span class='ocrx_word' id='word_1_176' title='bbox 2638 2700 2709 2771; x_wconf 86' lang='lat' dir='ltr'><strong>ob</strong></span> 
     </span>
     <span class='ocr_line' id='line_1_23' title="bbox 460 2824 2707 2920; baseline -0.003 -21"><span class='ocrx_word' id='word_1_177' title='bbox 460 2832 702 2901; x_wconf 87' lang='lat' dir='ltr'><strong>dictam</strong></span> <span class='ocrx_word' id='word_1_178' title='bbox 749 2850 970 2897; x_wconf 88' lang='lat' dir='ltr'><strong>eorum</strong></span> <span class='ocrx_word' id='word_1_179' title='bbox 1001 2829 1459 2919; x_wconf 65' lang='lat' dir='ltr'><strong>praestantiam,</strong></span> <span class='ocrx_word' id='word_1_180' title='bbox 1488 2832 1789 2920; x_wconf 82' lang='lat' dir='ltr'><strong>restringi</strong></span> <span class='ocrx_word' id='word_1_181' title='bbox 1816 2831 2031 2901; x_wconf 82' lang='lat' dir='ltr'><strong>soleat.</strong></span> <span class='ocrx_word' id='word_1_182' title='bbox 2080 2834 2156 2902; x_wconf 91' lang='lat' dir='ltr'><strong>Id</strong></span> <span class='ocrx_word' id='word_1_183' title='bbox 2188 2841 2411 2904; x_wconf 86' lang='lat' dir='ltr'><strong>tamen</strong></span> <span class='ocrx_word' id='word_1_184' title='bbox 2442 2846 2572 2898; x_wconf 90' lang='lat' dir='ltr'><strong>non</strong></span> <span class='ocrx_word' id='word_1_185' title='bbox 2592 2824 2707 2889; x_wconf 81' lang='lat' dir='ltr'><strong>im·</strong></span> 
     </span>
     <span class='ocr_line' id='line_1_24' title="bbox 457 2944 2707 3039; baseline -0.008 -22"><span class='ocrx_word' id='word_1_186' title='bbox 457 2948 632 3039; x_wconf 85' lang='lat' dir='ltr'><strong>pedit</strong></span> <span class='ocrx_word' id='word_1_187' title='bbox 657 2947 818 3037; x_wconf 90' lang='lat' dir='ltr'><strong>quin</strong></span> <span class='ocrx_word' id='word_1_188' title='bbox 847 2944 1042 3012; x_wconf 88' lang='lat' dir='ltr'><strong>simul</strong></span> <span class='ocrx_word' id='word_1_189' title='bbox 1069 2944 1411 3013; x_wconf 86' lang='lat' dir='ltr'><strong>admittant</strong></span> <span class='ocrx_word' id='word_1_190' title='bbox 1443 2944 1756 3028; x_wconf 86' lang='lat' dir='ltr'><strong>doctores,</strong></span> <span class='ocrx_word' id='word_1_191' title='bbox 1782 2947 1921 3015; x_wconf 85' lang='lat' dir='ltr'><strong>dari</strong></span> <span class='ocrx_word' id='word_1_192' title='bbox 1950 2954 2012 3016; x_wconf 92' lang='lat' dir='ltr'><strong>et</strong></span> <span class='ocrx_word' id='word_1_193' title='bbox 2040 2948 2167 3017; x_wconf 89' lang='lat' dir='ltr'><strong>alia</strong></span> <span class='ocrx_word' id='word_1_194' title='bbox 2194 2948 2470 3019; x_wconf 84' lang='lat' dir='ltr'><strong>consilia</strong></span> <span class='ocrx_word' id='word_1_195' title='bbox 2494 2952 2707 3031; x_wconf 88' lang='lat' dir='ltr'><strong>quam·-</strong></span> 
     </span>
     <span class='ocr_line' id='line_1_25' title="bbox 457 3048 2782 3155; baseline -0.008 -25"><span class='ocrx_word' id='word_1_196' title='bbox 457 3063 765 3153; x_wconf 87' lang='lat' dir='ltr'><strong>plurima,</strong></span> <span class='ocrx_word' id='word_1_197' title='bbox 799 3066 988 3149; x_wconf 87' lang='lat' dir='ltr'><strong>prout</strong></span> <span class='ocrx_word' id='word_1_198' title='bbox 1015 3056 1228 3126; x_wconf 81' lang='lat' dir='ltr'><strong>videre</strong></span> <span class='ocrx_word' id='word_1_199' title='bbox 1267 3066 1358 3129; x_wconf 88' lang='lat' dir='ltr'><strong>est</strong></span> <span class='ocrx_word' id='word_1_200' title='bbox 1388 3058 1559 3149; x_wconf 90' lang='lat' dir='ltr'><strong>apud</strong></span> <span class='ocrx_word' id='word_1_201' title='bbox 1618 3059 1992 3130; x_wconf 88' lang='lat' dir='ltr'><strong>Suaresium</strong></span> <span class='ocrx_word' id='word_1_202' title='bbox 2022 3062 2129 3153; x_wconf 86' lang='lat' dir='ltr'><strong>(de</strong></span> <span class='ocrx_word' id='word_1_203' title='bbox 2155 3062 2528 3155; x_wconf 77' lang='lat' dir='ltr'><strong>Reliqione,</strong></span> <span class='ocrx_word' id='word_1_204' title='bbox 2555 3059 2705 3118; x_wconf 87' lang='lat' dir='ltr'><strong>trac·</strong></span> <span class='ocrx_word' id='word_1_205' title='bbox 2780 3048 2782 3069; x_wconf 92' lang='lat'>&#39;</span> 
     </span>
     <span class='ocr_line' id='line_1_26' title="bbox 455 3171 1138 3263; baseline -0.009 -18"><span class='ocrx_word' id='word_1_206' title='bbox 455 3185 587 3247; x_wconf 89' lang='lat' dir='ltr'><strong>tatu</strong></span> <span class='ocrx_word' id='word_1_207' title='bbox 617 3180 684 3261; x_wconf 78' lang='lat'><strong>7,</strong></span> <span class='ocrx_word' id='word_1_208' title='bbox 717 3176 832 3245; x_wconf 88' lang='lat' dir='ltr'><strong>lib.</strong></span> <span class='ocrx_word' id='word_1_209' title='bbox 867 3175 927 3257; x_wconf 88' lang='lat'><strong>1,</strong></span> <span class='ocrx_word' id='word_1_210' title='bbox 957 3194 1014 3241; x_wconf 87' lang='lat' dir='ltr'><strong>c.</strong></span> <span class='ocrx_word' id='word_1_211' title='bbox 1047 3171 1138 3263; x_wconf 86' lang='lat'><strong>8).</strong></span> 
     </span>
    </p>

    <p class='ocr_par' dir='ltr' id='par_1_3' title="bbox 443 3278 2780 4405">
     <span class='ocr_line' id='line_1_27' title="bbox 539 3278 2780 3381; baseline -0.002 -23"><span class='ocrx_word' id='word_1_212' title='bbox 539 3290 757 3358; x_wconf 90' lang='lat' dir='ltr'><strong>Solent</strong></span> <span class='ocrx_word' id='word_1_213' title='bbox 801 3296 1017 3359; x_wconf 89' lang='lat' dir='ltr'><strong>autem</strong></span> <span class='ocrx_word' id='word_1_214' title='bbox 1053 3288 1319 3357; x_wconf 86' lang='lat' dir='ltr'><strong>consilia</strong></span> <span class='ocrx_word' id='word_1_215' title='bbox 1354 3287 1637 3357; x_wconf 88' lang='lat' dir='ltr'><strong>dividere</strong></span> <span class='ocrx_word' id='word_1_216' title='bbox 1666 3282 1747 3358; x_wconf 54' lang='lat' dir='ltr'><strong>in&#39;</strong></span> <span class='ocrx_word' id='word_1_217' title='bbox 1770 3295 2109 3381; x_wconf 77' lang='lat' dir='ltr'><strong>qeneralia</strong></span> <span class='ocrx_word' id='word_1_218' title='bbox 2137 3318 2253 3365; x_wconf 86' lang='lat' dir='ltr'><strong>seu</strong></span> <span class='ocrx_word' id='word_1_219' title='bbox 2302 3278 2705 3361; x_wconf 68' lang='lat' dir='ltr'><strong>universalia,</strong></span> <span class='ocrx_word' id='word_1_220' title='bbox 2778 3356 2780 3375; x_wconf 20' lang='grc' dir='ltr'>ἶ</span> 
     </span>
     <span class='ocr_line' id='line_1_28' title="bbox 453 3396 2780 3498; baseline -0.003 -21"><span class='ocrx_word' id='word_1_221' title='bbox 453 3412 514 3477; x_wconf 86' lang='lat' dir='ltr'><strong>et</strong></span> <span class='ocrx_word' id='word_1_222' title='bbox 534 3402 1006 3497; x_wconf 79' lang='lat' dir='ltr'><strong>particularia.</strong></span> <span class='ocrx_word' id='word_1_223' title='bbox 1057 3402 1134 3471; x_wconf 87' lang='lat' dir='ltr'><strong>Et</strong></span> <span class='ocrx_word' id='word_1_224' title='bbox 1182 3404 1479 3495; x_wconf 89' lang='lat' dir='ltr'><strong>priorum</strong></span> <span class='ocrx_word' id='word_1_225' title='bbox 1537 3405 2062 3479; x_wconf 86' lang='lat' dir='ltr'><strong>denominatione</strong></span> <span class='ocrx_word' id='word_1_226' title='bbox 2120 3408 2501 3498; x_wconf 84' lang='lat' dir='ltr'><strong>intelligunt</strong></span> <span class='ocrx_word' id='word_1_227' title='bbox 2548 3396 2709 3465; x_wconf 74' lang='lat' dir='ltr'><strong>dun-⁹</strong></span> <span class='ocrx_word' id='word_1_228' title='bbox 2778 3400 2780 3463; x_wconf 76' lang='grc' dir='ltr'>ἒ</span> 
     </span>
     <span class='ocr_line' id='line_1_29' title="bbox 453 3506 2711 3611; baseline -0.001 -20"><span class='ocrx_word' id='word_1_229' title='bbox 453 3528 618 3591; x_wconf 87' lang='lat' dir='ltr'><strong>taxat</strong></span> <span class='ocrx_word' id='word_1_230' title='bbox 643 3520 765 3588; x_wconf 88' lang='lat' dir='ltr'><strong>tria</strong></span> <span class='ocrx_word' id='word_1_231' title='bbox 805 3519 918 3586; x_wconf 89' lang='lat' dir='ltr'><strong>illa</strong></span> <span class='ocrx_word' id='word_1_232' title='bbox 964 3518 1308 3611; x_wconf 67' lang='lat' dir='ltr'><strong>praecipua,</strong></span> <span class='ocrx_word' id='word_1_233' title='bbox 1365 3523 1760 3611; x_wconf 86' lang='lat' dir='ltr'><strong>paupertatis</strong></span> <span class='ocrx_word' id='word_1_234' title='bbox 1798 3526 2065 3610; x_wconf 88' lang='lat' dir='ltr'><strong>scilicet,</strong></span> <span class='ocrx_word' id='word_1_235' title='bbox 2114 3524 2420 3594; x_wconf 80' lang='lat' dir='ltr'><strong>castitatis</strong></span> <span class='ocrx_word' id='word_1_236' title='bbox 2466 3520 2530 3582; x_wconf 78' lang='lat' dir='ltr'><strong>el</strong></span> <span class='ocrx_word' id='word_1_237' title='bbox 2578 3506 2711 3572; x_wconf 88' lang='lat' dir='ltr'><strong>obe-</strong></span> 
     </span>
     <span class='ocr_line' id='line_1_30' title="bbox 454 3614 2711 3731; baseline -0.004 -23"><span class='ocrx_word' id='word_1_238' title='bbox 454 3639 734 3708; x_wconf 80' lang='lat' dir='ltr'><strong>dientiae.</strong></span> <span class='ocrx_word' id='word_1_239' title='bbox 774 3635 990 3725; x_wconf 87' lang='lat' dir='ltr'><strong>Atque</strong></span> <span class='ocrx_word' id='word_1_240' title='bbox 1029 3636 1170 3703; x_wconf 88' lang='lat' dir='ltr'><strong>ideo</strong></span> <span class='ocrx_word' id='word_1_241' title='bbox 1199 3634 1308 3703; x_wconf 88' lang='lat' dir='ltr'><strong>illa</strong></span> <span class='ocrx_word' id='word_1_242' title='bbox 1335 3644 1567 3704; x_wconf 82' lang='lat' dir='ltr'><strong>vocant</strong></span> <span class='ocrx_word' id='word_1_243' title='bbox 1607 3639 2000 3707; x_wconf 85' lang='lat' dir='ltr'><strong>universalia</strong></span> <span class='ocrx_word' id='word_1_244' title='bbox 2046 3661 2159 3708; x_wconf 89' lang='lat' dir='ltr'><strong>seu</strong></span> <span class='ocrx_word' id='word_1_245' title='bbox 2186 3631 2538 3731; x_wconf 80' lang='lat' dir='ltr'><strong>generalia,</strong></span> <span class='ocrx_word' id='word_1_246' title='bbox 2570 3614 2711 3711; x_wconf 83' lang='lat' dir='ltr'><strong>quia</strong></span> 
     </span>
     <span class='ocr_line' id='line_1_31' title="bbox 456 3734 2778 3841; baseline -0.01 -19"><span class='ocrx_word' id='word_1_247' title='bbox 456 3752 769 3837; x_wconf 83' lang='lat' dir='ltr'><strong>hominis,</strong></span> <span class='ocrx_word' id='word_1_248' title='bbox 819 3752 933 3841; x_wconf 92' lang='lat' dir='ltr'><strong>qui</strong></span> <span class='ocrx_word' id='word_1_249' title='bbox 975 3771 1040 3817; x_wconf 89' lang='lat' dir='ltr'><strong>se</strong></span> <span class='ocrx_word' id='word_1_250' title='bbox 1081 3752 1160 3817; x_wconf 86' lang='lat' dir='ltr'><strong>iis</strong></span> <span class='ocrx_word' id='word_1_251' title='bbox 1197 3750 1463 3831; x_wconf 81' lang='lat' dir='ltr'><strong>addixit,</strong></span> <span class='ocrx_word' id='word_1_252' title='bbox 1506 3756 1709 3819; x_wconf 88' lang='lat' dir='ltr'><strong>totam</strong></span> <span class='ocrx_word' id='word_1_253' title='bbox 1737 3738 2116 3839; x_wconf 83' lang='lat' dir='ltr'><strong>generaliter</strong></span> <span class='ocrx_word' id='word_1_254' title='bbox 2147 3756 2352 3824; x_wconf 83' lang='lat' dir='ltr'><strong>vitam</strong></span> <span class='ocrx_word' id='word_1_255' title='bbox 2394 3734 2706 3815; x_wconf 83' lang='lat' dir='ltr'><strong>afficiunt,</strong></span> <span class='ocrx_word' id='word_1_256' title='bbox 2776 3776 2778 3779; x_wconf 26' lang='grc' dir='ltr'><strong><em>ι</em></strong></span> 
     </span>
     <span class='ocr_line' id='line_1_32' title="bbox 449 3865 2713 3962; baseline -0.007 -19"><span class='ocrx_word' id='word_1_257' title='bbox 449 3880 512 3943; x_wconf 87' lang='lat' dir='ltr'><strong>et</strong></span> <span class='ocrx_word' id='word_1_258' title='bbox 531 3872 884 3962; x_wconf 75' lang='lat' dir='ltr'><strong>quamdam</strong></span> <span class='ocrx_word' id='word_1_259' title='bbox 909 3870 1163 3939; x_wconf 79' lang='lat' dir='ltr'><strong>vivendi</strong></span> <span class='ocrx_word' id='word_1_260' title='bbox 1193 3870 1625 3940; x_wconf 90' lang='lat' dir='ltr'><strong>conditionem</strong></span> <span class='ocrx_word' id='word_1_261' title='bbox 1652 3880 2105 3961; x_wconf 87' lang='lat' dir='ltr'><strong>permanenter</strong></span> <span class='ocrx_word' id='word_1_262' title='bbox 2130 3865 2593 3944; x_wconf 86' lang='lat' dir='ltr'><strong>determinant,</strong></span> <span class='ocrx_word' id='word_1_263' title='bbox 2620 3868 2713 3917; x_wconf 72' lang='lat'><strong>³⁰·</strong></span> 
     </span>
     <span class='ocr_line' id='line_1_33' title="bbox 448 3965 2705 4080; baseline -0.006 -25"><span class='ocrx_word' id='word_1_264' title='bbox 448 3990 560 4079; x_wconf 88' lang='lat' dir='ltr'><strong>qui</strong></span> <span class='ocrx_word' id='word_1_265' title='bbox 567 3992 781 4060; x_wconf 79' lang='lat' dir='ltr'><strong>rendae</strong></span> <span class='ocrx_word' id='word_1_266' title='bbox 791 3986 1158 4080; x_wconf 74' lang='lat' dir='ltr'><strong>perfectioni</strong></span> <span class='ocrx_word' id='word_1_267' title='bbox 1173 3987 1907 4057; x_wconf 84' lang='lat' dir='ltr'><strong>accommodatissimam</strong></span> <span class='ocrx_word' id='word_1_268' title='bbox 1918 3990 2179 4059; x_wconf 79' lang='lat' dir='ltr'><strong>‚Caetera</strong></span> <span class='ocrx_word' id='word_1_269' title='bbox 2191 3994 2413 4059; x_wconf 84' lang='lat' dir='ltr'><strong>autem</strong></span> <span class='ocrx_word' id='word_1_270' title='bbox 2426 3965 2705 4047; x_wconf 76' lang='lat' dir='ltr'><strong>consilia,</strong></span> 
     </span>
     <span class='ocr_line' id='line_1_34' title="bbox 451 4080 2776 4193; baseline -0.009 -19"><span class='ocrx_word' id='word_1_271' title='bbox 451 4124 527 4174; x_wconf 90' lang='lat' dir='ltr'><strong>eo</strong></span> <span class='ocrx_word' id='word_1_272' title='bbox 547 4105 715 4193; x_wconf 89' lang='lat' dir='ltr'><strong>quod</strong></span> <span class='ocrx_word' id='word_1_273' title='bbox 734 4103 1157 4173; x_wconf 79' lang='lat' dir='ltr'><strong>universalem</strong></span> <span class='ocrx_word' id='word_1_274' title='bbox 1180 4102 1499 4191; x_wconf 88' lang='lat' dir='ltr'><strong>ejusmodi</strong></span> <span class='ocrx_word' id='word_1_275' title='bbox 1530 4102 1837 4173; x_wconf 84' lang='lat' dir='ltr'><strong>effectum</strong></span> <span class='ocrx_word' id='word_1_276' title='bbox 1867 4128 1998 4175; x_wconf 89' lang='lat' dir='ltr'><strong>non</strong></span> <span class='ocrx_word' id='word_1_277' title='bbox 2022 4108 2332 4184; x_wconf 86' lang='lat' dir='ltr'><strong>habeant,</strong></span> <span class='ocrx_word' id='word_1_278' title='bbox 2366 4080 2707 4187; x_wconf 74' lang='lat' dir='ltr'><strong>particula·</strong></span> <span class='ocrx_word' id='word_1_279' title='bbox 2774 4090 2776 4129; x_wconf 73' lang='lat'>⁵</span> 
     </span>
     <span class='ocr_line' id='line_1_35' title="bbox 447 4206 2711 4313; baseline -0.002 -25"><span class='ocrx_word' id='word_1_280' title='bbox 447 4221 544 4289; x_wconf 84' lang='lat' dir='ltr'><strong>ria</strong></span> <span class='ocrx_word' id='word_1_281' title='bbox 573 4226 974 4308; x_wconf 88' lang='lat' dir='ltr'><strong>nuncupant.</strong></span> <span class='ocrx_word' id='word_1_282' title='bbox 1028 4218 1211 4300; x_wconf 82' lang='lat' dir='ltr'><strong>Quod</strong></span> <span class='ocrx_word' id='word_1_283' title='bbox 1239 4218 1433 4286; x_wconf 86' lang='lat' dir='ltr'><strong>etiam</strong></span> <span class='ocrx_word' id='word_1_284' title='bbox 1456 4217 1601 4286; x_wconf 82' lang='lat' dir='ltr'><strong>vide</strong></span> <span class='ocrx_word' id='word_1_285' title='bbox 1655 4240 1693 4288; x_wconf 87' lang='lat' dir='ltr'><strong>a</strong></span> <span class='ocrx_word' id='word_1_286' title='bbox 1743 4219 2041 4291; x_wconf 88' lang='lat' dir='ltr'><strong>Suaresio</strong></span> <span class='ocrx_word' id='word_1_287' title='bbox 2066 4222 2284 4313; x_wconf 87' lang='lat' dir='ltr'><strong>(citato</strong></span> <span class='ocrx_word' id='word_1_288' title='bbox 2316 4206 2488 4295; x_wconf 83' lang='lat' dir='ltr'><strong>loco)</strong></span> <span class='ocrx_word' id='word_1_289' title='bbox 2526 4210 2711 4284; x_wconf 73' lang='lat' dir='ltr'><strong>3¹P0&#39;</strong></span> 
     </span>
     <span class='ocr_line' id='line_1_36' title="bbox 443 4338 668 4405; baseline 0.004 -1"><span class='ocrx_word' id='word_1_290' title='bbox 443 4338 668 4405; x_wconf 87' lang='lat' dir='ltr'><strong>situm.</strong></span> 
     </span>
    </p>
   </div>
  </div>
 </body>
</html>
