2834 4959
397 349 522 405 656
963 354 1306 404 mGTAwS
1349 354 1431 403 ΒΕ
1472 354 1623 402 mm!
1670 352 2085 431 menmium.

392 480 602 548 nient.
637 476 772 562 Sic,
823 476 1006 546 verbi
1041 478 1271 565 gratia,
1322 476 1607 547 indebita
1656 474 1977 544 censenda
2026 474 2189 543 foret
2221 474 2663 566 interrogaflo,

389 618 522 685 qua
557 616 594 663 a
635 592 878 663 novitia
916 594 1374 685 postularetur,
1423 614 1586 661 num
1634 591 1985 681 aliquando
2026 590 2107 660 de
2132 590 2433 659 ineundo
2462 596 2669 661 matri-

393 710 613 779 monio
644 709 1042 798 cogitaverit,
1077 728 1239 777 num
1264 706 1613 777 christiane
1638 706 1883 792 vixerit,
1914 728 2079 775 num
2116 708 2339 776 carnis
2386 711 2669 779 tentatio-

395 822 590 893 nibus
613 828 726 891 aut
769 821 1053 914 lapsibus
1097 821 1372 891 obnoxia
1424 824 1528 891 sit.
1576 821 1729 891 Hoec
1776 822 1958 891 enim
2014 829 2078 890 et
2130 823 2379 891 similia
2418 824 2547 893 sub
2568 826 2669 894 tn'-

360 938 552 1032 'plici
599 939 806 1029 capite
839 958 880 1007 a
924 934 1318 1007 Tridentinis
1359 937 1661 1007 Patribus
1700 937 2336 1007 determinato‘haud
2378 962 2671 1031 compre-

400 1055 796 1126 henduntur.

481 1172 766 1253 Quasno
810 1168 980 1241 vlr.
1027 1208 1118 1223 —
1173 1172 1283 1239 An
1328 1168 1513 1239 dicta
1546 1169 1898 1239 ordinarii
1909 1183 2215 1262 potestas
2236 1184 2301 1239 et
2348 1170 2669 1262 obliqatio

395 1287 898 1357 monachandos
923 1285 1377 1371 examinandi,
1415 1286 1863 1375 intelliqenda
1898 1285 2103 1354 etiam
2144 1287 2235 1355 sit
2272 1288 2565 1357 relative
2588 1290 2671 1357 ad

395 1402 790 1473 monialium
836 1403 1396 1493 conqreqationeS,
1452 1422 1597 1491 quoe
1626 1400 1734 1468 vel
1777 1400 2112 1492 simplicia
2162 1400 2525 1489 ἀπαπαπαῖ,
2568 1404 2666 1473 vel

395 1517 590 1586 nulla
619 1528 776 1585 vota
809 1529 1206 1607 nuncupant
1231 1521 1266 1583 P
1296 1554 1385 1569 --
1416 1520 1480 1583 1⁰
1518 1516 1803 1596 Quaestio
1830 1538 1963 1584 esse
2016 1536 2155 1586 non
2186 1525 2411 1607 potoet,
2443 1540 2523 1585 an
2570 1521 2659 1586 di-

395 1637 574 1700 ctum
605 1652 870 1699 examen
909 1632 1050 1698 fieri
1094 1632 1291 1721 possit
1316 1634 1429 1699 aut
1473 1630 1701 1699 debeat
1750 1640 1895 1699 ante
1926 1631 2369 1722 professionem
2398 1634 2648 1723 proprie

391 1745 681 1828 dictam3
745 1744 1090 1835 siquidem'
1120 1746 1192 1813 iu
1243 1744 1324 1817 iis
1375 1748 1983 1837 congregationibus
2030 1748 2209 1816 nulla
2254 1748 2327 1814 fii
2362 1748 2649 1837 pinies'sio

397 1860 656 1950 proprie
721 1860 915 1949 dicta,
967 1861 1034 1929 id
1083 1869 1176 1929 est
1239 1882 1354 1951 per
1412 1854 1803 1930 solemnium
1876 1866 2177 1929 votorum
2232 1862 2649 1932 emissionem.

401 1975 468 2043 2⁰
528 1974 970 2067 Supponimus
1005 1977 1321 2065 ejusmodi
1371 1975 1900 2064 congregationes
1942 1975 2363 2061 monialium,
2402 2000 2475 2045 ex
2514 1998 2661 2069 prae·

400 2092 564 2161 senti
593 2090 894 2159 Ecclesiae
921 2088 1286 2180 disciplina,
1323 2110 1457 2157 esse
1484 2088 1803 2176 toleratas,
1843 2097 1905 2157 et
1926 2092 2300 2181 respectivis
2321 2092 2663 2162 ordinariis

401 2204 744 2295 subjectae,
789 2212 980 2296 prout
1005 2204 1162 2272 alibi
1193 2204 1637 2296 probavimus.
1668 2204 1921 2285 Quibus
1948 2210 2339 2298 praenotatis,
2372 2206 2665 2277 solvenda

405 2319 658 2387 videtur
684 2312 953 2408 quaestio
976 2321 1046 2387 in
1076 2319 1268 2386 hune
1285 2319 1555 2386 modum
1591 2346 1607 2388 ε

493 2429 540 2500 l.
574 2431 880 2500 Relative
909 2431 1002 2499 ad
1025 2431 1236 2499 dictas·
1277 2434 1843 2525 conyreqationes,
1874 2458 2009 2505 non
2034 2438 2273 2529 liqatur
2298 2437 2657 2529 Episcopus

414 2544 799 2613 Tridentino
809 2548 1519 2638 proeceptoproefatam
1546 2550 2079 2641 explorationem
2088 2551 2493 2643 faciendi.—
2504 2551 2663 2622 Nam

403 2659 504 2728 lex
530 2658 644 2727 ille
671 2658 1076 2749 Tridentina,
1104 2684 1358 2731 necnon
1381 2663 1447 2733 S.
1482 2665 1583 2733 Pii
1610 2664 1670 2735 V
1692 2664 2051 2752 decretum,
2079 2668 2449 2758 loquuntur
2476 2668 2557 2737 de
2576 2690 2671 2737 re-

407 2771 726 2858 cipiendis
749 2774 826 2841 ad
852 2776 1352 2866 professionem,
1383 2784 1495 2846 aut
1522 2779 1601 2847 de
1640 2780 2052 2871 suscipiendo
2090 2780 2321 2852 habitu
2360 2786 2431 2851 in
2465 2784 2669 2852 ordine

407 2890 484 2958 ad
514 2892 972 2979 professionem
997 2898 1210 2983 postea
1235 2894 1677 2962 emittendam.
1708 2894 1781 2963 ln
1806 2898 1957 2986 jure
1979 2903 2201 2965 autem
2226 2919 2347 2967 vox
2368 2898 2667 2991 professio

408 3005 792 3095 intelligitur
839 3006 920 3075 de
975 3006 1370 3098 professione
1425 3010 1679 3100 proprie
1734 3010 1925 3099 dicta,
1974 3034 2089 3082 seu
2134 3034 2251 3105 per
2288 3015 2669 3084 solemnium

409 3126 702 3191 votorum
739 3120 1176 3191 emissionem.
1211 3122 1385 3211 Ergo
1409 3125 1507 3192 lex
1543 3126 1658 3195 ista
1698 3148 1830 3196 non
1860 3128 2347 3219 comprehendit
2386 3130 2510 3199 nisi
2542 3148 2673 3197 mo-

409 3238 608 3306 niales
645 3238 816 3328 apud
850 3259 1010 3328 quas
1045 3238 1214 3306 fiunt
1249 3238 1560 3307 solemnia
1600 3247 1768 3313 vota.
1802 3241 1973 3333 Ergo
2012 3265 2143 3314 non
2184 3245 2675 3337 comprehendit

406 3372 512 3419 eas
551 3354 1074 3441 congregationes
1100 3352 1180 3421 de
1205 3354 1447 3443 quibus
1470 3356 1578 3423 hic
1598 3355 1959 3447 loquimur.

496 3464 626 3534 Nec
671 3465 964 3557 obiicias,
1010 3470 1222 3558 quoad
1267 3470 1406 3538 illas
1443 3471 1639 3539 etiam
1668 3474 2187 3563 congregationes
2222 3498 2471 3567 urgere
2500 3476 2677 3545 ratio-

407 3602 587 3663 nem,
629 3580 713 3648 ob
764 3602 962 3670 quam
1012 3581 1114 3649 lex
1162 3583 1284 3650 suit
1317 3584 1484 3674 lata3
1524 3586 1842 3657 nimirum
1870 3588 2055 3659 valde
2094 3594 2406 3661 nocivum
2438 3592 2591 3674 fore,
2624 3591 2679 3657 si

408 3695 480 3763 in
518 3694 706 3764 dictis
734 3692 1338 3783 congregationibus
1381 3700 1615 3789 puellae
1659 3725 1772 3793 per
1809 3705 1946 3773 vim
1990 3712 2107 3773 aut
2132 3704 2574 3777 seductionem
2602 3705 2677 3773 ad

407 3810 800 3879 sumendum
859 3810 1158 3879 habitum
1203 3819 1268 3882 et
1316 3813 1663 3884 emittenda
1721 3826 1865 3887 vota
1912 3820 2239 3911 simplicia
2294 3822 2677 3891 induceren-

411 3932 537 3994 tur.
573 3924 736 3995 Nam
769 3925 998 4017 primo
1029 3948 1344 4018 magnum
1373 3928 1712 4001 intercedit
1733 3932 2087 4005 discrimen
2136 3937 2307 4005 inter
2337 3945 2671 4024 utramque

339 4064 346 4072 ·
411 4041 798 4111 monialium
829 4043 1112 4133 speciem
1147 4066 1168 4113 z
1207 4065 1360 4113 nem
1407 4045 1537 4116 illae
1586 4068 1735 4139 quse
1786 4056 1933 4121 vota
1978 4050 2297 4121 solemnia
2346 4052 2663 4129 emittunt,

411 4176 486 4223 ex
515 4153 638 4224 hoc
691 4157 830 4248 ipso
875 4158 1042 4225 fiunt
1085 4158 1164 4227 ad
1214 4158 1715 4233 matrimonium
1756 4166 2110 4249 inhabilem
2158 4166 2331 4259 quod
2360 4165 2671 4233 dirimens

410 4269 950 4359 impedimentum
993 4295 1070 4342 ex
1119 4274 1282 4345 votis
1333 4274 1739 4369 simplicibus
1782 4302 1918 4351 non
1956 4285 2183 4353 oritur.
2226 4279 2543 4363 seeundo,
2590 4282 2671 4349 si·

409 4381 562 4451 cubi
587 4380 928 4456 immineat
955 4388 1316 4477 periculum
1337 4412 1423 4461 ne
1445 4394 1679 4484 puellae
1708 4399 1937 4469 minus
1962 4399 2167 4471 libere
2180 4400 2377 4471 dictas
2398 4415 2667 4485 congre-
