2834 4959
1031 319 1184 370 rm
1231 321 1451 370 Panu-
2294 315 2379 373 85

133 473 166 514 α
191 451 367 538 parte,
405 441 750 532 religionis
803 441 1096 510 videlicet
1139 449 1200 510 et
1231 441 1517 532 religiosi
1560 463 1581 532 3
1614 440 1724 510 sed
1770 447 2027 512 tantum
2078 465 2153 512 ex
2204 455 2379 536 parte

132 589 162 628 ι
187 562 476 652 religiosi,
539 563 846 626 manente
908 563 1206 646 potestate
1259 559 1329 627 in
1385 558 1701 646 religione
1750 558 1831 627 ed
1897 560 2377 632 dissolvendum

129 711 158 746 ι
181 677 540 762 vinculum,
593 680 660 742 et
703 671 1070 742 dimittendi
1124 672 1505 762 religiosum
1531 694 1607 742 ex
1632 674 1827 762 'Justis
1858 677 2090 744 causis.
2150 674 2377 757 Quoad

133 795 452 888 «priorem
497 794 722 858 autem
769 792 1016 878 partem
1045 788 1368 858 diminuta
1419 795 1515 856 est
1560 787 1657 880 (ut
1700 789 1787 858 ita
1835 790 2075 878 dicem)
2123 791 2381 882 simpli-

129 937 156 972 ι
178 912 330 978 citas
370 908 504 975 voti
541 903 846 974 castitatis
876 902 1022 972 talis
1055 905 1328 974 instituti
1355 931 1373 991 ;
1405 905 1563 994 quia
1600 907 1739 994 jam
1767 905 1929 974 illud
1974 912 2197 975 votum
2229 907 2377 976 red-

131 1051 160 1091 ι
193 1025 290 1091 dit
307 1041 640 1113 personam
690 1018 1046 1088 inhabilem
1100 1020 1178 1088 ad
1233 1022 1757 1100 matrimonium,
1808 1021 2099 1112 quandiu
2158 1029 2383 1092 votum

131 1165 160 1202 t<
187 1143 528 1230 permanet,
547 1157 664 1226 per
681 1134 931 1204 bullam
953 1133 1246 1225 Gregorii
1271 1136 1449 1222 xlu,
1472 1135 1873 1206 Ascendente
1891 1137 2177 1208 Domino
2194 1158 2386 1228 ;quae

133 1281 164 1318 α
191 1254 388 1322 statim
413 1273 490 1320 ac
515 1251 646 1320 lata
667 1257 768 1320 est
808 1250 1036 1320 habuit
1061 1250 1394 1341 effectum,
1424 1273 1557 1322 non
1606 1253 1821 1322 solum
1850 1254 1917 1320 in
1947 1255 2051 1322 his
2076 1256 2191 1344 qui
2240 1263 2389 1344 post

131 1399 162 1432 «ι
185 1369 348 1438 illam
381 1381 606 1437 votum
643 1366 806 1435 illud
850 1367 1152 1436 castitatis
1203 1369 1589 1452 emiserunt,
1632 1370 1736 1438 sed
1776 1372 1973 1439 etiam
2002 1371 2072 1440 in
2100 1371 2229 1440 illis
2264 1373 2381 1462 qui

37 1502 40 1513 ’
133 1487 408 1576 «absque
435 1484 554 1553 illo
598 1484 1072 1574 impedimento
1114 1484 1397 1575 religiosi
1434 1492 1618 1554 erant
1654 1508 1672 1570 ;
1708 1493 1781 1554 ut
1814 1509 1889 1554 ex
1914 1494 2131 1557 tenore
2176 1487 2383 1580 ipsius

135 1626 162 1666 α
193 1601 372 1670 bullae
419 1597 842 1670 manifestum
885 1607 1000 1668 est.
1057 1600 1284 1680 Quoad
1333 1601 1600 1669 alteram
1646 1623 1795 1670 vero
1845 1610 2116 1691 partem,
2171 1607 2380 1693 posset

137 1719 356 1786 «etiam
385 1737 574 1784 nunc
615 1714 730 1784 illa
756 1716 1041 1784 conditio
1079 1717 1390 1806 compleri
1442 1739 1555 1806 per
1596 1717 1803 1804 legem
1832 1716 2163 1785 Pontificis
2198 1718 2379 1786 aufe·

133 1859 158 1894 a
199 1833 392 1900 tentis
469 1853 512 1900 a
577 1831 873 1900 societate
945 1838 1315 1921 potestatem
1388 1829 1759 1898 dimittendi
1826 1849 1955 1916 eos,
2042 1831 2159 1918 qui
2242 1837 2382 1920 post

133 1983 162 2018 α
187 1954 430 2024 biennii
459 1955 898 2046 probationem
919 1961 1084 2024 vota-
1111 1956 1178 2021 in
1225 1975 1298 2020 ea
1343 1952 1634 2042 legitime
1672 1951 2055 2034 emisissent,
2092 1952 2145 2019 si
2202 1951 2387 2040 Apo-

131 2069 406 2142 «stolicae
431 2071 565 2140 sedi
617 2071 708 2139 ita
759 2071 1055 2163 expedire
1105 2069 1448 2138 videretur.
1523 2067 1669 2137 Non
1715 2076 1809 2136 est
1852 2065 2027 2136 enim
2072 2065 2377 2156 dubium,

131 2223 160 2259 ι
189 2197 330 2287 quin
351 2198 530 2266 hanc
557 2195 792 2264 habeat
811 2202 1181 2288 potestatem
1214 2218 1233 2278 ;
1274 2195 1429 2286 quia
1461 2203 1601 2264 vota
1638 2194 1751 2264 illa
1796 2215 1871 2264 ex
1900 2199 2075 2285 parte
2100 2193 2380 2262 materiae

133 2321 228 2380 «et
276 2335 344 2383 ex
393 2333 638 2404 genere
699 2333 816 2382 suo
869 2319 1174 2404 perpetua
1226 2319 1424 2395 sunt;
1476 2318 1540 2380 et
1564 2310 1863 2382 similiter
1902 2333 1977 2380 ex
2022 2317 2195 2402 parte
2232 2309 2381 2378 reli-

133 2423 314 2513 agiosi
369 2435 448 2494 ut
501 2432 812 2518 perpetua
851 2429 1244 2496 emittuntur
1273 2451 1290 2508 ;
1321 2435 1386 2500 et
1432 2427 1683 2498 traditio
1740 2430 1847 2496 cui
1912 2432 2369 2508 annectuntur,

133 2567 160 2602 a
189 2563 256 2607 ex
301 2551 480 2632 parte
531 2542 826 2632 ejusdem
901 2543 1330 2612 irrevocabilis
1400 2549 1515 2612 est.
1592 2543 1763 2632 Ergo
1836 2540 2126 2612 Pontifex
2170 2550 2373 2634 potest

133 2661 346 2730 «illam
379 2665 588 2734 facere
633 2664 1118 2733 irrevocabilem
1146 2687 1220 2732 ex
1275 2670 1451 2755 parte
1496 2663 1849 2752 religionis,
1908 2671 2215 2754 tanquam
2260 2685 2375 2732 su-

137 2803 168 2840 «
191 2797 430 2865 premes
459 2783 604 2872 ejus
659 2787 872 2872 pastor
915 2787 978 2850 et
1003 2780 1350 2870 legislator.
1405 2779 1579 2870 Ergo
1632 2787 1788 2848 tunc
1831 2778 1899 2847 in
1932 2779 2057 2848 -illo
2100 2787 2241 2848 voto
2266 2800 2376 2846 ee-

137 2919 168 2954 «
213 2893 420 2964 stitatis
509 2897 944 2988 compleretur
1033 2898 1195 2966 ratio
1261 2897 1392 2964 voti
1469 2895 1820 2964 solemnis:
1881 2915 2035 2962 nam
2116 2893 2379 2962 haberet

137 3033 164 3068 α
187 3030 390 3080 omnes
443 3011 848 3082 conditiones
893 3011 1298 3098 necessarias,
1326 3031 1489 3100 quas
1522 3009 1643 3078 tale
1668 3017 1889 3078 votum
1926 3008 2209 3079 solemne
2259 3029 2377 3099 po-

135 3126 378 3194 ustulat.
410 3126 596 3196 Sicut
643 3147 682 3194 e
716 3128 1064 3210 contrario,
1111 3127 1164 3194 si
1197 3147 1375 3195 nunc
1421 3124 1591 3216 Papa
1628 3130 1905 3192 mutaret
1932 3126 1999 3192 in
2028 3123 2151 3191 hac
2206 3133 2381 3214 parte

133 3263 160 3299 ε
181 3241 286 3326 jus
331 3241 600 3310 aliarum
637 3242 1055 3331 religionum,
1109 3249 1170 3310 et
1209 3249 1509 3310 statueret
1554 3247 1625 3308 ut
1661 3263 1886 3311 omnes
1919 3246 2177 3331 possent
2226 3239 2379 3308 reli-

134 3377 162 3414 «
191 3354 412 3442 giosos,
449 3359 648 3426 etiam
715 3362 901 3425 antea
934 3357 1271 3448 professosi,
1317 3364 1577 3446 propter
1601 3355 1881 3424 crimina
1918 3354 2385 3446 incorrigibilia

135 3495 162 3531 ι
187 3468 412 3541 liberos
433 3472 758 3540 dimittere
791 3495 828 3542 a
861 3472 1113 3542 vinculo
1145 3471 1580 3564 professionis,
1624 3480 1685 3538 et
1725 3472 1807 3540 ab
1857 3473 2162 3541 omnibus
2194 3475 2378 3555 νοιίε,

133 3609 160 3644 ει
187 3595 322 3655 vota
342 3588 524 3678 prius
577 3587 894 3656 solemnia
945 3589 1310 3658 desinerent
1345 3610 1482 3658 esse
1509 3590 1823 3658 solemnia
1852 3616 1871 3678 3
1906 3590 2061 3680 quia
2110 3609 2184 3653 ex
2222 3592 2379 3652 tunc

133 3732 160 3769 ι
187 3729 309 3776 non
355 3715 566 3778 essent
609 3707 895 3778 absolute
940 3715 1264 3800 perpetua,
1320 3709 1429 3778 sed
1472 3709 1595 3778 sub
1643 3709 1755 3777 illa
1804 3707 2193 3792 conditione,
2262 3704 2387 3771 nisi

135 3831 346 3916 ‹juste
385 3829 820 3918 dimittantur,
865 3831 967 3899 vel
1015 3831 1305 3920 quandiu
1355 3833 1422 3900 in
1462 3853 1535 3900 eo
1584 3838 1747 3900 statu
1798 3827 2029 3900 retenti
2054 3826 2314 3892 fuerint.
2343 3851 2374 3888 »

199 3947 636 4016 Communium
665 3945 770 4014 lll.
806 3985 893 3998 —
925 3949 1158 4016 Votum
1189 3947 1479 4040 simplex
1524 3959 1588 4016 et
1618 3960 1847 4015 votum
1874 3945 2157 4013 solemne
2180 3943 2380 4010 casti-

139 4060 268 4126 tatis
281 4062 564 4152 proprie
590 4083 726 4130 non
745 4060 1074 4154 differunt
1099 4065 1335 4156 specie,
1363 4062 1441 4131 id
1466 4076 1561 4132 est
1580 4063 1665 4132 ab
1713 4060 2095 4142 intrinseoO,
2110 4081 2237 4150 per
2259 4061 2383 4127 ali·

137 4195 316 4260 quam
363 4178 836 4268 proprietatem
864 4179 1273 4248 essentialem
1293 4179 1457 4264 ,·sed
1501 4179 1836 4249 duntaxat
1883 4173 1968 4242 ab
1996 4175 2383 4253 extrinseoe,

137 4309 226 4357 seu
271 4315 408 4384 per
447 4293 705 4386 aliquid
728 4295 1158 4366 accidentale.
1206 4335 1298 4350 —
1335 4323 1369 4362 α
1395 4295 2008 4364 Fundamentum...
2067 4287 2386 4362 corollarii

145 4415 299 4492 «est,
328 4409 478 4497 quia
528 4419 751 4480 votum
790 4413 1062 4505 simplex
1096 4418 1160 4481 et
1187 4414 1474 4481 solemne
1524 4406 1853 4494 eastitatiS‚
1904 4407 2245 4478 intrinsece
2302 4408 2395 4471 est
