2834 4959
430 349 550 406 21:³-
1000 353 1335 400 ‘fassurus
1382 353 1460 398 nn
1505 353 1653 397 :tan
1697 349 2105 397 ursanum.

518 474 609 542 Ex
653 475 755 542 his
786 495 999 564 porro,
1051 483 1115 541 et
1138 471 1490 558 similibuS,
1521 493 1666 560 quae
1695 469 1958 560 congeri
1988 477 2262 559 possent,
2289 469 2480 553 sactis,
2511 491 2643 539 con-

430 591 823 664 cludendum
861 589 1135 657 omnino
1158 589 1441 674 videtur,
1486 588 1862 677 praedictam
1888 585 2101 673 legem
2130 585 2206 653 de
2231 607 2358 654 non
2385 585 2646 654 inchoan·
2744 579 2745 582 ’

428 709 527 778 dis
590 708 828 795 absque
878 703 1219 773 Pontificia
1296 704 1564 772 licentia
1627 703 1941 792 religiosis
2016 701 2302 790 familiis,
2367 703 2431 768 in
2499 702 2646 790 praxi
2744 745 2745 798 1

421 823 817 914 jamdudum
862 841 995 888 non
1024 819 1374 904 observari,
1404 841 1525 888 nec
1555 841 1591 886 a
1631 819 1779 900 sede
1811 795 2179 910 Apostolica
2201 815 2438 906 urgeri.
2475 814 2648 882 Exstat

428 939 697 1030 proinde
722 935 1117 1006 consuetudo
1144 943 1369 1004 contra
1396 935 1610 1024 legem
1634 934 1922 1002 inducta.

519 1053 895 1121 Pnorosmo
917 1050 1021 1120 11⁸.
1064 1089 1155 1102 -
1198 1050 1395 1118 Dicta
1431 1048 1828 1120 consuetudo
1873 1046 1952 1118 de
1999 1048 2078 1118 iis
2123 1059 2242 1133 est,
2279 1070 2420 1138 quae
2453 1058 2647 1115 contra

428 1170 639 1260 leqem
690 1167 995 1258 leqitime
1032 1165 1460 1256 praescribere
1515 1165 1765 1256 potuit.
1821 1202 1911 1216 —
1962 1163 2223 1232 Etenim
2247 1161 2411 1252 quod
2451 1161 2648 1252 possint
2744 1207 2745 1222 ,

430 1305 611 1350 novae
636 1283 1035 1370 regularium
1062 1281 1614 1367 congregationeS,
1643 1279 1720 1345 de
1741 1278 1875 1346 sola
1900 1277 2389 1347 ordinariorum
2411 1276 2642 1358 licentia,
2744 1253 2745 1268 ¹

368 1393 379 1403 '
430 1397 703 1477 institui,
748 1400 1001 1462 nonest
1025 1392 1181 1480 quid
1206 1413 1415 1482 perse
1447 1393 1719 1461 malum.
1773 1391 1917 1459 Imo
1967 1392 2037 1458 in
2085 1392 2475 1461 instituendis
2509 1389 2650 1458 anti·

430 1511 577 1600 quis
608 1508 959 1576 Ordinibus
1004 1508 1263 1576 nullum
1310 1507 1391 1575 ad
1437 1506 1796 1576 Romanam
1835 1506 2056 1576 sedem
2099 1509 2332 1578 sactum
2365 1507 2535 1574 fuisse
2571 1525 2650 1572 re-

431 1645 725 1704 cursum,
757 1622 1007 1690 nullam
1048 1620 1131 1690 ab
1176 1643 1251 1690 ea
1300 1622 1628 1691 obtentam
1665 1623 2022 1711 licentiam,
2061 1627 2368 1694 aestimant
2407 1623 2652 1691 doctores

426 1736 949 1828 quamplurimi:
998 1738 1271 1829 proinde
1310 1745 1468 1806 tunc
1513 1739 1626 1830 jus
1674 1760 2026 1808 commune
2073 1741 2294 1827 fuisse,
2341 1745 2404 1807 ut
2441 1757 2653 1805 novum

426 1855 665 1924 alicubi
694 1855 1029 1923 exordiens
1052 1855 1433 1944 religiosum
1461 1857 1834 1925 institutum
1863 1856 1944 1924 ab
1973 1855 2290 1949 Episcopo
2314 1855 2424 1924 loci
2455 1871 2656 1943 appro-

426 1971 749 2041 bationem
817 1971 1185 2060 reciperet:
1254 1971 1632 2061 perdurasse
1714 1977 1932 2040 autem
1984 1974 2104 2061 jus
2150 1973 2312 2042 illud
2359 1987 2658 2040 commune

426 2109 631 2176 usque
690 2087 769 2153 ad
819 2086 1174 2154 concilium
1238 2088 1724 2154 oecumenicum
1801 2086 2258 2178 Lateranense‚
2315 2089 2430 2157 sub
2491 2083 2654 2152 Iuno·
2744 2083 2745 2158 ξ

425 2203 635 2270 centio
682 2198 789 2285 111,
849 2201 1034 2290 cujus
1079 2200 1332 2268 decreto
1363 2201 1686 2290 ejusmodi
1735 2223 2057 2272 novorum
2115 2204 2420 2273 ordinum
2467 2219 2658 2291 appro-
2744 2221 2745 2232 ¹

424 2316 712 2384 bationes
750 2312 883 2382 sedi
910 2314 1294 2404 Apostolicae
1338 2324 1676 2384 reservatae
1727 2322 1901 2384 sunt.
1935 2316 2140 2408 Ergo,
2183 2325 2413 2388 attenta
2438 2317 2576 2406 legis
2597 2312 2657 2381 de

422 2455 551 2520 qua
598 2432 853 2518 agimus
918 2429 1209 2508 materia,
1259 2450 1390 2496 non
1459 2437 1553 2498 est
1620 2453 1738 2500 cur
1794 2439 2018 2502 contra
2077 2458 2223 2504 eam
2289 2430 2657 2503 desuetudine
2744 2471 2745 2496 η

425 2527 755 2634 praescribi
802 2549 1096 2633 nequeat.
1144 2541 1431 2612 Aliunde
1477 2544 1648 2613 dicta
1695 2546 1792 2614 lex
1845 2569 1979 2615 non
2028 2548 2152 2618 fuit
2195 2573 2233 2620 a
2263 2548 2525 2620 concilio
2546 2544 2658 2614 Tri-

426 2661 688 2728 dentino
730 2659 1135 2746 confirmata,
1183 2660 1359 2728 unde
1391 2683 1510 2728 nec
1543 2662 2008 2752 praescriptioni
2035 2669 2250 2734 obstat
2289 2666 2456 2757 quod
2485 2663 2660 2730 tenent
2744 2685 2745 2758 ᾗ

428 2778 712 2844 doctores
772 2776 1044 2866 plurimi
1098 2775 1177 2844 de
1230 2775 1630 2844 Tridentinis
1677 2775 1969 2858 decretis,
2031 2790 2260 2850 contra
2315 2783 2422 2850 illa
2471 2793 2662 2862 nempe
2744 2799 2745 2862 3

428 2914 555 2959 non
578 2891 711 2958 dari
740 2890 1315 2980 praescriptionem.
1342 2888 1584 2959 Sumus
1603 2913 1757 2981 ergo
1776 2893 1842 2958 in
1863 2895 2152 2963 materia
2169 2886 2660 2988 praescriptibili,

430 3013 501 3071 ut
550 3007 776 3072 dicunt
848 3006 1218 3089 canonistae,
1295 3011 1358 3071 et
1425 3005 1637 3072 solum
1689 3015 1979 3074 remanet
2031 3015 2544 3101 expendendum,
2599 3023 2664 3070 an
2744 3025 2745 3028 ’

427 3119 638 3188 adsint
680 3120 821 3232 alise
850 3119 1171 3209 requisitae
1204 3120 1627 3204 conditiones»,
1667 3129 1742 3188 ut
1781 3122 1952 3190 dicta
1979 3129 2385 3197 consuetudo
2421 3122 2667 3213 legitima

428 3235 556 3301 dici
586 3241 799 3322 queat.

521 3338 891 3416 Pnorosmo
921 3349 1051 3416 111².
1083 3385 1172 3400 —
1194 3349 1381 3416 Satis
1404 3348 1594 3448 hodie
1617 3363 1876 3419 constat
1895 3351 2114 3421 sedem
2141 3355 2592 3446 Apostolicam
2613 3347 2666 3414 in
2744 3377 2745 3442 ᾗ

418 3467 782 3555 proefatam
806 3463 1341 3533 consuetudinem
1370 3467 1760 3534 consentire.
1793 3507 1879 3518 —-
1907 3468 1983 3537 Id
2013 3470 2249 3560 probat
2281 3473 2538 3542 inducta
2559 3469 2668 3556 jam
2744 3497 2745 3546 ἐ

425 3581 507 3648 ab
552 3581 881 3670 aliquanto
930 3591 1214 3670 tempore
1256 3582 1429 3672 apud
1479 3579 1836 3650 Romanam
1891 3586 2146 3653 curiam
2203 3591 2446 3676 praxiS,
2493 3576 2670 3674 quoad
2744 3591 2745 3676 j

426 3699 675 3764 noviter
719 3705 955 3762 erectas
992 3695 1313 3782 eJusmodi
1368 3698 1919 3785 congregationes.
1965 3695 2110 3766 Non
2152 3703 2336 3770 enim
2374 3705 2508 3792 jam
2547 3696 2674 3766 solet
2744 3773 2745 3780 ἵ

420 3813 783 3902 Apostolica
848 3809 1026 3876 sedes
1080 3810 1604 3900 approbationem
1701 3813 2049 3883 concedere
2123 3839 2246 3904 pro
2318 3808 2672 3886 inchoandis
2744 3795 2745 3804 ἵ

420 3924 597 3992 hisce
624 3919 1230 4010 congregationibus
1262 3949 1282 4010 3
1320 3921 1431 3989 sed
1468 3944 1692 3990 earum
1717 3924 2041 3992 dumtaxat
2069 3947 2224 4015 quae
2261 3929 2408 4017 jam
2435 3927 2673 4018 inchoaff-

422 4048 499 4109 tae
542 4047 603 4106 et
648 4044 871 4106 erectae
908 4035 1192 4121 fuerunt,
1240 4037 1341 4103 vel
1386 4038 1758 4106 institutum
1811 4038 2048 4107 laudat
2085 4042 2554 4124 solummodo;
2595 4031 2676 4103 vel

414 4155 579 4224 illud
610 4152 799 4222 etiam
832 4151 1185 4246 approbat,
1230 4154 1497 4220 remissa
1537 4152 1617 4220 ad
1643 4153 1822 4222 aliud
1867 4165 2124 4246 tempus
2169 4162 2548 4247 regularum
2579 4173 2675 4241 ap·

416 4271 829 4360 probatione;
866 4269 964 4336 vel
1007 4268 1264 4335 tandem
1297 4268 1666 4336 institutum
1703 4269 1900 4338 simul
1950 4281 2013 4339 et
2065 4274 2338 4360 regulas
2399 4266 2678 4364 approbat

410 4393 476 4451 et
526 4390 885 4450 conassrmat.
922 4382 1167 4452 Statuta
1223 4405 1456 4473 nempe
1504 4392 1596 4453 est
1633 4386 1864 4478 praxis,
1919 4395 1990 4456 ut
2019 4407 2241 4478 neque
2291 4383 2672 4480 approbatio,
