2834 4959
382 349 507 404 208
912 351 1253 399 TRAGTATUS
1298 352 1377 398 m:
1423 352 1572 399 JURE
1605 349 2023 397 anonumum.

374 497 511 544 non
536 487 758 542 tamen
778 469 1179 562 prohibetur
1204 491 1289 538 ne
1314 469 1460 560 quis
1480 467 1777 537 solitarie
1803 467 2028 536 vivens
2051 479 2211 536 vota
2237 469 2656 540 substantia-

374 591 478 660 lia
524 585 866 679 reliqionis
926 585 1191 654 emittat
1232 597 1298 654 et
1335 585 1822 676 particularem
1877 583 2184 654 habitum
2237 583 2517 675 deferat.
2569 627 2658 640 —

376 706 598 776 Prima
645 726 791 796 pars
822 699 1275 794 propositionis
1310 702 1758 771 concludenda
1794 701 2047 769 videtur
2084 721 2160 769 ex
2199 699 2303 768 his
2339 699 2657 772 Innocen-

376 824 450 890 tii
477 819 558 889 lll
584 819 797 888 verbis
826 841 844 885 :
874 815 1251 908 quicunque
1266 816 1361 885 ad
1382 817 1771 908 reliqionem
1793 815 2090 885 converti
2105 814 2424 904 voluerit,
2451 840 2659 886 uriam
2772 859 2773 862 =

380 939 461 1008 de
488 939 879 1032 approbatis
908 949 1231 1006 assumat.
1260 937 1422 1006 ltem
1445 959 1521 1005 ex
1539 937 1642 1004 his
1664 935 1930 1004 ‚loannis
1947 932 2164 1003 xxn:
2188 935 2559 1026 quicunque
2575 937 2664 1005 ad
2772 923 2773 950 ²

378 1055 763 1146 reli9ionem
794 1051 1021 1120 venire
1058 1052 1370 1140 voluerit,
1399 1049 1820 1142 inqrediatur
1863 1071 2072 1117 unam
2110 1047 2191 1116 de
2227 1049 2661 1140 reliqiom'bus

380 1167 769 1260 approbatis
794 1167 1373 1257 (extr-evagantium
1394 1163 1663 1233 Joannis
1677 1161 2090 1251 XX11,titulo
2119 1162 2184 1247 7,
2214 1160 2295 1229 de
2311 1163 2658 1254 Reliqiosis

382 1283 753 1372 Domibus).
785 1281 953 1350 Nam
976 1281 1173 1349 hocce
1198 1280 1506 1370 loquendi
1533 1279 1725 1349 modo
1751 1280 1904 1348 satis
1928 1279 2345 1348 manifestum
2377 1280 2528 1349 fecit
2545 1279 2660 1350 Ec·
2772 1305 2773 1308 ¹

382 1398 601 1479 clesia,
634 1418 701 1464 se
732 1395 1047 1486 impedire
1074 1394 1378 1478 voluisse,
1421 1416 1504 1463 ne
1531 1397 1598 1463 in
1628 1403 1958 1486 posterum
1997 1401 2198 1463 status
2235 1393 2520 1484 religiosi
2561 1417 2659 1465 es-

380 1513 583 1580 sentia
611 1511 683 1578 in
710 1510 839 1577 vita
866 1509 1148 1578 solitaria
1188 1511 1605 1600 reperiretur.
1651 1509 1795 1592 Qua
1831 1509 2035 1601 posita
2061 1509 2262 1601 ipsius
2304 1508 2661 1588 voluntate,

366 1629 511 1708 jam
559 1611 783 1694 nullus
826 1625 1037 1693 valide
1088 1625 1300 1716 potuit
1348 1627 1616 1695 nomine
1667 1624 1787 1695 Dei
1843 1633 2172 1717 acceptare
2221 1623 2660 1711 traditionem,

378 1763 577 1832 quam
616 1739 938 1810 solitarius
986 1742 1088 1809 sui
1138 1741 1342 1833 ipsius
1389 1740 1522 1809 Deo
1569 1742 1824 1824 faceret,
1869 1742 1994 1810 tria
2039 1737 2476 1808 substantialia
2511 1747 2662 1806 vota

378 1855 753 1926 emittendo.
790 1855 1139 1925 Deficiente
1169 1863 1385 1926 autem
1410 1857 1534 1925 hac
1551 1857 2015 1946 acceptatione,
2047 1854 2264 1924 deficit
2289 1859 2354 1924 et
2377 1855 2516 1944 ipsa
2535 1861 2664 1922 sta-

378 1983 481 2043 tus
524 1974 811 2070 religiosi
860 1977 1157 2058 essentia,
1214 1975 1515 2064 quamvis
1562 1981 1948 2064 perpetuum
1995 1973 2076 2041 de
2110 1971 2349 2063 triplici
2395 1970 2663 2039 oonsilio

379 2091 749 2180 evangelico
800 2097 1028 2158 votum
1076 2089 1431 2175 emittatur,
1483 2093 1676 2176 prout
1723 2091 1793 2156 in
1850 2087 2060 2179 prima
2121 2092 2300 2179 parte
2359 2093 2662 2156 tractatus
2771 2129 2773 2162 2

380 2204 557 2294 (sect.
593 2204 659 2286 2,
690 2219 877 2294 prop.
924 2203 989 2293 6)
1020 2202 1365 2293 probatum
1408 2209 1526 2268 est.
2772 2261 2773 2264 ,

470 2315 768 2386 Secunda
820 2340 969 2408 pars
1014 2317 1468 2409 propositionis
1519 2316 1716 2406 (quod
1775 2338 2012 2410 nempe
2065 2337 2200 2386 non
2248 2317 2667 2409 prohibeatur
2772 2311 2773 2404 ζ

378 2435 549 2520 quis,
592 2432 871 2501 solitarie
910 2453 1025 2500 seu
1056 2431 1357 2522 privatim
1386 2431 1458 2499 in
1485 2429 1680 2500 domo
1703 2453 1818 2500 sua
1851 2433 2113 2522 degenS,
2151 2432 2277 2500 tria
2303 2439 2450 2502 vota
2477 2436 2668 2502 emit·
2772 2419 2773 2498 ἷ

380 2557 512 2615 tere
564 2551 627 2615 et
680 2568 955 2633 servare,
1018 2567 1171 2616 cum
1226 2548 1447 2638 aliquo
1503 2548 1953 2638 poenitentiam
2007 2547 2350 2617 denotante
2404 2549 2659 2634 habitu,
2772 2559 2773 2612 ξ

378 2662 572 2733 etiam
624 2661 966 2754 singulari)
1038 2661 1271 2733 deduci
1330 2665 1526 2732 etiam
1598 2669 1801 2753 potest
1853 2685 1928 2732 ex
1991 2663 2134 2754 ipso
2185 2669 2407 2732 tenore
2471 2665 2659 2756 legis.
2772 2707 2773 2754 ᾗ

376 2773 769 2846 Prohibetur
810 2799 1045 2868 nempe
1086 2800 1169 2846 ne
1205 2779 1353 2868 quis
1386 2775 1694 2846 habitum
1727 2799 1918 2845 novoe
1963 2779 2306 2869 reliqionis
2345 2789 2658 2850 assumat.

378 2891 553 2986 Dum
594 2879 832 2962 dicitur
860 2916 1051 2962 novoe
1078 2894 1444 2985 reliqioniS,
1479 2893 1741 2985 perinde
1768 2903 1862 2964 est
1888 2917 1964 2964 ac
1991 2896 2046 2965 si
2083 2898 2368 2988 positum
2409 2897 2662 2982 fuisset,
2772 2927 2773 2984 3

376 3009 534 3076 novi
569 3009 847 3078 instituti
888 3009 1336 3098 religiosorum
1384 3011 1454 3078 in
1497 3009 1975 3080 communitate
2017 3012 2405 3081 viventium.
2455 3013 2668 3106 Cujus

376 3123 835 3213 prohibitionis
868 3125 1139 3194 violator
1180 3145 1311 3194 non
1343 3130 1436 3193 est
1481 3125 1598 3216 qni
1633 3125 1912 3196 solitarie
1947 3128 2169 3196 vivens
2210 3128 2498 3218 aliquem
2525 3129 2666 3197 sin·
2772 3159 2773 3216 y

380 3237 674 3326 gularem
724 3241 1024 3310 habitum
1072 3240 1197 3310 sibi
1244 3241 1514 3310 assumit
1556 3246 1618 3310 et
1650 3244 1814 3311 votis
1849 3265 1916 3312 se
1961 3243 2143 3333 ligat.
2187 3243 2518 3313 Caeterum
2573 3245 2666 3312 vi·
2772 3243 2773 3246 ’

381 3352 515 3426 deri
559 3362 760 3445 potest
804 3379 1086 3450 praesens
1132 3357 1271 3427 haec
1308 3361 1526 3427 nostra
1572 3357 1904 3428 conclusio
1942 3359 2148 3427 fusius
2191 3359 2448 3428 evoluta
2493 3359 2666 3453 apud

378 3466 781 3562 Suaresium,
825 3474 939 3564 qui
976 3494 1125 3542 eam
1155 3473 1367 3564 quoad
1412 3480 1756 3562 utramque
1801 3479 2050 3562 partem
2097 3476 2522 3566 amplectitur
2561 3473 2664 3566 (de
2772 3445 2773 3470 Χ

379 3586 750 3678 Reliqione,
782 3595 957 3657 tomo
986 3589 1051 3674 3,
1082 3588 1131 3657 l.
1160 3589 1227 3676 2,
1261 3611 1320 3657 e.
1360 3589 1472 3672 16,
1501 3611 1572 3657 n.
1603 3589 1869 3682 26-27).

463 3701 840 3772 Pnorosmo
864 3702 1003 3774 XF.
1030 3741 1119 3758 --
1154 3705 1289 3787 Qui
1310 3704 1548 3773 volunt
1570 3727 1816 3772 novam
1841 3704 2233 3796 reliqionem
2259 3707 2371 3775 vel
2391 3729 2668 3798 conqre-

377 3819 711 3907 qationem
728 3819 859 3888 reli
858 3820 1122 3912 qiosam
1142 3821 1510 3907 instituere,
1541 3820 1664 3889 etsi
1683 3833 2038 3911 nequeant,
2058 3833 2216 3890 ante
2232 3821 2668 3912 Pontificiam

381 3937 953 4024 approbationem,
994 3938 1209 4006 vitam
1235 3958 1651 4006 communem
1678 3959 1830 4004 cum
1857 3935 1982 4004 hac
2011 3935 2283 4004 vivendi
2301 3939 2536 4028 forma
2559 3939 2666 4005 in-

382 4040 637 4136 choare,
664 4053 844 4122 licite
876 4065 1099 4121 tamen
1116 4065 1401 4145 possunt
1427 4050 1505 4119 de
1520 4051 1865 4143 proposito
1891 4072 2012 4120 suo
2041 4050 2430 4142 deliberare,
2461 4051 2674 4121 illud-

380 4185 503 4266 que
528 4165 603 4232 in
630 4170 893 4259 scriptis
917 4170 1312 4261 exprimere,
1344 4182 1409 4237 et
1439 4189 1507 4236 se
1534 4167 1626 4236 ad
1659 4166 1868 4256 iliud,
1886 4179 2048 4260 post
2074 4167 2420 4236 obtentam
2451 4168 2670 4236 licen·

384 4277 574 4365 tiam,
610 4284 1063 4373 exequendum
1090 4283 1455 4376 disponere.
1488 4321 1578 4336 -
1605 4281 1908 4373 Sequitur
1929 4303 2005 4352 ex
2032 4282 2242 4372 dictis,
2267 4288 2332 4352 et
2357 4285 2506 4403 satis
2543 4303 2669 4374 per

383 4415 449 4461 se
484 4405 673 4484 patet.
