2834 4959
1269 322 1421 376 rus
1466 327 1683 379 rnna.
1782 273 1791 280 ο
2488 313 2606 372 16¹

421 481 449 519 a
469 455 625 520 etiam
647 450 1100 537 obedientiam,
1141 451 1278 519 sine
1316 471 1442 540 qua
1475 451 1605 520 vita
1642 452 2015 520 communis
2046 469 2182 528 non
2210 455 2415 541 potest
2448 450 2613 520 sub-

421 594 447 632 <
465 567 690 652 sistere3
735 567 891 634 item
938 565 1430 652 continentiam,
1482 565 1629 635 sine
1672 587 1806 656 qua
1853 567 1985 635 vita
2036 565 2151 634 illa
2208 570 2369 634 esset
2432 565 2619 656 plena

420 709 446 748 ιι
467 683 786 770 turbarum,
829 683 1122 752 rixarum
1168 687 1234 751 et
1279 683 1716 772 querelarum,
1746 687 2004 774 propter
2029 681 2197 752 filios
2249 681 2625 752 nutriendos

421 823 452 862 a
471 797 642 887 i'ssque
689 796 1178 888 providendum.
1247 796 1328 868 Et
1373 796 1592 866 Patres
1650 796 1973 887 orig-inem
2028 798 2173 866 vitae
2225 797 2623 882 communis,

429 913 642 1004 «qualis
663 913 1103 1004 religiosorum
1141 919 1262 1002 est,
1297 915 1585 984 referunt
1627 911 1917 1004 primum
1954 913 2039 982 ad
2074 911 2391 982 familiam
2428 911 2625 982 Chri-

434 1053 470 1092 α
491 1029 553 1094 sti
565 1035 614 1095 et
627 1029 1080 1118 Apostolorum,
1105 1031 1221 1119 qui
1244 1029 1546 1099 dixerunt
1567 1055 1585 1097 ι
1608 1031 1781 1098 Ecce
1800 1049 1923 1098 nos
1944 1027 2339 1118 reliquimus
2355 1028 2587 1096 omnia
2598 1051 2624 1110 ;

432 1164 471 1204 ι
491 1141 622 1210 inter
642 1163 772 1233 quae
795 1144 992 1213 etiam
1021 1164 1252 1214 uxores
1291 1146 1715 1214 nominantur
1748 1172 1764 1214 :
1797 1144 1971 1214 unde
2005 1151 2067 1212 et
2122 1131 2249 1212 vita
2294 1143 2634 1235 apostolica

437 1278 469 1318 α
491 1259 828 1325 noninatur.
881 1283 917 1322 ι)
969 1258 1186 1352 (Apud
1234 1265 1519 1328 recentes
1571 1258 2049 1346 Bollandianos,
2106 1261 2416 1330 Eoeamen
2478 1256 2641 1328 libri

427 1375 662 1442 Mariani
703 1373 1087 1458 Voelzoeven,
1119 1397 1268 1468 pag.
1306 1375 1447 1466 37.)
2002 1371 2033 1406 “

498 1489 559 1557 V.
601 1489 852 1560 Seclusa
898 1490 1104 1560 etiam·
1140 1491 1416 1582 praefatae
1458 1492 1815 1562 traditionis
1850 1493 2251 1575 auctoritate,
2295 1514 2335 1560 a
2390 1498 2637 1584 tempo-

411 1603 558 1674 ribus
595 1607 968 1698 Apostolicis
995 1609 1302 1678 exstitisse
1339 1609 1669 1698 religiosos
1706 1604 2011 1678 concludi
2065 1609 2349 1690 deberet,
2396 1629 2475 1678 ex
2516 1608 2640 1676 hoc

406 1720 518 1788 solo
555 1724 748 1811 quod*
765 1723 1060 1794 Christus
1103 1730 1346 1795 statum
1398 1723 1604 1805 hunc,
1653 1724 1983 1793 suadendo
2034 1729 2097 1792 et
2152 1723 2234 1792 ad
2292 1746 2442 1792 eum
2498 1746 2644 1792 am·

399 1832 756 1924 plexandum
798 1836 1142 1920 hortando,
1197 1836 1575 1906 instituerit.
1630 1835 1949 1906 Credibile
2007 1837 2189 1904 enim
2244 1857 2375 1904 non
2424 1841 2520 1905 est
2566 1858 2642 1904 ex

397 1947 578 2038 ipsius
617 1950 948 2042 discipulis
979 1959 1042 2020 et
1077 1953 1308 2042 primis
1352 1950 1761 2034 Christianis,
1808 1949 2025 2018 nullos
2060 1950 2255 2019 tuisse
2302 1950 2417 2038 qui
2472 1952 2647 2040 ejus-

382 2066 550 2135 modi
568 2065 1044 2136 hortationibus
1063 2067 1347 2136 obsecuti
1381 2068 1535 2137 sint.

443 2182 830 2252 Pnorosmo
849 2181 994 2252 ΙΨ.
1009 2219 1100 2236 -—-
1126 2183 1276 2252 Veri
1289 2183 1591 2274 reliqiosi
1606 2183 1883 2274 fuerunt
1907 2181 1962 2250 ii
1978 2182 2187 2250 trium
2206 2181 2514 2273 priorum
2526 2203 2649 2250 sae·

346 2301 670 2372 culorum
701 2298 1082 2388 Christiani,
1111 2298 1234 2390 qui
1255 2311 1629 2368 ascetarum
1646 2298 1908 2370 nomine
1934 2311 2413 2368 numerantur.
2446 2337 2537 2352 --
2554 2298 2649 2369 Ne

329 2416 680 2506 congestis
722 2413 1157 2499 documentis,
1227 2415 1515 2484 nimium
1556 2437 1596 2484 a
1652 2416 1933 2508 practico
1980 2414 2371 2486 tractationis
2413 2422 2645 2486 nostrae

319 2555 546 2624 scopo
594 2531 933 2600 recessisse
980 2531 1341 2617 videamur,
1403 2530 1565 2622 quid
1612 2531 1857 2600 fuerint
1904 2537 2153 2615 ascetae,
2204 2553 2277 2600 ex
2324 2533 2405 2599 iis
2464 2532 2650 2601 dun-

321 2647 528 2712 taxat
583 2638 980 2727 auctoribus,
1025 2638 1138 2729 qui
1189 2644 1425 2707 nost-rae
1478 2636 1643 2706 thesi
1669 2646 2113 2728 opponuntur,
2148 2638 2642 2728 mutuabimus3

325 2766 402 2832 et
474 2751 684 2822 facile
731 2755 1064 2846 perspiciet
1112 2754 1310 2823 lector
1363 2752 1660 2822 sufficere
1700 2751 1909 2833 illam,
1958 2749 2043 2819 ab
2078 2751 2373 2840 ipsisinet
2425 2753 2649 2822 adver-

327 2870 558 2943 sariis
607 2867 975 2957 admissam,
1014 2870 1094 2938 de
1147 2869 1371 2938 ascetis
1430 2867 1787 2947 notionem,
1832 2877 1905 2936 ut
1946 2886 2095 2936 vere
2143 2865 2475 2955 religiosos
2545 2888 2649 2937 eos

325 2988 568 3057 fuisse
591 2983 819 3052 merito
835 2983 1286 3054 concludatur.

435 3097 648 3185 Quid
707 3099 916 3189 fuisse
985 3120 1246 3168 ascens
1315 3099 1648 3168 existimet
1721 3097 2145 3168 Antonellus.
2230 3133 2320 3146 --
2386 3095 2649 3187 Scripsit

323 3226 588 3290 auctor
635 3214 756 3282 ille
782 3213 864 3283 de
901 3215 1164 3295 ascetiS,
1215 3213 1390 3305 apud
1432 3214 1718 3283 eruditos
1768 3234 2007 3302 magno
2066 3211 2269 3301 pretio
2326 3209 2613 3280 habitam
2628 3259 2649 3292 ,

331 3328 922 3420 dissertationem3
1012 3351 1143 3422 qua
1231 3329 1503 3422 probare
1584 3328 1993 3420 potissimum
2082 3325 2316 3418 satagit
2414 3327 2646 3398 saeculo

329 3453 594 3543 quarto
639 3445 1036 3538 antiquiores
1068 3445 1247 3516 haud
1273 3467 1410 3515 esse
1436 3443 1819 3514 nwnackos.
1855 3442 2071 3524 Quam
2096 3443 2239 3534 ejus
2278 3445 2643 3514 conclusio-

331 3587 516 3637 nem
559 3562 958 3650 obtendunt,
1000 3562 1118 3654 qui
1157 3560 1613 3652 religiosorum
1664 3558 1991 3651 prioribus
2036 3557 2341 3629 Ecclesiae
2393 3566 2645 3646 tempo-

335 3683 550 3753 ribus
571 3678 984 3748 existentiam
1007 3683 1248 3770 negant
1277 3701 1296 3762 3
1330 3676 1627 3768 quamvis
1674 3674 2028 3745 monachos
2047 3676 2351 3746 duntaxat
2376 3694 2413 3742 a
2438 3673 2645 3744 tribus

344 3795 702 3889 prioribus
734 3793 986 3864 saeculis
1027 3795 1318 3864 exclusos
1365 3792 1641 3862 voluerit
1707 3791 2091 3862 Antonellus
2147 3817 2164 3860 ε
2242 3810 2375 3858 non
2424 3793 2643 3858 autem

354 3920 630 3982 ascetae
650 3930 682 3994 ,·
709 3918 772 3979 et
812 3917 1051 3980 ascetae
1085 3931 1267 3980 veros
1295 3907 1637 4000 reliqiosos
1670 3927 1807 3976 non
1839 3907 2063 3997 fuisse,
2094 3923 2503 3994 nequaquam
2538 3903 2645 3974 ul-

357 4024 493 4094 libi
577 4024 939 4099 assemerit.
1005 4023 1240 4108 Quales
1267 4089 1272 4093 ,
1299 4025 1495 4094 fuisse
1549 4027 1787 4094 ascetas
1846 4021 2142 4094 eruditus
2200 4017 2309 4086 ille
2382 4017 2645 4088 investi-

375 4137 584 4230 gando
637 4141 976 4232 repererit,
1029 4140 1248 4233 paucis
1289 4139 1739 4230 subjiciamus.
1792 4137 2053 4207 Asceta's
2110 4137 2293 4202 vocat
2348 4157 2385 4200 α
2439 4131 2649 4224 philo-⁸

391 4277 424 4316 ι
445 4251 675 4344 sophos
725 4253 1147 4338 Christianos,
1203 4255 1346 4348 qui,
1438 4253 1707 4324 terrenis
1777 4251 1952 4320 curis
2016 4269 2093 4318 ac
2167 4246 2647 4340 impedimentis

399 4393 429 4431 α
454 4369 742 4461 abjectis,
805 4378 868 4440 et
933 4371 1166 4442 saeculi'·
1227 4368 1662 4460 voluptatibus
1720 4363 2099 4458 repudiatis,
2162 4363 2417 4436 animos
2498 4383 2647 4434 suos

664 4493 712 4539 1.
2300 4485 2364 4534 11
