2834 4959
390 346 513 399 33⁴
961 350 1299 398 TRACTATUS
1338 350 1420 397 118
1459 350 1608 397 mm:
1655 350 2073 398 nauminia.
2147 356 2152 361 '

386 470 833 559 conventibus,
899 484 1013 540 aut
1064 470 1349 560 generali
1412 467 1798 539 eorumdem
1881 472 2359 561 superiorissae‚
2414 475 2665 547 nullam

386 593 748 678 competere
778 608 818 655 a
854 584 1149 655 locorum
1184 584 1544 655 ordinariis
1583 586 2104 675 exemptionem3
2149 607 2270 659 nec
2315 606 2502 677 posse
2523 612 2670 681 pro-

384 702 537 773 inde
556 701 923 794 generalem
952 701 1269 792 ejusmodi
1306 700 1796 791 superiorissam
1827 700 2192 791 quidquam
2245 704 2318 770 in
2361 704 2664 796 subjectis

384 818 510 887 sibi
560 816 979 886 conventibus
1032 836 1359 907 peragere,
1419 814 1548 885 nisi
1597 814 2032 907 dependenter
2071 814 2156 884 ab
2199 814 2560 909 Episcopis,
2589 823 2660 891 in

384 956 669 1025 quorum
696 931 1078 1001 dioecesibus
1124 938 1478 1001 conventus
1515 930 1612 998 illi
1651 936 1897 999 exstant
1937 931 2072 999 :ita
2117 952 2360 1023 nempe
2389 941 2464 1002 ut
2481 934 2664 1005 dicta:

384 1046 707 1139 generalis
754 1043 1191 1137 superiorissae
1230 1047 1575 1115 auctoritas
1610 1044 2036 1135 intelligenda
2061 1046 2146 1115 sit
2179 1070 2216 1111 α
2241 1048 2320 1116 ad
2357 1051 2666 1119 terminos

398 1189 435 1229 α
456 1162 875 1233 oeconomicae
922 1162 1267 1253 cujusdam
1318 1160 1760 1251 provideram,
1811 1180 1934 1231 nec
1983 1158 2110 1229 nisi
2157 1182 2316 1232 cum
2359 1172 2664 1257 perpetua

399 1302 435 1343 α
460 1277 885 1369 dependentia
909 1276 993 1345 ab
1026 1274 1353 1345 ordinaria
1374 1273 1848 1366 Episcoporum
1875 1275 2254 1375 auctoritate
2275 1280 2661 1363 exercendae,

398 1418 433 1461 α
460 1394 735 1463 redacta.
814 1416 849 1458 n
905 1390 989 1459 Et
1036 1389 1301 1459 tandem
1362 1389 1436 1457 in
1497 1389 1872 1479 particulari
1915 1390 2300 1461 determinat
2345 1391 2658 1478 Pontifex,

389 1508 547 1597 quid
598 1508 797 1596 possit
840 1511 951 1575 aut
996 1527 1133 1575 non
1190 1492 1383 1596 possit
1429 1505 1749 1594 generalis
1799 1504 1916 1575 illa
1953 1506 2392 1597 superiorissa,
2445 1511 2664 1597 quoad

390 1626 833 1691 conventuum
882 1620 1009 1689 sibi
1050 1619 1496 1711 subjectorum
1547 1620 1869 1710 regimen.
1923 1619 2020 1689 De
2063 1644 2196 1713 qua
2227 1622 2478 1712 speciali
2511 1624 2664 1693 dis-

392 1737 708 1825 positione
778 1741 1064 1805 recurret
1142 1756 1383 1819 sermo,
1457 1733 1578 1803 ubi
1634 1736 1745 1824 jus
1815 1753 2170 1804 commune
2237 1735 2658 1827 expendemus

390 1850 603 1941 quoad
650 1848 993 1919 hodiernae
1062 1848 1291 1919 Galliae
1344 1848 1702 1918 mulierum
1773 1851 2326 1941 congregationes,
2385 1872 2528 1942 quai
2563 1850 2650 1921 ab

394 1966 612 2056 aliqua
650 1964 939 2056 generali
979 1964 1403 2057 superiorissa
1456 1969 1802 2054 reguntur.
1853 1964 2009 2036 Haec
2061 1973 2154 2036 est
2197 1968 2666 2037 constitutionis

398 2082 723 2163 Quamvis
740 2082 927 2173 justo
958 2100 1247 2149 summa.

486 2196 801 2264 Remanet
824 2202 899 2261 ut
926 2193 1133 2278 illam,
1168 2193 1347 2263 valde
1382 2192 1862 2281 attendendam,
1887 2192 2220 2263 Benedicti
2243 2192 2399 2263 xlv
2425 2194 2662 2265 bullam

394 2312 467 2379 in
489 2310 1046 2379 confirmationem
1074 2314 1525 2377 convertamus
1552 2308 1885 2394 doctrinae,
1916 2331 2114 2399 quam
2139 2311 2440 2400 prasenti
2467 2310 2666 2400 capite

398 2438 685 2493 tuemur.

492 2540 553 2605 10
584 2536 821 2605 Probat
846 2536 1031 2606 bulla
1070 2537 1211 2623 ista,
1258 2557 1392 2607 non
1437 2542 1692 2605 tantum
1741 2536 2112 2620 Tertiarias,
2164 2536 2276 2607 sed
2315 2560 2664 2629 congrega-

396 2656 600 2723 tiones
628 2672 853 2721 omnes
898 2651 1283 2723 monialium
1336 2652 1582 2745 absque
1625 2653 1922 2725 clausura
1967 2660 2031 2725 et
2075 2655 2242 2725 votis
2269 2655 2662 2725 solemnibus

396 2768 796 2859 degentium,
828 2766 1154 2837 habendas
1182 2790 1315 2839 esse
1352 2774 1667 2859 tanquam
1693 2770 2050 2839 contrarias
2075 2772 2282 2841 sancti
2311 2769 2414 2841 Pii
2439 2770 2496 2841 V
2523 2792 2664 2841 oon·

394 2886 736 2955 stitutioni.

486 2997 550 3062 2⁰
601 2996 762 3067 Item
808 2999 1036 3089 probat
1081 2997 1479 3088 jamdudum
1531 2998 2066 3087 congregationes
2103 3000 2248 3070 illas
2285 3003 2438 3091 jure
2483 3022 2665 3071 com-

396 3114 587 3184 muni
637 3113 913 3183 tolerari
962 3114 1046 3185 ab
1096 3113 1409 3201 Ecclesia,
1469 3134 1546 3181 ac
1585 3113 1857 3205 proinde
1903 3134 2008 3184 eas
2041 3136 2177 3186 non
2203 3136 2343 3185 esse
2377 3115 2658 3201 illicitas,

396 3236 585 3317 prout
608 3230 817 3299 forent
840 3231 896 3299 si
920 3231 1111 3321 plene
1134 3230 1380 3318 vigeret
1404 3228 1574 3299 dicta
1599 3228 1806 3299 sancti
1832 3228 1932 3299 Pii
1962 3228 2022 3299 V
2048 3232 2438 3305 constitutio.

484 3341 549 3409 30
586 3342 882 3421 Easdem·
904 3344 1434 3435 congregationes
1477 3342 1558 3413 de
1596 3346 1749 3436 jure
1801 3348 2136 3418 communi
2181 3370 2318 3418 non
2345 3348 2660 3419 habendas

396 3476 529 3527 ωδε
552 3478 669 3549 pro
710 3461 1127 3551 approbatis,
1164 3462 1273 3531 sed
1302 3460 1614 3531 duntaxat
1649 3482 1770 3551 pro
1793 3461 2115 3544 toleratis,
2145 3464 2402 3533 etiamsi
2431 3461 2660 3552 mgulae

397 3572 685 3663 ipsarum
713 3594 789 3641 ac
816 3574 1075 3645 vivendi
1100 3574 1387 3645 modusa
1404 3575 1554 3645 sede
1569 3575 1940 3667 Apostolica
1959 3576 2404 3668 approbentur
2427 3581 2492 3645 et
2506 3595 2656 3644 con—

398 3684 771 3757 firmentur.

481 3802 549 3870 4⁰
576 3803 686 3873 An
712 3810 962 3890 autem,
994 3824 1129 3873 non
1160 3803 1446 3875 obstante
1481 3804 1854 3877 conditione
1881 3806 1996 3875 illa
2035 3828 2234 3876 meroe
2265 3803 2652 3879 tolerantiae,

396 3884 643 4006 possint
700 3919 1021 4009 ejusmodi
1090 3921 1618 4011 congregationes
1691 3928 1892 3993 status
1975 3920 2262 4013 religiosi
2333 3919 2652 3992 essentiam

396 4030 656 4118 habere,
682 4037 1065 4127 expenditur
1088 4038 1383 4128 sequenti
1407 4038 1839 4129 paragrapho.
