2834 4959
1094 335 1244 383 PARS
1289 336 1552 394 QUARTA.
2331 336 2400 391 61
2419 340 2454 391 3

195 490 229 529 «
256 460 451 531 etiam
477 456 547 525 in
572 453 979 523 monasteriis
1006 472 1139 523 non
1161 454 1472 546 exemptis
1496 454 1878 525 monialium
1903 458 2180 549 receptio
2213 462 2292 529 de
2311 465 2458 547 iure

90 623 98 633 .
159 552 229 643 ἀ
254 596 386 646 non
408 578 648 665 spectat
674 569 757 638 ad
780 568 1203 662 Episcopum,
1228 570 1338 639 sed
1358 571 1442 640 ad
1465 571 1852 642 abbatissam
1874 578 1938 641 et
1963 580 2378 645 conventum.
2413 605 2448 644 >2

184 694 398 783 Atque
449 688 519 758 id
567 688 787 755 firmat
838 682 1140 775 pluribus
1186 686 1697 756 auctoritatibus.
1760 688 2066 759 Attamen
2122 687 2455 761 Schmalz-

184 808 465 899 grueber
491 804 807 895 Episcopo
853 802 1105 883 tribuit,
1133 806 1206 871 ut
1254 804 1325 872 in
1372 802 1796 875 conventibus
1839 827 1974 877 non
2006 810 2317 899 exemptis
2345 829 2455 877 va-

194 921 326 990 lide
378 926 564 1011 queat
594 918 676 987 ad
725 916 1191 1011 professionem
1246 917 1620 1001 admittere;
1676 920 1788 991 sed
1831 940 1986 991 cum
2037 920 2452 1011 limitatione,

182 1054 333 1125 quae
382 1034 585 1125 ipsius
624 1033 999 1123 opinionem
1037 1033 1115 1101 ad
1168 1030 1459 1122 Fagnani
1482 1033 1840 1103 doctrinam
1867 1034 2000 1104 fere
2033 1035 2308 1123 reducit,
2339 1037 2450 1105 ni-

184 1150 475 1219 mirum:
524 1174 561 1214 «
586 1146 763 1238 Opus
812 1154 1029 1217 tamen
1079 1148 1199 1216 erit
1244 1168 1320 1215 eo
1358 1168 1536 1232 casu,
1567 1153 1639 1216 ut
1665 1149 1984 1238 eJ'usmodi
2007 1148 2314 1219 admissio
2345 1151 2456 1221 fiat

195 1288 405 1337 «cum
462 1274 801 1334 consensu.
840 1262 1105 1354 maJ'oris
1172 1264 1368 1354 partis
1439 1264 1700 1355 capituli
1737 1289 1756 1333 ε
1820 1286 1974 1334 nam
2031 1266 2149 1335 etsi
2205 1274 2267 1335 et
2315 1268 2452 1357 ipse

190 1408 226 1447 α
254 1382 401 1450 talis
445 1379 816 1450 monasterii
859 1378 1163 1472 praelatus
1212 1378 1514 1469 proprius
1539 1378 1646 1464 sit,
1683 1400 2070 1450 consensum
2105 1386 2348 1466 tamen,
2381 1383 2452 1450 in

192 1521 232 1560 «
254 1517 325 1564 re
349 1496 811 1564 monasterium
864 1493 1277 1583 contingente
1326 1492 1558 1583 (qualis
1607 1500 1702 1563 est
1750 1495 2054 1563 admissio
2092 1494 2173 1563 ad
2215 1494 2455 1585 profes-

198 1638 235 1679 «
258 1609 557 1703 sionem),
584 1632 623 1679 a
676 1608 1062 1679 monasterio
1102 1608 1291 1677 debet
1336 1610 1694 1699 exquirere.
1725 1634 1763 1675 ι
1822 1594 2449 1699 (Schmalzgrueber,

182 1730 255 1798 in
290 1728 557 1798 titulum
584 1726 665 1795 de
687 1725 1152 1817 Reqularibus,
1190 1745 1259 1791 n.
1290 1724 1473 1815 183.)

272 1841 699 1931 Intelligenda
722 1846 817 1908 est
841 1859 1121 1930 praesens
1152 1839 1529 1931 propositio,
1570 1838 1650 1907 de
1685 1840 1846 1929 jure
1883 1841 2224 1907 communi
2237 1860 2268 1924 ;
2294 1862 2450 1909 nam

178 1958 264 2025 de
299 1959 449 2047 jure
510 1955 907 2046 particulari,
960 1959 1163 2046 potest
1211 1953 1291 2022 ad
1336 1952 1732 2045 Episcopum
1774 1957 2057 2045 spectare
2115 1954 2286 2023 dicta
2336 1954 2450 2023 ad·

189 2073 438 2151 missio,
467 2070 539 2138 in
564 2068 901 2139 ordinibus
930 2084 1063 2139 non
1092 2070 1427 2161 exemptis,
1462 2075 1653 2161 prout
1688 2071 1982 2161 sequenti
2016 2068 2450 2160 propositione

180 2187 441 2257 dicitur.

268 2288 645 2372 Psorosmo
673 2300 803 2370 111⁸.
836 2339 927 2355 -
955 2304 1051 2371 De
1071 2302 1232 2393 jure
1254 2302 1680 2393 particulari,
1713 2300 1896 2369 verbi
1914 2300 2166 2391 qratia,
2195 2323 2276 2368 ea·
2297 2324 2447 2369 con-

150 2418 524 2489 suetudine
560 2418 967 2510 proescn'pta
1031 2418 1138 2487 vel
1176 2416 1567 2510 privileqio,
1614 2428 1836 2510 potest
1875 2413 1968 2483 ad
2013 2415 2442 2506 Episcopum,

178 2537 384 2605 etiam
404 2533 651 2621 solum,
674 2544 967 2625 spectare
982 2529 1301 2600 admissio
1316 2533 1407 2599 ad
1424 2532 1916 2623 professionem.
1935 2530 2108 2600 -ld
2126 2532 2315 2599 etiam
2333 2530 2443 2599 de·

172 2651 501 2719 sumimus
526 2670 599 2717 ex
630 2647 961 2739 Fagnano.
996 2646 1345 2735 Postquam
1366 2668 1601 2736 nempe
1621 2646 1896 2733 aregula
1920 2646 2234 2735 generali,
2269 2645 2440 2733 quod

172 2766 260 2834 ad
304 2764 691 2857 Episcopum
742 2764 913 2833 dicta
954 2759 1260 2831 admissio
1299 2780 1433 2828 non
1488 2760 1826 2849 pertineat,
1866 2760 2190 2847 exceperit
2217 2780 2439 2826 casum

170 2903 309 2971 quo
352 2880 705 2973 Episcopus
746 2885 842 2948 est
886 2877 1086 2947 simul
1112 2876 1339 2955 abbaS,
1369 2880 1432 2944 et
1469 2894 1692 2943 casum
1722 2871 2002 2964 praesatae
2032 2870 2442 2961 negligentiae

168 3004 517 3095 subjungit
538 3004 663 3072 hoc
689 3002 880 3071 modo
905 3025 923 3069 ε
963 3026 999 3068 α
1024 2999 1281 3071 Tertius
1306 3019 1490 3069 casus
1514 2998 1702 3067 estin
1726 2994 2130 3065 monasteriis
2149 2992 2439 3062 virorum

174 3146 221 3187 «
249 3120 346 3189 vel
372 3120 748 3206 mulierum,
774 3138 920 3208 quae
949 3118 1035 3186 ita
1054 3123 1207 3186 sunt
1232 3114 1549 3209 Episcopo
1571 3114 1886 3205 subjecta,
1917 3115 1991 3180 ut
2007 3109 2086 3178 ad
2109 3131 2262 3178 eum
2288 3129 2437 3199 spe-

172 3261 218 3301 α
249 3240 375 3303 ctet
430 3232 706 3323 receptio
742 3233 1210 3301 monachorum
1254 3231 1357 3299 vel
1415 3226 1829 3308 monialium,
1853 3229 2006 3315 puta
2042 3243 2117 3291 ex
2164 3242 2438 3291 consue-

172 3349 469 3417 «tudine
518 3348 915 3438 praescripta,
955 3346 1051 3415 vel
1099 3346 1460 3438 privilegio.
1488 3369 1522 3411 n
1569 3342 1672 3434 (ln
1719 3363 1864 3431 cap.
1915 3343 2331 3426 Porrectum,
2363 3336 2441 3406 de

160 3462 639 3556 Reqularibus,
668 3484 736 3531 n.
758 3460 900 3551 32.)
1048 3456 1060 3469 ’
1945 3440 1957 3448 ”
2481 3546 2488 3553 ι

258 3579 638 3650 Psorosmo
664 3576 799 3646 1V·.
834 3614 925 3629 —
950 3578 1032 3647 In
1060 3572 1704 3667 conqreqationibus,
1731 3592 1878 3663 quae
1905 3568 2245 3661 simplicia
2269 3567 2437 3636 dun-

160 3709 370 3773 taaeat
416 3709 601 3782 vota,
634 3717 746 3764 seu
802 3694 943 3764 late
972 3700 1313 3786 sumptam
1349 3688 1820 3784 professionem
1864 3686 2209 3774 emittunt,
2251 3707 2341 3754 an
2375 3696 2440 3754 et

150 3820 493 3905 quatenus
522 3805 836 3876 admissio
871 3806 1209 3898 pertineat
1237 3803 1329 3881 ad
1369 3804 1803 3895 Episcopum,
1823 3798 2088 3869 videtur
2137 3792 2440 3864 determi-

150 3911 471 3987 nandum
506 3934 587 3979 ex
627 3914 929 4003 ipsarum
961 3908 1574 3996 constitutionibuS,
1606 3906 1713 3976 vel
1754 3906 2060 3998 leqitima
2091 3911 2436 3971 consuetu·

150 4028 357 4101 dine:
388 4024 569 4117 quod
606 4026 669 4093 si
704 4024 1205 4095 constitutiones
1238 4022 1766 4118 conqreqationis
1791 4020 1899 4087 vel
1921 4014 2324 4087 consuetudo
2365 4012 2442 4082 id

147 4166 296 4215 non
322 4140 936 4230 determinaverint,
968 4164 1104 4211 non
1135 4140 1393 4211 videtur
1416 4136 1728 4208 admissio
1760 4132 2094 4224 pertinere
2136 4128 2230 4198 ad
2269 4126 2437 4219 Epi-

150 4282 451 4350 scopum,
486 4258 621 4327 nisi
668 4254 747 4324 de
797 4278 1109 4326 consensu
1150 4252 1702 4347 conqreqationis.
1734 4286 1821 4302 -—
1863 4250 1924 4317 1⁰
1967 4245 2042 4317 Si
2063 4245 2434 4315 institutum

154 4373 678 4463 congregationis
700 4393 739 4442 a
764 4370 912 4442 sede
938 4371 1305 4463 Apostolica
1342 4370 1538 4439 fuerit
1559 4364 2012 4459 approbatum,
2043 4369 2106 4432 et
2133 4358 2437 4431 determi-
