2834 4959
410 340 531 397 630
969 346 1310 395 TRACTATUS
1354 350 1433 395 ms
1484 350 1635 395 suns
1672 348 2089 396 assumtum.

399 466 640 537 decreti
667 465 884 535 verba.
911 466 1084 537 Hinc
1109 468 1434 557 ejusmodi
1482 467 1817 556 religiosis,
1870 469 1985 557 qui
2022 490 2061 537 e
2100 468 2235 535 suis
2260 470 2659 540 monasteriis

401 581 668 674 proprio
715 586 918 649 marte
977 580 1342 667 discedunt,
1399 587 1465 649 et
1536 582 1763 650 volunt
1824 580 2079 651 admitti
2132 580 2217 649 ad
2269 581 2657 669 probandam

403 697 816 789 professionis
844 718 976 765 suae
1013 697 1406 782 nullitatem,
1438 697 1790 767 rescribere
1830 698 1991 765 solet
2024 696 2223 767 Sacra
2250 696 2656 787 Congregnio

402 812 672 883 Concilii
697 836 718 879 ι
756 814 1152 881 Reassumat
1197 811 1533 896 habitum,
1574 810 1801 882 redeat
1844 810 1944 881 ad
1978 812 2301 892 claustra,
2344 825 2419 881 et
2450 826 2658 905 postea

401 929 732 1019 supplicet
769 928 938 1018 (vide
971 928 1140 1019 apud
1180 926 1234 997 F
1235 930 1495 1009 errariS,
1527 949 1681 995 voce
1710 928 2067 1018 Professio,
2102 950 2173 996 n.
2206 916 2356 1017 6'7).

489 1042 962 1135 Excipiendum
997 1038 1213 1113 tamen
1243 1044 1327 1113 ab
1365 1044 1487 1113 hac
1530 1044 1815 1131 generali
1856 1043 2083 1133 regula
2126 1044 2539 1134 religiosum,
2564 1048 2662 1135 qui

397 1182 472 1229 ex
492 1162 668 1250 justa
707 1180 900 1229 causa
943 1161 1282 1249 aufugeret
1329 1160 1535 1251 (verbi
1583 1158 1813 1249 gratia,
1834 1182 1911 1227 ex
1960 1183 2035 1228 eo
2080 1160 2255 1249 quod
2304 1180 2349 1227 a
2384 1166 2665 1251 superio-

397 1275 582 1344 ribus
633 1275 1048 1367 impediatur,
1083 1296 1165 1343 ne
1200 1276 1531 1365 querelam
1568 1296 1756 1351 suam
1798 1274 2019 1343 debito
2040 1276 2251 1345 modo
2298 1276 2389 1343 ad
2432 1277 2661 1363 judices

399 1388 690 1477 deferat),
747 1390 1100 1459 admittunt
1179 1390 1469 1459 doctores
1524 1390 1958 1461 communiter
2010 1390 2183 1482 (vide
2235 1388 2651 1474 Reiffenstuel,

394 1506 465 1573 in
511 1505 608 1574 tit.
653 1505 733 1573 de
753 1505 1220 1593 Reqularibus,
1273 1526 1342 1573 n.
1401 1505 1579 1595 196).
1635 1505 1815 1579 Ratio
1850 1507 2057 1596 hujus
2112 1507 2503 1597 exceptionis
2546 1514 2643 1589 ost,

366 1620 574 1709 quod
613 1619 993 1687 Tridentina
1043 1620 1328 1708 synodus
1379 1621 1701 1691 censenda
1752 1620 1837 1689 sit
1894 1620 2243 1711 prohibere
2295 1630 2361 1689 et
2424 1623 2637 1713 punire

393 1733 674 1803 voluisse
721 1734 1154 1803 temerariam
1193 1734 1507 1803 duntaxat
1548 1736 2001 1809 discessionem
2050 1745 2117 1805 et
2154 1736 2407 1807 habitus
2432 1736 2637 1805 dimis-

397 1850 673 1935 sionem,
699 1871 833 1918 non
857 1857 1072 1919 autem
1095 1871 1240 1917 eam
1269 1872 1415 1939 quae
1446 1852 1517 1917 fit
1532 1852 1709 1940 justa
1739 1859 2009 1940 urgente
2036 1874 2255 1921 causa.

482 1960 774 2043 Quffisrno
806 1963 943 2034 ΙΨ.
976 2002 1066 2015 -
1091 1964 1299 2055 Apud
1319 1988 1482 2055 quos
1498 1966 1540 2055 j
1546 1964 1758 2037 udices
1786 1966 2145 2035 reclamare
2168 1968 2451 2037 valeant
2472 1988 2651 2058 requ-

397 2080 598 2168 lares,
631 2081 748 2171 qui
771 2082 1042 2149 nullam
1061 2080 1537 2172 professionem
1559 2104 1749 2151 suam
1767 2082 2255 2173 praetendunt?
2277 2122 2370 2137 —
2392 2084 2651 2175 Respon-

395 2195 538 2282 deo,
570 2196 822 2285 judices
843 2198 1056 2285 quoad
1097 2197 1217 2265 hoc
1253 2218 1294 2265 a
1344 2197 1727 2273 Tridentina
1754 2199 1998 2287 synodo
2029 2200 2401 2269 constitutos
2442 2198 2644 2282 fuisse,

397 2312 594 2381 simul
635 2317 698 2379 et
745 2312 1134 2403 copulative,
1158 2313 1559 2402 superiorem
1603 2314 1969 2404 regularem
2010 2321 2074 2383 et
2119 2314 2493 2405 Episcopum
2522 2314 2645 2381 loci

397 2428 841 2509 ordinarium3
893 2433 1085 2516 prout
1128 2425 1278 2495 satis
1308 2434 1481 2517 patet
1524 2450 1599 2497 ex
1658 2431 1947 2520 ipsismet
1984 2430 2225 2501 decreti
2254 2430 2485 2499 verbis.
2504 2427 2641 2509 Qua

393 2546 615 2607 autem
647 2539 858 2608 forma
895 2539 993 2608 illi
1017 2540 1268 2629 judices
1305 2544 1375 2611 in
1401 2546 1813 2634 expediendis
1844 2547 2233 2637 hujusmodi
2268 2548 2475 2617 causis
2508 2566 2649 2637 pro-

397 2656 620 2726 cedere
649 2656 948 2744 debeant,
983 2659 1130 2725 vide
1160 2661 1354 2745 infra,
1391 2666 1599 2751 capite
1630 2661 1737 2733 13.

485 2772 774 2853 QuAEsrio
799 2773 914 2843 V·.
941 2810 1032 2825 —
1057 2774 1167 2841 An
1203 2776 1417 2865 possit
1458 2777 1611 2867 fieri
1655 2777 2081 2862 reclamatio,
2110 2778 2317 2847 etiam
2340 2788 2500 2869 post
2532 2776 2653 2845 ela·

361 2910 594 2980 ‚psum
636 2889 1228 2980 quinquennium?
1249 2930 1341 2943 --
1373 2894 1433 2959 1⁰
1479 2891 1745 2961 Certum
1796 2901 1913 2979 est,
1948 2894 2167 2983 elapso
2194 2894 2649 2983 quinquennio,

389 3008 527 3093 jam
549 3026 678 3073 non
715 3026 890 3093 posse
917 3006 1128 3074 audiri
1151 3008 1673 3077 reclamationem
1704 3009 1817 3077 via
1846 3008 2191 3087 ordinaria
2208 3030 2241 3092 ;
2268 3012 2440 3098 quod
2464 3009 2656 3077 mani-

395 3116 628 3183 festum
654 3118 902 3187 faciunt
925 3120 1066 3189 haec
1085 3121 1316 3191 decreti
1343 3123 1561 3208 verba,
1579 3125 1715 3192 nisi
1736 3125 1923 3193 intra
1950 3126 2481 3215 quinquennium
2502 3148 2545 3193 a
2562 3120 2657 3189 die

387 3232 845 3320 professionis.
891 3233 1078 3304 Unde
1120 3246 1258 3324 post
1301 3238 1551 3307 dictum
1594 3241 1944 3310 terminum
1978 3244 2120 3329 jam
2150 3246 2481 3331 nequeunt
2512 3238 2653 3326 Epi—

397 3364 632 3435 scopus
650 3354 714 3413 et
730 3349 1024 3437 superior
1043 3350 1356 3439 regularis
1373 3355 1699 3441 ejusmodi
1728 3355 2217 3425 reclamationes
2234 3356 2493 3447 propria
2506 3374 2657 3423 auc—

395 3460 647 3529 toritate
695 3462 1030 3533 admittere
1097 3472 1161 3533 et
1218 3467 1555 3559 judicare;
1622 3476 1686 3539 et
1738 3470 2041 3539 nullitate
2092 3478 2255 3541 tunc
2312 3472 2657 3542 laborarent

395 3574 616 3645 omnia
661 3576 744 3645 ab
801 3578 958 3667 ipsis
1011 3580 1135 3647 hac
1179 3582 1250 3649 in
1303 3604 1372 3649 re
1422 3592 1585 3653 acta.
1644 3585 1711 3651 2ο
1752 3586 1987 3655 Adhuc
2026 3594 2245 3655 tamen
2292 3588 2437 3655 fieri
2476 3589 2656 3677 potest

395 3692 763 3764 reclamatio
795 3700 934 3784 post
966 3698 1501 3785 quinquennium
1548 3722 1665 3791 per
1698 3702 1883 3769 viam
1922 3700 2533 3771 extraordinariam
2548 3720 2575 3782 ‚·
2596 3696 2655 3765 id

394 3814 513 3895 est,
559 3807 912 3891 obtinendo
963 3832 1002 3877 a
1045 3812 1192 3881 sede
1245 3814 1615 3903 Apostolica
1662 3816 2137 3888 restitutionem
2188 3818 2258 3883 in
2294 3818 2641 3905 integrum.

395 3922 682 3992 Invaluit
710 3944 946 4014 nempe
986 3928 1200 4015 praxis
1249 3933 1346 4011 ut,
1385 3928 1599 4019 elapso
1649 3931 2129 4021 quinquenniO,
2154 3928 2355 4000 Sacra
2382 3931 2647 4019 Congre-

395 4044 590 4133 gati0‚
675 4047 842 4115 sedis
919 4047 1303 4139 Apostolicae
1375 4051 1746 4119 auctoritate
1816 4058 1877 4119 et
1944 4050 2239 4135 nomine,
2304 4050 2645 4119 facultatem

390 4159 626 4228 faceret
667 4161 970 4249 religioso
1001 4162 1525 4233 reclamationem
1564 4186 1749 4233 suam
1784 4167 2214 4259 proponendi,
2237 4174 2311 4233 et
2329 4161 2642 4255 judicibus

389 4276 736 4343 ordinariis
783 4276 874 4367 (id
929 4285 1044 4363 est,
1077 4278 1395 4371 Episcopo
1438 4280 1561 4349 loci
1610 4288 1673 4349 et
1697 4280 2019 4373 superiori
2052 4282 2361 4371 regulari)
2400 4292 2641 4347 causam

380 4388 745 4480 judicandi,
799 4394 1072 4483 perinde
1117 4414 1194 4464 ac
1245 4396 1300 4465 si
1347 4396 1644 4467 noudum
1686 4399 1984 4491 elapsum
2031 4398 2258 4471 fuisset
2298 4396 2639 4487 quinquen·
