2834 4959
498 327 532 384 8
545 329 580 383 4
1069 331 1408 380 moruus
1454 333 1533 379 ns
1580 331 1729 380 sm
1766 331 2180 380 assumtum.

493 455 798 546 Sequitur
842 475 916 521 ex
960 452 1238 522 stabilito
1281 475 1318 520 a
1365 453 1549 522 nobis
1578 455 1924 544 principiO,
1976 451 2152 544 quod
2200 451 2547 520 solemnitas
2578 473 2697 543 pen-

495 572 638 640 deat
671 567 1078 637 solummodo
1115 589 1152 636 a
1177 567 1316 658 lege
1355 567 1680 653 Ecclesiae,
1727 589 1927 658 quam
1955 568 2168 658 legem
2196 565 2467 635 Ecclesia
2494 565 2694 636 auterre

489 692 714 778 potest.
767 683 951 766 Quod
995 684 1088 751 sic
1132 683 1391 773 exponit
1411 681 1649 753 Suarez
1691 682 1795 774 (de
1816 682 2182 774 Reliqione,
2218 688 2473 751 tractatu
2498 684 2557 769 7,
2584 683 2619 748 l.
2641 682 2689 766 2,
2747 755 2748 776 χ

491 823 550 871 c.
591 802 698 888 11,
757 824 824 869 n.
875 800 940 892 1)
992 824 1009 870 t
1056 825 1090 865 «
1124 799 1405 868 Iniertur
1436 802 1675 890 primo,
1726 799 1898 866 idem
1942 805 2189 884 votum,
2236 801 2307 866 in
2344 819 2409 866 se
2438 798 2697 865 immula-
2747 821 2748 846 ¹

501 922 698 986 «tum
733 937 1026 1003 manenS,
1067 917 1206 984 fieri
1257 937 1439 1007 posse
1474 939 1547 984 ex
1592 916 1870 985 solemni
1924 915 2275 1005 simplex...
2315 911 2475 982 Nam
2520 917 2693 981 votum

497 1033 861 1102 «castilatis
911 1032 1197 1100 militum
1261 1032 1467 1100 sancti
1508 1029 1773 1100 Joannis
1817 1052 1992 1100 nunc
2040 1034 2138 1098 est
2187 1029 2495 1118 solemne;
2553 1040 2606 1096 et
2656 1027 2697 1096 si

498 1173 532 1214 α
555 1147 848 1216 Pontifex
909 1168 1086 1216 nunc
1151 1147 1344 1214 ferret
1399 1145 1638 1234 legem,
1704 1152 1779 1213 ut
1833 1145 1975 1214 talis
2052 1145 2380 1236 professio,
2436 1146 2556 1213 sive
2593 1145 2695 1232 jam
2746 1151 2748 1226 l

495 1289 526 1329 α
557 1263 746 1348 facta,
789 1264 923 1334 sive
955 1263 1026 1330 in
1065 1267 1395 1352 posterum
1444 1261 1732 1330 facienda
1762 1283 1892 1329 non
1939 1261 2222 1329 irritaret
2268 1261 2695 1330 matrimonium
2746 1227 2749 1266 ⁴

495 1407 527 1444 «
571 1378 990 1467 subsequenS,
1042 1384 1264 1444 votum
1316 1375 1481 1443 illud
1520 1375 1835 1444 desineret
1880 1397 2015 1444 esse
2058 1375 2375 1458 solemne,
2430 1375 2566 1466 quia
2602 1393 2699 1440 non

497 1523 528 1559 n
554 1491 844 1562 redderet
895 1501 1233 1584 personam
1291 1491 1373 1559 ad
1420 1493 1919 1563 matrimonium
1977 1490 2378 1581 inhabilem3
2430 1493 2555 1559 sine
2603 1507 2699 1578 qua
2747 1577 2748 1580 Ἴ

493 1611 918 1680 «conditione
967 1631 1078 1678 seu
1125 1609 1385 1693 virtute,
1442 1607 1701 1678 nullum
1760 1615 1855 1675 est
1882 1614 2107 1676 votum
2158 1607 2553 1677 continentiae
2586 1625 2699 1694 pro-
2747 1653 2748 1662 κ

495 1753 526 1791 α
549 1727 688 1817 prie
740 1725 1048 1810 solemne,
1081 1730 1158 1792 ut
1200 1723 1451 1792 dictum
1491 1729 1606 1790 est.
1669 1721 1751 1792 Et
1787 1724 1949 1790 ratio
1978 1729 2096 1807 est,
2146 1723 2305 1814 quia
2344 1723 2475 1791 haee
2512 1718 2701 1789 solem·

491 1847 718 1912 «nitas
766 1842 1001 1934 pendet
1039 1863 1113 1910 ex
1157 1841 1296 1930 lege
1351 1837 1694 1920 Ecclesiae;
1727 1859 1874 1928 quae
1921 1839 2049 1918 lex,
2102 1837 2259 1908 licet
2304 1835 2506 1929 quoad
2556 1831 2702 1899 indu·

491 1987 524 2024 «
551 1960 822 2028 cendam
877 1957 1352 2027 inhabilitatem
1401 1961 1719 2046 supponat
1760 1954 2159 2023 voluntatem
2224 1953 2327 2022 vel
2390 1943 2703 2021 assumendi
2747 2009 2748 2012 ,

490 2099 524 2136 «
547 2095 803 2141 sacrum
858 2073 1156 2140 ordinem
1188 2125 1207 2155 ,
1258 2069 1360 2136 vel
1407 2070 1665 2137 vivendi
1708 2071 1779 2138 in
1834 2070 1944 2137 tali
1984 2069 2295 2159 religioso
2338 2068 2604 2135 instituto
2643 2058 2702 2125 ab

485 2185 824 2255 «Ecclesia
860 2185 1208 2277 approbato
1240 2235 1258 2264 ,
1336 2183 1771 2253 nihilominus
1822 2187 1891 2253 in
1944 2207 2059 2252 sua
2103 2186 2471 2268 duratione,
2525 2177 2610 2248 vel
2652 2177 2701 2242 in

488 2300 862 2370 «ablatione
889 2300 1053 2388 legis
1089 2307 1153 2367 et
1191 2299 1452 2368 effectus
1499 2302 1669 2389 ejuS,
1713 2321 1842 2368 non
1892 2299 2125 2390 pendet
2176 2323 2253 2370 ex
2302 2300 2607 2370 voluntate
2628 2291 2705 2360 vel
2747 2323 2748 2364 4

485 2419 896 2486 «intentione
933 2417 1243 2485 voventis.
1293 2415 1370 2484 Et
1415 2417 1559 2485 ideo
1618 2417 1993 2486 solemnitas
2034 2418 2195 2505 voti,
2266 2437 2381 2489 seu
2422 2418 2606 2486 virtus
2648 2405 2705 2476 ad

487 2559 519 2598 ιι
545 2531 1085 2602 inhabilitandam
1120 2553 1487 2624 personam,
1531 2533 1854 2624 praecipue
1901 2539 1997 2600 est
2022 2532 2101 2618 gin
2138 2533 2307 2624 lege.
2350 2532 2430 2602 Et
2452 2531 2588 2600 licet
2630 2524 2711 2593 di·
2747 2557 2748 2600 l

485 2675 516 2716 «
543 2656 726 2719 catur
765 2669 900 2718 esse
945 2650 1015 2718 in
1059 2655 1202 2717 voto
1253 2648 1486 2717 morali
1538 2648 1753 2731 m0d0‚
1807 2669 2025 2716 revera
2074 2670 2207 2718 non
2258 2649 2441 2718 addit
2488 2645 2577 2715 illi
2616 2637 2710 2708 uisi
2747 2637 2748 2658 ¹

484 2764 1138 2834 «denominationem
1187 2764 1636 2832 extrinsecam.
1702 2762 1781 2830 Et
1824 2763 1967 2831 ideo
2022 2764 2160 2834 sine
2226 2765 2577 2835 mutatione
2630 2761 2711 2825 in·-

484 2908 516 2947 «
545 2883 822 2950 trinseca
860 2879 988 2948 voti
1033 2879 1136 2948 vel
1177 2881 1467 2948 voventis
1494 2931 1511 2964 ,
1573 2901 1687 2968 per
1740 2877 2126 2948 ablationem
2168 2880 2337 2973 legis
2376 2876 2607 2950 auferri
2628 2892 2712 2966 po·

481 3022 512 3061 t(
536 3004 673 3066 test.
701 3021 738 3062 ))

557 3112 1002 3182 Οοιιοιιᾼιιιυυ
1029 3109 1108 3178 Il.
1152 3147 1238 3161 -—
1278 3113 1503 3178 Potest
1546 3121 1775 3178 votum
1808 3133 1891 3179 ex
1924 3111 2228 3203 simplici
2256 3115 2419 3204 fieri
2444 3111 2715 3184 solemne,

477 3225 639 3314 quin
662 3225 1028 3293 necessaria
1055 3225 1141 3292 sic
1159 3244 1334 3291 nova
1349 3223 1633 3290 intentio
1660 3225 1977 3292 voventis.
2006 3263 2095 3276 -
2118 3225 2443 3317 Sequitur
2462 3228 2640 3298 etiam
2660 3237 2717 3287 ex

471 3339 737 3430 prael'ato
783 3340 1102 3430 principio
1135 3389 1154 3425 ‚
1201 3337 1372 3428 quod
1429 3337 1798 3406 solemnitas
1855 3359 1983 3406 non
2036 3341 2117 3407 sit
2174 3342 2433 3432 aliquid
2492 3344 2557 3411 in
2604 3340 2718 3404 voto

470 3459 610 3544 ipso
639 3454 997 3539 inclusum,
1035 3461 1096 3522 et
1133 3455 1210 3521 ad
1242 3453 1447 3544 ipsius
1485 3453 1907 3521 substantiam
1936 3455 2300 3545 pertinens„
2350 3459 2465 3528 sed
2510 3446 2719 3545 aliquid

469 3572 590 3662 ipsi
651 3569 1076 3638 extrinsecum
1157 3577 1220 3636 et
1299 3589 1374 3638 ex
1454 3569 1587 3636 solo
1666 3567 1969 3636 Ecclesiae
2018 3577 2261 3641 statuto
2320 3573 2716 3666 proveniens:

476 3686 776 3754 «Eadem
831 3685 1074 3752 ratione
1107 3684 1347 3774 (inquit
1374 3683 1737 3767 Suaresius,
1781 3685 1919 3752 loco
1960 3687 2177 3768 citato,
2214 3709 2287 3756 n.
2347 3689 2417 3780 2)
2456 3686 2590 3757 fieri
2632 3695 2748 3773 p⁰·]

473 3808 648 3870 «test
713 3805 937 3869 votum
991 3819 1067 3865 ex
1114 3798 1401 3888 simplici
1460 3798 1743 3866 solemne
1774 3849 1793 3886 ,
1847 3799 1983 3868 sine
2031 3821 2195 3869 nova
2254 3803 2590 3872 voluntate
2634 3797 2748 3862 aut¹

473 3915 884 4008 «intentione
927 3913 1233 3982 voventis.
1285 3912 1472 3992 Quod
1525 3915 1838 4002 explicare
1884 3937 2229 4003 possumus
2276 3919 2349 3984 in
2383 3917 2545 3985 votis
2590 3911 2748 3980 sim-¹

476 4031 813 4118 «plicibus
864 4027 1177 4096 societatis
1227 4025 1413 4110 Jesu3
1458 4047 1609 4094 nam
1656 4049 1692 4094 a
1737 4028 2057 4120 principio
2101 4051 2176 4098 ex
2226 4031 2485 4124 duplici
2542 4025 2723 4118 capite

477 4169 509 4206 ιι
541 4141 804 4210 suerunt
841 4143 1181 4235 simplicia.
1213 4141 1439 4212 Unum
1489 4149 1603 4222 est,
1640 4145 1791 4232 quia
1822 4165 1953 4212 non
1996 4141 2359 4214 reddebant
2408 4157 2720 4237 personam

475 4255 884 4324 «inhabilem
929 4258 1008 4325 ad
1045 4255 1536 4325 matrimonium
1580 4278 1595 4322 z
1649 4256 1825 4323 aliud
1876 4263 1995 4336 est,
2027 4257 2181 4345 quia
2229 4279 2371 4326 non
2422 4263 2607 4327 erant
2630 4273 2724 4321 an·

468 4397 501 4436 α
531 4393 689 4441 nexa
726 4372 1050 4440 traditioni
1083 4373 1351 4440 omnino
1381 4377 1705 4462 perpetuae
1744 4377 1807 4438 et
1852 4369 2291 4442 indissolubili
2346 4395 2423 4442 ex
2476 4380 2723 4459 utraque
