2834 4959
1095 335 1245 384 rins
1290 334 1580 384 sacuam.
2347 339 2472 400 225

132 479 137 482 ·
214 483 241 520 (ι
269 455 499 532 modo:
558 455 923 546 dicuntque
965 455 1045 524 ad
1091 457 1478 544 religionem
1525 477 1662 528 non
1695 460 1996 530 sufficere
2047 463 2218 535 hanc
2261 479 2468 560 poste-

212 597 239 634 «
256 573 493 638 riorem
525 569 1083 660 approbationem,
1130 571 1239 640 sed
1276 573 1520 662 requiri
1563 574 1846 664 priorem
1878 581 2064 668 quasi
2101 581 2461 660 formalem.

206 711 231 749 ιι
256 685 345 754 lta
420 684 773 774 distinguit
842 683 1453 772 panormitanus...,
1515 688 1955 780 Navarrus...,
2035 693 2470 792 Sylvester...,

208 826 235 865 α
263 799 567 867 Glossa...
616 823 653 862 n
695 798 817 888 (De
846 799 1209 890 Reliqione,
1244 806 1420 870 tomo
1450 803 1516 888 3,
1554 804 1668 874 lib.
1713 806 1784 892 2,
1819 831 1878 878 c.
1919 810 2026 900 16,
2061 835 2126 880 n.
2166 815 2306 904 18.)
2337 819 2470 888 Re-

197 915 535 1003 j’iciendam
561 935 699 984 esse
718 913 1097 1005 opinionem
1116 915 1295 984 illam
1314 918 1548 1011 probat
1563 927 1780 1011 postea
1801 923 2168 1012 Suaresius,
2184 940 2258 999 ut
2277 935 2468 1004 modo

210 1030 579 1100 videbimus.
632 1030 795 1100 Eam
842 1039 1059 1102 tamen
1106 1035 1521 1124 amplectitur
1566 1037 1973 1130 Pelizzarius,
2023 1048 2136 1116 etsi
2175 1047 2474 1122 Suaresio

210 1147 537 1233 recentior,
560 1153 633 1214 ut
662 1146 877 1236 palam
908 1147 1157 1217 faciunt
1186 1150 1325 1218 haec
1360 1153 1502 1242 ejus
1525 1153 1718 1226 verba
1747 1182 1763 1224 ε
1809 1185 1842 1224 α
1869 1158 2210 1240 Quomodo
2236 1172 2476 1257 spectet

221 1287 255 1327 α
280 1261 359 1330 ad
386 1261 797 1332 substantiam
826 1267 1025 1332 status
1052 1264 1365 1354 religiosi,
1396 1272 1470 1335 ut
1502 1271 1622 1339 tria
1662 1279 1806 1342 vota
1833 1275 2132 1366 religiosa
2172 1282 2474 1352 emittan-

221 1384 397 1446 «tur
450 1378 515 1446 in
582 1377 897 1467 religione
968 1380 1315 1470 approbata
1374 1403 1411 1452 a
1475 1385 1621 1455 sede
1683 1387 2044 1480 Apostolica
2071 1393 2105 1462 ⁶?
2187 1435 2278 1450 —
2342 1397 2474 1469 Re-

223 1521 252 1559 «
290 1494 559 1585 spondeo
616 1493 705 1560 ita
750 1498 1053 1584 spectare,
1096 1503 1169 1564 ut
1219 1498 1299 1566 ad
1350 1501 1872 1576 constituendum
1927 1513 2164 1578 statum
2215 1512 2476 1604 religio-

212 1637 243 1677 «t
276 1633 421 1680 sum
472 1631 611 1678 non
654 1607 938 1678 sufficiat.
982 1611 1212 1682 modus
1274 1613 1528 1684 vivendi
1589 1620 1671 1687 ab
1723 1620 2008 1693 Ecclesia
2059 1629 2472 1720 approbatus,

210 1755 241 1795 (t
272 1728 383 1799 sed
449 1726 817 1816 requiratur
883 1733 1189 1817 praeterea
1241 1737 1315 1798 ut
1378 1732 1524 1800 talis
1585 1736 1814 1806 modus
1869 1740 2128 1809 vivendi
2193 1753 2480 1816 servetur
2525 1757 2536 1770 ”

216 1868 246 1909 α
280 1842 348 1910 in
388 1841 715 1931 religione,
774 1861 921 1930 quae
978 1843 1059 1910 ab
1116 1844 1403 1914 Ecclesia
1451 1850 1533 1916 sit
1585 1851 1932 1941 approbata
1983 1875 2098 1921 seu
2157 1865 2476 1949 acceptata

226 1981 261 2022 ιι
296 1963 587 2044 tanquam
606 1977 759 2025 vera
795 1955 1045 2045 religio.
1081 1983 1115 2022 >2
1156 1959 1498 2050 (Manuale
1529 1963 1964 2053 reqularium,
2006 1971 2089 2034 tr.
2131 1968 2193 2049 1,
2237 1989 2376 2060 cap.
2413 1973 2474 2058 1,

213 2096 459 2164 qvoeres
479 2072 595 2164 5⁰.)
620 2075 809 2146 Unde
829 2097 1051 2148 revera
1070 2077 1295 2168 negari
1326 2097 1458 2146 non
1491 2085 1693 2170 potest
1717 2079 1890 2150 hanc
1917 2082 2114 2152 fuisse
2137 2086 2486 2156 nonnullo-

215 2211 359 2256 rum
389 2192 781 2282 opinionem.

296 2309 492 2378 Nota.
526 2347 617 2362 —
640 2312 748 2378 An
773 2314 997 2403 opinio
1024 2313 1165 2382 haec
1194 2335 1311 2404 pro
1334 2335 1401 2384 se
1428 2313 1696 2405 insuper
1720 2315 1951 2384 habeat
1977 2313 2304 2386 Benedicti
2325 2316 2482 2390 XIV

214 2427 673 2515 auctoritatem,
698 2431 1078 2520 expenditur
1106 2432 1299 2515 inira,
1332 2432 1762 2523 propositione
1793 2431 1856 2500 3.

300 2541 665 2612 Pnorosrrro
688 2544 795 2613 11·.
837 2583 927 2598 --
962 2545 1241 2629 Quando
1266 2569 1472 2616 novus
1499 2545 1732 2615 modus
1761 2547 2052 2633 vivendi,
2088 2573 2199 2619 seu
2233 2573 2482 2621 novum

220 2655 615 2744 institutum,
625 2683 753 2751 pro
772 2683 901 2752 quo
912 2663 1312 2754 postulatur
1337 2661 1758 2752 approbatae,
1778 2661 1977 2729 habet
1999 2667 2134 2734 tria
2155 2679 2314 2734 vota
2327 2691 2484 2757 per-

218 2783 425 2860 petua,
454 2799 609 2844 cum
650 2775 1013 2846 traditione
1046 2777 1131 2846 ab
1176 2777 1403 2866 aliquo
1453 2773 1546 2842 ad
1579 2773 1652 2841 id
1697 2776 2160 2846 auctoritatem
2201 2779 2482 2849 habente

228 2887 605 2980 recipienda,
636 2894 917 2984 simplex
944 2892 1341 2986 approbatio
1389 2889 1750 2979 sztifi'cia
1776 2889 2056 2980 sufficit,
2089 2903 2166 2958 ut
2195 2893 2480 2963 institu-

233 3016 360 3072 tum
382 3007 501 3076 hoc
527 3021 749 3078 status
766 3010 1061 3101 reliqiosi
1086 3008 1440 3078 essentiam
1465 3005 1728 3074 habeat.
1763 3043 1852 3056 -
1881 3003 2174 3076 Dicimus
2194 3009 2484 3081 sufficere

226 3121 574 3212 simplicem
606 3123 883 3195 Romani
908 3125 1237 3195 Pontificis
1260 3122 1816 3216 approbationem,
1847 3120 1913 3189 id
1939 3126 2056 3204 est,
2083 3143 2214 3190 non
2240 3126 2480 3214 requiri

232 3243 299 3301 ut
320 3237 647 3310 Romanus
683 3241 996 3327 Pontifex,
1044 3240 1570 3332 approbationem
1599 3239 1838 3325 (lande,
1883 3236 2198 3334 erprimat
2219 3240 2486 3332 insuper

239 3367 303 3416 se
358 3363 671 3447 acceptare
697 3378 941 3426 novum
986 3359 1107 3425 boc
1154 3358 1522 3424 institutum
1565 3366 1888 3444 tanquam
1930 3375 2156 3424 veram
2205 3358 2484 3450 reliqio—

228 3487 391 3554 nem,
442 3479 553 3541 aut
610 3485 933 3564 tanquam
992 3494 1219 3541 veram
1280 3469 1860 3562 conqreqationem
1912 3471 2318 3563 reliqiosam,
2375 3481 2486 3543 aut

212 3587 542 3672 quodlibet
569 3587 744 3657 aliud
768 3588 1004 3657 simile.
1038 3585 1444 3658 Sustinemus
1473 3607 1712 3676 nempe
1733 3583 2034 3656 sufficere
2061 3593 2136 3654 ut
2171 3587 2484 3660 Summus

228 3697 501 3771 Pontifex
534 3703 705 3772 dicat
740 3704 912 3772 hanc
958 3705 1161 3774 solam
1208 3723 1460 3790 vocem,
1491 3701 1994 3793 approbamus;
2024 3701 2188 3790 quin
2234 3721 2489 3773 necesse

228 3815 307 3880 sit
329 3823 395 3882 ut
421 3819 663 3910 aliquid
692 3818 867 3888 aliud
894 3821 1103 3890 addat.

316 3933 641 4005 Probatur
687 3937 775 4004 1⁰.
834 3975 923 3988 -
966 3939 1079 4006 Ex
1120 3938 1369 4006 natura
1402 3945 1620 4004 status
1659 3935 1981 4027 reliyiosi.
2025 3973 2114 3987 —
2156 3933 2326 4006 Nam
2363 3941 2488 4010 sub

148 4079 153 4084 ·
234 4049 431 4134 prima
456 4058 763 4122 tractatus
800 4061 977 4144 parte
1016 4054 1189 4145 (sect.
1239 4054 1334 4142 2),
1376 4058 1572 4121 status
1602 4051 1882 4142 religiosi
1911 4051 2250 4119 essentiam
2277 4053 2492 4126 deter-

234 4165 552 4255 minand0,
618 4169 1037 4260 probavimus
1100 4170 1283 4238 illam
1337 4175 1536 4237 totam
1586 4165 2023 4257 reponendam
2075 4187 2209 4236 esse
2261 4171 2333 4238 in
2387 4169 2490 4242 his

236 4277 469 4350 tribus:
511 4285 765 4375 primo,
814 4291 888 4353 ut
938 4284 1098 4353 fiant
1140 4286 1264 4354 tria
1310 4291 1456 4352 vota
1495 4286 1824 4374 perpetua,
1865 4301 2010 4371 quoe
2055 4281 2492 4359 substantialia

240 4403 559 4487 vocantur,
600 4401 667 4470 id
708 4407 829 4483 est,
869 4403 1285 4492 paupertatis,
1312 4399 1617 4468 castitatis
1643 4402 1707 4467 et
1735 4397 2153 4494 obedientiae3
2187 4403 2491 4492 secundo,

466 4523 511 4570 1.
2175 4523 2244 4572 15
