2834 4959
1218 384 1373 432 PARS
1414 384 1654 431 TERTIA·
2441 387 2478 440 4
2497 388 2512 441 Ι
2531 386 2566 441 3

252 526 411 576 non
448 501 767 588 intelligo,
816 498 1145 589 quomodo
1187 500 1584 569 contrarium
1623 506 1936 591 tanquam
1975 502 2377 593 probabilius
2421 528 2568 577 sus-

252 622 485 689 tinere
508 638 709 686 ausus
737 614 822 684 sit
844 614 1153 685 dominus
1178 612 1502 695 Carriere,
1531 614 1648 705 qui
1676 614 1878 687 hocce
1899 616 2374 689 documentum
2401 620 2568 693 bene

250 709 545 807 noverat
586 756 605 801 ε
660 728 827 799 illud
863 730 1192 819 siquidem
1240 734 1578 809 memorat,
1615 732 1684 799 in
1733 730 1846 813 illa
1887 734 2029 825 ipsa
2075 734 2561 827 disceptatione,

256 870 415 941 qua
472 848 835 939 oppositam
884 844 1365 915 conclusionem
1435 866 1622 915 suam
1671 851 1938 917 conatur
2003 848 2370 919 obtrudere.
2422 850 2566 933 Qua

262 962 549 1055 quidem
579 960 817 1051 agendi
861 960 1111 1029 ratione
1154 959 1369 1051 palam
1414 958 1566 1029 facit
1614 960 1910 1031 laudatus
1953 968 2199 1052 auctor,
2237 964 2316 1033 ad
2357 986 2464 1037 eos
2499 990 2568 1039 se

264 1077 604 1158 accedere,
642 1075 759 1165 qui
789 1073 979 1143 flocci
1017 1073 1263 1143 faciunt
1296 1072 1741 1145 Romanarum
1783 1074 2376 1167 Congregationum
2407 1102 2562 1153 auc-

266 1192 630 1261 toritatem.
664 1190 753 1257 At
776 1188 958 1281 (pace
984 1187 1189 1279 ipsius
1226 1187 1522 1280 dixerim)
1551 1211 1684 1259 non
1717 1192 1883 1282 sapit
1915 1192 2042 1261 hoc
2085 1194 2418 1284 scriptoris
2445 1218 2560 1267 ca-

272 1304 513 1375 tholici
555 1305 933 1395 gravitatem
974 1302 1618 1404 etsmoderationem3
1669 1325 1748 1374 eo
1779 1306 1880 1375 vel
1909 1308 2116 1397 magis
2157 1308 2334 1399 quod
2379 1313 2562 1381 nulla

274 1420 489 1490 solida
510 1420 751 1489 ratione
778 1418 953 1510 (meo
978 1417 1247 1509 quidem
1280 1418 1550 1509 judicio)
1595 1440 1782 1491 suam
1832 1422 2278 1513 opinationem
2307 1425 2556 1511 fulciat,

276 1542 359 1605 ut
384 1535 547 1605 infra
572 1536 961 1605 ostendetur.
1975 1556 1982 1561 ·

364 1650 443 1721 11.
478 1650 600 1721 Die
642 1650 685 1719 2
706 1650 995 1742 januarii
1042 1646 1215 1719 1836
1252 1649 1494 1739 prodiit
1529 1648 1740 1723 Sacrae
1773 1650 2266 1725 Poenitentiariae
2294 1675 2560 1747 respon-

264 1788 421 1836 sum
449 1766 533 1835 ad
554 1765 755 1835 dubia
778 1764 1103 1856 quaedam,
1144 1786 1181 1833 a
1206 1762 1766 1835 Reverendissimo
1785 1766 2064 1836 Bouvier
2087 1766 2558 1839 cenomanensi

266 1880 597 1973 Episcopo
620 1885 939 1972 proposita
958 1904 975 1963 ;
1002 1879 1181 1970 quod
1207 1880 1675 1949 documentum
1701 1881 1772 1948 in
1793 1879 1998 1950 diario
2020 1881 2126 1950 l’A
2137 1882 2234 1951 mi
2259 1882 2338 1953 de
2367 1883 2436 1951 la
2460 1907 2560 1953 re·

280 1994 503 2085 liqion
534 1997 815 2065 occurrit
856 2003 1033 2066 tomo
1070 1995 1185 2077 88,
1220 1996 1460 2086 pagina
1495 1994 1654 2065 405.
1713 1992 1822 2063 Sic
1860 2014 2096 2086 nempe
2145 2005 2560 2085 proposuerat

268 2108 577 2179 laudatus
602 2109 845 2181 Praesul
878 2132 897 2177 ε
938 2112 1105 2180 Cum
1146 2130 1228 2177 ex
1264 2108 1526 2200 pluries
1561 2106 1814 2197 decisis,
1847 2120 2008 2177 vota
2043 2109 2452 2177 monialium
2487 2110 2558 2181 in

274 2223 544 2305 Gallia,
564 2225 673 2293 uti
694 2223 1029 2315 simplicia
1056 2248 1101 2293 a
1118 2226 1367 2293 Sancta
1380 2221 1546 2293 Sede
1571 2222 2012 2306 aestimentur,
2025 2224 2370 2315 sequentia
2393 2246 2554 2294 nas-

268 2352 519 2409 cuntur
540 2339 797 2409 dubia:
844 2340 990 2409 1⁰...
1024 2342 1093 2410 4⁰
1122 2342 1233 2411 An
1266 2340 1345 2411 de
1368 2341 1537 2410 votis
1561 2342 1860 2411 virorum
1882 2338 2058 2409 idem
2089 2338 2442 2409 dicendum
2467 2342 2556 2411 sit

268 2476 353 2523 ae
378 2454 459 2525 de
485 2457 659 2525 votis
674 2455 1103 2538 monialium,
1138 2469 1215 2526 ut
1238 2456 1523 2527 videtur.
1557 2456 1960 2549 Responsum
1987 2463 2085 2527 est
2108 2457 2180 2526 in
2205 2457 2384 2527 hunc
2409 2480 2552 2527 mo-

272 2570 435 2641 dum
459 2597 477 2641 ι
502 2574 720 2641 Sacra
736 2572 1037 2642 Poeniten
1047 2572 1271 2657 tiaria,
1288 2574 1628 2664 perpensis
1656 2572 2024 2664 diliqenter
2042 2574 2406 2665 propositis
2429 2572 2554 2643 du-

274 2686 428 2768 biis,
437 2688 746 2779 factaque
758 2689 1271 2781 praemissorum
1288 2688 1610 2757 relatione
1629 2689 2059 2757 Sanctissimo
2073 2691 2358 2765 Domino
2391 2692 2554 2759 Gre-

272 2799 466 2891 qorio
476 2804 755 2893 PapoeX
764 2806 875 2891 Vl,
888 2801 1203 2895 respondi
1208 2799 1358 2885 t,ad
1374 2803 1491 2869 1⁸¹².
1503 2850 1549 2869 ..
1575 2822 1592 2867 ε
1611 2798 1705 2867 ad
1715 2798 2114 2879 4⁸¹²,decreta
2121 2823 2250 2891 per
2266 2804 2552 2869 Sacram

268 2916 851 2987 poenitentiarium
874 2918 1051 2987 alias
1075 2916 1277 3004 edita,
1307 2926 1600 3007 spectare
1631 2911 2046 2983 solummodo
2086 2913 2180 2981 acl
2199 2912 2546 2983 moniales.

358 3030 453 3101 Ex
482 3032 605 3103 hoc
632 3034 1025 3104 documento
1066 3033 1159 3103 sic
1210 3053 1480 3123 arguere
1533 3030 1683 3101 licet
1726 3049 1744 3097 ι
1785 3026 2058 3097 Putabat
2101 3026 2550 3097 Cenomanen-

268 3148 358 3217 sis
386 3150 670 3219 Antistae
710 3148 920 3219 Sacrae
948 3148 1448 3219 Poenitentiariae
1487 3168 1816 3239 responsa,
1863 3142 2108 3237 quibus
2151 3142 2549 3211 declaratum

266 3265 474 3335 fuerat
500 3265 891 3337 monialium
920 3264 1147 3335 Galliae
1182 3270 1323 3333 vota
1358 3285 1476 3354 pro
1505 3261 1912 3353 simplicibus
1938 3281 1978 3329 a
2003 3257 2154 3329 sede
2185 3256 2550 3347 Apostolica

270 3378 519 3462 haberi,
568 3402 705 3451 esse
746 3386 811 3451 et
865 3383 1029 3451 votis
1072 3381 1365 3450 virorum
1412 3377 1818 3471 applicanda.
1873 3374 1946 3445 ld
1991 3373 2046 3445 si
2101 3396 2327 3445 verum
2379 3375 2548 3447 exis-

270 3494 554 3566 timasset
604 3496 668 3567 S.
710 3496 1216 3583 Poenitentiaria,
1270 3495 1493 3588 procul
1539 3493 1746 3564 dubio·
1785 3492 1865 3561 ad
1919 3512 2184 3565 sensum
2241 3492 2545 3560 Praesulis

260 3612 716 3701 respondisset.
775 3610 941 3682 Cum
1017 3633 1171 3701 ergo
1228 3610 1652 3703 responderit,
1731 3606 2020 3700 proefatas
2084 3605 2546 3675 declarationes

258 3736 561 3816 spectare
580 3726 997 3797 solummodo
1024 3725 1121 3796 ad
1140 3726 1494 3811 moniales,
1531 3730 1746 3816 aperte
1773 3723 2014 3807 innuit,
2041 3742 2106 3791 se
2143 3719 2223 3789 de
2249 3720 2544 3789 virorum

264 3841 431 3909 votis
466 3842 653 3911 aliter
694 3844 931 3914 sentire
965 3868 981 3914 ε
1034 3843 1257 3915 innuit
1312 3842 1579 3925 scilicet,
1628 3846 1772 3910 vota
1813 3840 1924 3911 illa
1968 3860 2090 3932 pro
2139 3834 2546 3906 solemnibus

264 3974 403 4025 esse
438 3956 755 4029 habenda.

346 4070 493 4153 Quo
520 4095 831 4165 responso
870 4075 1069 4145 simul
1109 4074 1456 4161 evincitur,
1499 4073 1960 4143 hodia-narum
2013 4068 2240 4140 Gallias
2289 4070 2542 4139 monia-

252 4182 427 4254 lium
482 4192 655 4277 vota,
708 4210 843 4258 non
893 4188 1037 4259 ideo
1084 4210 1124 4258 a
1174 4188 1576 4259 solemnitate
1621 4186 1918 4270 deficere,
1972 4186 2146 4276 quod
2198 4186 2296 4253 lex
2349 4204 2546 4253 saecu-

255 4296 413 4368 laris
448 4299 730 4373 dominii
771 4306 1267 4398 incapacitatem
1305 4327 1440 4375 non
1492 4308 1821 4395 agnoscat,
1863 4300 1974 4371 sed
2022 4302 2149 4370 alia
2194 4301 2274 4370 de
2323 4322 2536 4370 causa.

257 4412 426 4487 Nam
452 4418 509 4487 si
527 4418 614 4489 ob
640 4418 839 4489 istum
866 4418 1029 4510 legis
1054 4420 1383 4491 saecularis
1412 4420 1672 4491 obicem
1699 4416 2015 4487 solemnia
2051 4437 2184 4486 non
2217 4414 2350 4485 sint
2392 4436 2538 4485 mo-
