2834 4959
379 300 413 356 8
951 307 1289 355 Tition-rus
1334 309 1413 354 nn
1459 309 1609 354 mar,
1652 307 2065 370 neemanim.

374 429 779 500 stabilitatem
849 428 1086 498 habere
1161 433 1533 508 censentur,
1584 429 1757 519 quod
1804 429 1886 498 ad
1944 428 2467 500 constituendum
2534 434 2673 497 sta·.

372 561 514 622 tum
543 555 801 624 sufficit.
853 553 1190 644 Ejusmodi
1242 561 1460 621 autem
1490 575 1682 623 causa
1714 555 1891 624 varia
1936 575 2073 624 esse
2120 562 2319 646 potest
2366 561 2429 622 et
2484 552 2667 622 mul-

375 667 590 759 tiplex.
638 668 1036 760 Quandoque
1081 668 1328 736 scilicet
1379 675 1474 737 est
1516 667 1775 760 proprie
1826 669 2003 738 dicta'
2060 668 2392 760 obligatio,
2472 672 2673 760 prout

373 791 444 858 in
489 795 652 858 statu
707 789 1032 878 religioso,
1089 787 1160 854 in
1205 809 1335 878 quo
1391 795 1533 877 post
1586 789 1819 858 emissa
1868 793 2177 880 perpetua
2216 793 2361 857 vota
2406 793 2673 858 tenetur

373 923 447 973 ex
496 899 885 973 conscientia
923 902 1246 996 professus
1291 925 1495 993 usque
1523 903 1601 972 ad
1646 910 1919 973 mortem
1964 922 2389 996 perseverare.
2442 902 2669 984 Quan-

373 1019 588 1109 doque
625 1023 720 1086 est
763 1019 1076 1086 naturalis
1127 1039 1310 1088 arnor
1373 1041 1485 1089 seu
1542 1020 1868 1090 tendentia
1918 1021 1997 1089 ad
2055 1017 2559 1089 conservandam
2586 1019 2671 1090 li·
2821 1101 2823 1108 ¹

373 1133 711 1214 bertatem,
747 1153 862 1202 seu
890 1133 1360 1224 exemptionem
1383 1155 1423 1202 a
1451 1135 1639 1202 certis
1684 1134 2077 1224 quibusdam
2126 1133 2664 1224 obligationibu5‚
2754 1153 2757 1159 ·

377 1254 568 1340 prout
595 1250 666 1318 in
699 1253 865 1318 statu
919 1249 1238 1318 saeculari.
1287 1247 1416 1329 Qui
1448 1250 1629 1317 enim
1667 1249 1736 1317 in
1762 1269 1839 1317 eo
1880 1257 2049 1317 statu
2075 1254 2316 1329 manet,
2366 1247 2533 1317 liber
2574 1258 2670 1317 est

371 1363 454 1432 ab
501 1363 1004 1453 obligationibus
1047 1363 1286 1454 quibus
1329 1364 1633 1455 religiosi·
1666 1366 2089 1451 vinciuntur3
2134 1371 2201 1433 et
2253 1364 2333 1433 ad
2376 1365 2469 1432 sic
2522 1385 2669 1455 per·

375 1480 773 1550 manendum
803 1479 1086 1548 naturali
1105 1479 1388 1568 quadam
1413 1480 1810 1571 proclivitate
1832 1480 2031 1548 homo
2051 1479 2430 1571 impellitur.

465 1595 558 1664 Ex
604 1595 792 1665 dictis
835 1601 1051 1664 autem
1100 1601 1270 1685 patet
1321 1601 1564 1664 rectam
1616 1595 1702 1663 de*
1743 1597 2017 1665 essentia
2066 1605 2283 1664 status
2340 1596 2669 1666 notionem

374 1712 467 1782 sic
519 1710 806 1780 exhiberi
859 1731 1092 1801 posse:
1125 1712 1186 1779 1⁰
1231 1732 1362 1780 non
1390 1710 1583 1779 datur
1625 1715 1826 1779 status
1868 1713 2009 1779 sine
2042 1710 2261 1800 aliqua
2284 1712 2514 1779 morali
2546 1711 2667 1782 fir·-

375 1829 622 1909 mitate,
661 1847 774 1895 seu
821 1825 1296 1914 immobilitate,
1356 1849 1470 1897 seu
1530 1829 2024 1919 permanentia;
2074 1826 2145 1894 2⁰
2188 1827 2339 1896 satis
2386 1849 2515 1896 non
2572 1833 2667 1896 est

373 1943 886 2032 permanentiam
911 1941 1084 2010 hanc
1111 1944 1375 2012 existere
1406 1941 1485 2010 de
1533 1942 1723 2025 facto,
1756 1941 1865 2010 sed
1892 1941 2245 2030 requiritur
2290 1947 2365 2008 ut
2387 1938 2667 2030 ‘aliqua-

375 2063 563 2124 tenus
603 2057 828 2124 saltem
886 2077 962 2124 ex
1009 2057 1283 2146 perenni
1331 2055 1551 2143 aliqua
1596 2059 1788 2122 causa
1850 2055 2249 2138 inducatur3
2290 2055 2379 2122 ita
2428 2054 2673 2124 scilicet

377 2177 478 2250 ut,
507 2191 582 2237 ex
627 2169 825 2259 hujus
877 2191 1085 2239 causae
1128 2169 1405 2250 influxu,
1464 2167 1664 2239 soleat
1718 2170 1917 2237 homo
1958 2168 2361 2260 aliquatenus
2414 2171 2674 2262 impelli

375 2285 454 2354 ad
523 2285 1037 2375 permanendum
1103 2286 1173 2353 in
1227 2285 1441 2374 aliquo
1490 2285 1804 2376 peculiari
1864 2283 2171 2353 existendi
2236 2307 2351 2354 seu
2406 2287 2674 2355 vivendi

378 2400 592 2469 modo.
623 2397 833 2482 Quam
856 2402 1184 2470 notionem
1218 2401 1296 2470 de
1336 2407 1503 2470 statu
1534 2403 1602 2468 in
1628 2423 1863 2491 genere
1884 2401 2021 2469 t'use
2044 2402 2367 2471 evolutam
2388 2401 2676 2494 reperies

379 2519 547 2605 apud
583 2515 966 2586 Suarezium
1023 2513 1128 2608 (de
1169 2517 1545 2608 Reliqione‚
1588 2523 1861 2586 tractatu
1912 2517 2052 2600 7,1.
2094 2517 2157 2601 1,
2190 2538 2246 2584 c.
2280 2516 2367 2607 1).

1311 2834 1588 2905 CAPUT
1649 2835 1731 2904 Il.

487 3022 568 3067 An
609 3021 806 3069 DETUB
845 3021 1069 3068 STATUS
1121 3015 1294 3059 VITAE
1334 3015 1775 3068 CHRISTIANAE‚
1821 3022 1899 3066 ET
1934 3021 2016 3066 AN
2060 3021 2156 3068 SIT
2196 3021 2556 3068 MULTIPLEX.

471 3191 941 3261 Praenotanda.
970 3231 1061 3246 —-·
1093 3199 1155 3262 1ο
1182 3193 1364 3264 Varii
1385 3198 1588 3260 status
1612 3191 1923 3280 distingui
1952 3198 2218 3282 possunt
2238 3193 2309 3262 in
2328 3199 2527 3260 status
2555 3213 2678 3284 per

385 3329 452 3378 se
499 3308 580 3376 ad
667 3309 864 3378 finem
934 3331 1112 3378 mere
1159 3309 1579 3401 temporalem
1650 3308 2007 3392 tendenteS‚
2072 3314 2137 3375 et
2190 3308 2259 3374 in
2336 3313 2535 3376 status
2594 3306 2678 3376 ad

383 3423 586 3492 finem
657 3422 942 3493 hominis
1019 3423 1580 3516 supernaturalem
1650 3427 2028 3513 spectantes.
2100 3421 2344 3490 Prioris
2413 3424 2681 3512 generis

382 3539 542 3610 olim
571 3538 644 3606 in
675 3540 972 3608 societate
1023 3540 1200 3609 civili
1229 3561 1341 3608 seu
1389 3539 1727 3630 temporali
1779 3543 1963 3608 erant
1996 3542 2195 3606 status
2244 3537 2575 3607 servitutis
2614 3523 2682 3606 et

379 3654 738 3737 libertatis;
793 3660 856 3721 et
913 3659 1112 3723 status
1138 3654 1452 3723 libertatis
1504 3652 2037 3722 subdividebatur
2084 3653 2155 3720 in
2208 3659 2442 3722 statum
2486 3655 2679 3744 inge-

377 3790 667 3840 nuorum
695 3774 760 3836 et
783 3773 1026 3838 statum
1047 3769 1501 3838 libertinorum
1526 3794 1544 3850 3
1592 3771 1747 3838 item
1774 3770 1843 3837 in
1874 3767 2049 3837 civili
2078 3767 2409 3860 republica
2434 3767 2674 3838 distin-

378 3887 601 3975 guitur
645 3893 848 3956 status
929 3885 1292 3973 minorum,
1347 3886 1461 3977 qui
1528 3889 1754 3955 tutoris
1814 3885 2108 3978 potestati
2156 3885 2554 3971 subduntur,
2612 3894 2679 3956 et

376 4004 576 4070 status
627 4004 978 4092 maJorum,
1011 4008 1134 4071 etc.
1180 4001 1275 4071 De
1304 4001 1408 4072 his
1445 4009 1507 4070 et
1554 4002 1880 4071 similibus
1919 4001 2213 4086 statibus,
2244 4001 2361 4091 qui
2401 4001 2485 4070 ad
2514 4004 2679 4071 civi-

375 4115 506 4186 lem
533 4116 1024 4208 rempublicam,
1053 4118 1156 4186 vel
1191 4118 1271 4186 ad
1314 4117 1512 4188 finem
1562 4139 1739 4186 mere
1766 4117 2187 4208 temporalem
2220 4125 2285 4185 et
2329 4116 2677 4207 politicum

375 4237 690 4322 spectant,
721 4233 791 4299 in
835 4233 957 4303 hoc
981 4237 1254 4303 tractatu
1287 4255 1419 4302 non
1446 4235 1709 4324 agimus
1740 4232 1891 4319 3sed
1924 4233 2253 4300 dumtaxat
2282 4231 2360 4300 de
2402 4231 2679 4300 statibus

381 4345 492 4434 qui
519 4367 633 4436 per
669 4367 736 4414 se
764 4347 962 4418 finem
991 4347 1282 4420 hominis
1333 4347 1893 4442 supernaturalem
1916 4346 2296 4438 respiciunt.
2330 4345 2399 4413 2ο
2422 4343 2507 4416 Hi
2535 4341 2675 4415 au-
2732 4381 2787 4448 0
2821 4357 2823 4362 '
