2834 4959
1167 355 1318 402 PARS
1365 353 1603 401 TERTIA.
2388 351 2453 407 51
2470 351 2505 406 9

333 509 371 550 «
403 479 530 552 Sed
593 476 932 547 obstinatae
997 473 1309 544 moniales
1369 495 1709 566 reposuere
1780 471 2195 543 Ordinarium
2261 478 2505 550 nullam

238 625 277 670 α
317 595 771 668 auctoritatem
845 589 1083 658 habere
1147 589 1229 658 ad
1287 592 1785 660 controversiam
1840 592 2392 683 componendam3
2444 620 2511 668 se

227 741 268 782 α
291 715 462 784 velle
475 718 638 781 stare
687 707 806 778 soli
849 705 1162 774 decisioni
1206 705 1474 773 Romani
1513 705 1839 775 Pontificis
1888 731 1907 775 τ
1950 709 2005 774 si
2032 709 2336 797 professio
2394 733 2509 782 sua

233 855 276 895 <a
295 826 606 898 solemnis
667 843 798 892 non
855 827 973 906 est,
1023 821 1192 888 nihil
1244 841 1505 913 prorsus
1570 823 1686 904 est,
1733 822 2261 912 quandoquidem
2323 849 2509 897 mens

231 969 276 1011 α
306 961 651 1032 nunquam
701 939 827 1007 fuit
898 937 1188 1006 emittere
1265 939 1412 1003 vota
1474 935 1817 1027 simplicia,
1890 958 2034 1026 quae
2108 938 2293 1008 facile
2348 942 2509 1011 solvi

229 1086 274 1126 α
309 1065 582 1150 possunt
651 1061 715 1125 et
782 1053 1142 1123 absolutam
1207 1049 1754 1119 renuntiationem
1832 1051 2051 1120 saeculi
2126 1076 2256 1123 non
2308 1057 2508 1127 indu-

233 1199 280 1241 α
307 1179 488 1242 cunt.
987 1177 1001 1188 '

343 1315 374 1354 <t
397 1287 774 1378 Suspicatur
801 1283 998 1353 etiam
1037 1281 1463 1353 confessarius
1490 1281 1737 1372 aliquos
1764 1283 1843 1352 de
1871 1283 2040 1353 clero
2074 1285 2244 1355 viros
2284 1267 2506 1358 istius-

233 1429 278 1470 α
317 1405 492 1471 modi
519 1402 857 1470 ratiocinia
895 1397 1292 1467 monialibus
1339 1398 1735 1486 praecinisse;
1794 1400 2091 1488 quinimo
2118 1401 2319 1484 iidem
2350 1427 2507 1496 sug-

235 1547 279 1586 «
310 1521 574 1608 gessisse
623 1516 946 1602 videntur‚
1009 1519 1086 1582 ut
1129 1512 1273 1580 lites
1327 1512 1839 1583 intricatissimas
1900 1517 2175 1586 excitent
2211 1519 2503 1608 familiis,

237 1661 282 1702 α
310 1645 624 1725 quatenus
647 1631 1042 1702 monialibus
1064 1629 1395 1698 restituant
1411 1634 1659 1718 partem
1678 1630 2005 1699 variarum
2032 1632 2505 1724 haereditatum,

241 1775 280 1817 α
305 1773 452 1840 quae
472 1750 626 1840 ipsis
653 1747 1084 1831 obvenissent,
1133 1745 1260 1812 nisi
1304 1743 1479 1833 quod
1526 1766 1843 1834 persuasae
1872 1746 2135 1834 fuerint,
2160 1750 2311 1836 sibi,
2344 1751 2508 1820 facta

243 1891 283 1932 α
307 1865 704 1956 professione
737 1863 1036 1949 solemni,
1063 1860 1232 1930 nihil
1253 1860 1427 1951 juris
1467 1859 1663 1928 fuisse
1710 1868 1822 1930 aut
1844 1883 1976 1932 esse
2000 1865 2081 1931 ad
2107 1864 2507 1935 haereditates

243 2003 288 2044 α
313 1980 450 2046 sive
495 1977 1013 2059 testamentarias,
1046 1977 1180 2044 sive
1206 1975 1288 2043 ab
1317 1976 1632 2043 intestato.

340 2118 377 2158 α
404 2093 806 2184 Quapropter
858 2113 1006 2161 cum
1059 2091 1242 2189 omni
1287 2091 1551 2176 fiducia,
1584 2092 1694 2160 sed
1747 2115 1999 2183 pressus
2040 2095 2231 2163 etiam
2261 2095 2509 2183 ingenti

241 2234 282 2274 «
319 2211 631 2277 anxietate
665 2209 936 2278 recurrit
965 2208 1394 2278 confessarius
1440 2215 1653 2276 orator
1679 2211 1763 2278 ad
1792 2208 2053 2279 Sacram
2096 2210 2511 2280 Poenitentia-

245 2349 286 2388 α
309 2324 501 2408 riam,
534 2328 608 2391 ut
645 2324 798 2392 sciat
846 2322 1008 2412 quid
1037 2322 1162 2392 sibi
1185 2322 1511 2412 agendum
1543 2325 1624 2392 sit
1651 2325 1723 2393 in
1748 2345 1819 2393 re
1850 2331 1983 2394 tam
2012 2329 2219 2416 gravi,
2248 2334 2310 2394 et
2334 2350 2508 2418 prae-

249 2464 287 2504 α
314 2441 562 2526 sertim,
592 2461 675 2507 an
704 2439 1046 2508 invalidata
1073 2439 1466 2530 professione
1494 2439 1800 2529 solemni,
1827 2443 2096 2512 omnino
2132 2451 2192 2510 et
2214 2463 2509 2512 necessa-

245 2579 290 2620 α
314 2554 408 2622 rio
461 2553 756 2644 urgenda
826 2554 906 2622 sit
953 2553 1258 2643 obligatio
1303 2555 1503 2622 trium
1550 2561 1845 2625 votorum
1902 2557 2323 2650 simplicium,
2364 2579 2509 2648 quae

247 2695 294 2736 α
319 2691 652 2760 nunquam
683 2669 973 2739 emittere
996 2669 1435 2737 intenderunt.

343 2809 380 2848 «
405 2783 695 2854 Tandem
727 2785 1008 2854 obtinuit
1037 2777 1488 2868 confessariu5‚
1522 2787 1597 2850 ut
1622 2784 1841 2852 omnia
1865 2783 2215 2874 tranquille
2240 2792 2301 2852 et
2326 2807 2510 2854 more

249 2925 290 2966 α
318 2901 1078 2998 consueto-procederent,
1115 2923 1320 2990 usque
1370 2901 1449 2969 ad
1505 2898 1978 2967 hebdomadam
2013 2905 2293 2987 quatuor
2342 2905 2511 2965 tem-

247 3041 289 3082 «
317 3037 550 3108 porum
593 3017 1142 3107 Quadragesimae‚
1194 3039 1326 3108 quo
1375 3016 1714 3086 intervallo
1741 3021 1951 3106 sperat
2004 3035 2071 3082 se
2116 3013 2507 3082 decisionem

251 3132 666 3201 «Romanam
703 3131 1144 3201 obtenturum.
1169 3157 1206 3198 »

333 3247 452 3316 Die
481 3248 560 3317 31
607 3247 888 3336 januarii
931 3245 1128 3332 1855,
1163 3248 1532 3338 expeditum
1559 3255 1654 3315 est
1701 3244 2086 3336 rescriptum
2141 3245 2379 3314 tenoris
2406 3265 2508 3314 se-

245 3365 502 3452 quentis
535 3367 782 3431 :Sacra
800 3362 1336 3449 Paenitentiam,
1371 3363 1712 3453 perpensis
1733 3361 2072 3452 expositis,
2108 3360 2511 3455 responden-

241 3475 405 3547 dum
429 3479 700 3562 censuit,
734 3476 911 3568 quod
925 3490 1176 3562 orator,
1203 3477 1282 3545 de
1307 3501 1622 3545 consensu
1652 3476 2051 3546 monialium
2081 3490 2377 3545 recurrat
2386 3499 2513 3566 pro

249 3605 624 3683 opportuno
650 3591 934 3662 remedio
955 3591 1047 3662 ad
1079 3597 1150 3662 S.
1181 3593 1773 3683 Conqreqationem
1810 3591 2289 3682 Epi-scoparum
2322 3602 2385 3657 et
2414 3611 2516 3658 re-

225 3712 608 3801 quam-ium,
655 3733 779 3803 per
823 3709 1114 3780 medium
1161 3710 1416 3802 aqentis
1456 3709 1531 3776 in
1592 3709 1761 3777 Urbe
1813 3705 2199 3800 deputandi.
2262 3710 2515 3774 Datum

247 3825 480 3892 Romae
505 3827 576 3894 in
603 3829 674 3896 S.
727 3827 1260 3909 Poenitentiaria,
1314 3824 1423 3895 die
1446 3826 1521 3895 31
1545 3825 1863 3916 januarii
1899 3826 2095 3895 1855.

343 3937 508 4009 lllud
563 3942 808 4032 pariter
849 3944 1243 4034 rescriptum
1309 3963 1382 4010 ex
1430 3942 1827 4032 autographo
1890 3940 2321 4010 instrumento
2378 3941 2515 4031 ipse

241 4059 644 4148 transcripsi.

337 4171 508 4254 Quid
529 4171 598 4241 S.
632 4172 1058 4264 Congregatio
1089 4171 1558 4266 Episcoporum
1578 4177 1639 4238 et
1661 4173 2059 4261 regularium
2088 4171 2511 4264 responderit,

251 4309 383 4358 non
403 4289 569 4358 vidi:
599 4291 708 4358 sed
737 4291 818 4360 ad
871 4311 976 4358 me
1007 4291 1326 4382 perlatum
1355 4296 1471 4372 est,
1508 4286 1829 4356 remisisse
1874 4289 2065 4360 dictae
2126 4289 2193 4360 S.
2230 4291 2517 4381 Congre-

257 4404 538 4494 gationis
559 4403 1122 4478 Eminentissimos
1163 4403 1404 4488 Patres,
1457 4402 1537 4471 ad
1567 4409 1893 4472 emanatas
1930 4403 1997 4474 S.
2024 4405 2519 4482 Paenitentiariae
