2834 4959
329 343 452 400 324
845 343 1213 398 'TRACTATUS
1260 345 1338 392 DE
1383 343 1533 392 :uns
1575 343 1991 390 anonumum.

335 499 370 537 «
393 470 724 564 pradietis
743 492 895 541 vero
922 467 1191 539 decretis
1217 465 1525 536 mulieres
1550 465 1733 532 tertii
1755 461 2031 545 ordinis,
2063 485 2212 554 quoe
2238 463 2609 555 colleqiali-

335 613 370 652 ι(
409 600 508 654 ter
531 587 791 665 vivunt,
825 609 958 655 non
984 579 1491 674 comprehendi:
1526 579 1830 672 quinimo
1858 600 1967 646 eas
1996 577 2425 670 dispositioni
2452 601 2611 647 con-

333 725 367 766 «
395 701 759 770 stitutionis
800 702 919 771 Pii
971 703 1102 770 V...
1143 695 1416 788 penitus
1456 692 1791 785 subjacere
1816 715 2110 784 expresse
2142 693 2518 762 declarat...
2558 723 2597 758 ι)

327 817 495 885 Hinc
517 817 810 886 Rotarius
839 817 1064 907 (Offic.
1088 813 1288 906 curiae
1313 809 1791 898 eeclesiasticoe,
1818 830 1960 900 cap.
1992 809 2107 891 52,
2134 830 2204 877 n.
2238 809 2309 899 6)
2332 811 2425 879 sic
2446 831 2605 879 con-

321 937 656 1010 cludebat:
701 964 735 1001 t<
763 935 830 1006 Si
849 936 1040 1006 hodie
1059 933 1465 1023 reperiantur
1482 928 1815 998 Tertiariae
1840 928 2261 1018 collegialiter
2286 929 2601 1010 viventes,

329 1080 365 1119 <t
391 1053 627 1122 debent
668 1051 1000 1144 impediri,
1053 1047 1378 1140 supprimi
1432 1052 1495 1115 et
1542 1044 1893 1129 annullari,
1950 1043 2077 1112 nisi
2132 1044 2601 1133 professionem

330 1199 364 1238 «
396 1173 692 1243 emittant
719 1193 869 1241 cum
898 1175 1128 1260 quarto
1159 1175 1306 1235 voto
1337 1170 1659 1256 perpetuae
1686 1163 2029 1233 clausurae.
2062 1189 2097 1228 »

389 1287 766 1357 Pnoeosmo
783 1286 888 1354 11².
902 1288 1049 1356 -A
1057 1295 1346 1374 tempore
1355 1283 1426 1348 S.
1444 1279 1561 1348 Pii
1582 1279 1844 1370 Vusque
1854 1276 1947 1346 ad
1952 1277 2377 1346 Benedictum
2388 1281 2596 1358 XIII,

332 1405 696 1487 Tertiarioe,
743 1399 1177 1491 colleqialiter
1206 1396 1451 1487 absque
1473 1394 1785 1463 clausura
1814 1394 2133 1480 viventes,
2174 1417 2219 1461 a
2251 1391 2397 1462 sede
2413 1397 2603 1486 Apo-

325 1518 461 1586 stol
465 1518 568 1586 ica
587 1519 868 1608 fuerunt
889 1516 1209 1600 toleratae,
1232 1525 1298 1581 et
1321 1511 1445 1580 sub
1468 1509 1985 1579 Ordinariorum
2007 1507 2455 1597 jurisdictione
2480 1533 2603 1578 re-

324 1631 523 1699 lictoe.
554 1669 644 1682 —
671 1631 775 1700 Ad
787 1629 1098 1699 terminos
1143 1626 1389 1697 scilicet
1439 1624 1907 1694 constitutionis
1936 1621 2003 1693 S.
2044 1621 2139 1691 Pii
2176 1621 2256 1708 V,
2294 1624 2597 1712 extingui

319 1743 646 1824 debuisset
666 1743 1157 1826 Tertiariarum,
1187 1740 1487 1809 mansura
1506 1741 1569 1806 et
1594 1735 1757 1806 votis
1784 1734 2183 1806 solemnibus
2204 1737 2589 1818 carentium,

319 1861 718 1929 institutum.
767 1841 862 1927 De
898 1857 1064 1928 facto
1100 1864 1312 1924 tamen
1357 1852 1531 1922 haud
1575 1853 1702 1922 fuit
1738 1851 2097 1921 extinctum
2128 1873 2144 1918 ε
2194 1851 2324 1918 imo
2362 1850 2603 1938 ingens

323 1976 736 2068 postmodum
763 1973 1010 2065 ubique
1049 1974 1346 2042 locorum
1376 1969 1651 2054 huJ'usce
1676 1951 2419 2038 instituti'eonventuum
2462 1989 2607 2034 nu-

323 2115 568 2164 merus.
600 2093 676 2160 Id
701 2097 919 2159 autem
956 2088 1303 2177 contigisse
1339 2083 1651 2166 dicimus,
1686 2105 1818 2152 uon
1854 2104 1969 2173 per
1998 2104 2361 2174 expressam
2394 2081 2600 2152 ullam

328 2207 560 2298 (usque
605 2202 688 2270 ad
734 2200 1154 2271 Benedictum
1199 2195 1370 2288 Xlll)
1428 2196 1613 2266 dictae
1664 2194 1881 2266 Pianae
1922 2195 2362 2294 constitutioni
2410 2193 2601 2264 dero-

331 2319 682 2409 gationem,
736 2317 846 2384 sed
895 2337 1012 2406 per
1059 2333 1308 2383 meram
1360 2312 1531 2381 sedis
1573 2309 1961 2402 Apostolicae
2002 2310 2428 2380 tolerantiam.
2474 2309 2599 2379 Eas

327 2434 572 2504 scilicet
626 2430 996 2518 Tertiarias,
1063 2435 1193 2500 toto
1247 2429 1360 2498 illo
1415 2427 1725 2519 temporis
1790 2433 2024 2514 tractu,
2081 2425 2375 2496 toleravit
2420 2428 2599 2496 sedes

324 2545 716 2640 Apostolica‚
761 2553 825 2614 et
857 2544 1330 2637 Episcoporum
1369 2543 1807 2634 jurisdictioni
1844 2542 2161 2633 subjectas
2196 2541 2479 2634 reliquit.
2520 2542 2595 2612 Id

324 2661 544 2753 paucis
571 2660 934 2728 firmemus.
1848 2715 1857 2725 ,

420 2776 484 2842 1⁰
527 2773 715 2856 Quod
759 2773 1026 2842 existere
1092 2777 1156 2841 et
1216 2773 1561 2862 propagari
1618 2772 2013 2862 perrexerint
2068 2771 2386 2863 ejusmodi
2444 2773 2605 2842 Ter-

325 2892 555 2979 tiariae,
592 2909 722 2959 non
755 2888 1046 2958 obstante
1074 2886 1142 2958 S.
1176 2887 1279 2956 Pii
1308 2887 1370 2957 V
1399 2887 1605 2975 bulla,
1644 2890 1796 2958 satis
1834 2895 2147 2959 testantur
2176 2889 2313 2960 haec
2353 2891 2603 2961 laudati

329 3005 659 3076 Benedicti
703 3002 853 3072 Xlll
899 3003 1139 3072 verba:
1207 3028 1244 3068 ει
1278 3001 1609 3072 Tertiariis
1657 3002 1979 3094 praedictis
2032 3006 2265 3075 emisso
2310 3006 2445 3078 solo
2493 3027 2603 3078 ca-

333 3149 370 3190 «
396 3121 624 3192 stitatis
694 3126 840 3190 voto
911 3117 1329 3209 collegialiter
1398 3117 1763 3188 viventibus
1789 3172 1809 3210 ‚
1880 3118 2059 3190 hand
2130 3121 2547 3212 prohibemus
2573 3176 2594 3204 ,

335 3263 370 3303 α
395 3238 604 3305 immo
641 3242 1016 3327 exoptamus
1061 3233 1135 3303 in
1177 3231 1460 3304 Domino
1496 3234 1751 3305 suaderi
1791 3235 1992 3305 trium
2036 3242 2357 3318 votorum,
2396 3237 2602 3306 etiam

335 3377 373 3417 ι(
398 3352 817 3431 solemnium,
858 3350 1298 3438 emissionem,
1340 3351 1679 3442 ipsamque
1720 3349 2110 3438 clausuram,
2148 3355 2331 3444 juxta
2357 3373 2597 3444 propo-

337 3493 374 3534 «
399 3468 600 3536 situm
649 3467 1070 3535 constitutum
1116 3464 1158 3535 8
1204 3465 1271 3534 S.
1326 3463 1429 3534 Pii
1476 3463 1560 3551 V,
1608 3467 1924 3557 incipiens
1974 3467 2163 3536 Circa
2201 3467 2594 3560 pastoralis.

339 3609 374 3648 α
407 3581 799 3654 lnhaerentes
850 3587 1068 3650 tamen
1135 3579 1363 3650 litteris
1417 3581 1804 3672 Apostolicis
1865 3585 2165 3675 superius
2230 3583 2599 3654 memoratis

329 3725 374 3766 ,ιι
411 3697 570 3774 Iulii
613 3697 698 3780 ΙΙ,
757 3699 828 3766 in
875 3695 1116 3787 quibus
1151 3693 1481 3766 Tertiariis
1533 3696 1599 3766 S.
1652 3695 1980 3768 Dominici
2030 3698 2440 3789 collegialiter
2494 3700 2603 3766 vi-

334 3837 370 3878 «
403 3813 705 3883 ventibus
751 3809 1148 3903 permittitur
1193 3811 1485 3881 emittere
1540 3813 1661 3881 tria
1717 3819 1885 3898 vota,
1949 3813 2439 3904 declaraturque
2484 3835 2605 3903 per

334 3956 370 3995 α
397 3930 534 4000 haec
558 3931 720 4022 ipsa,
747 3927 842 3997 ad
868 3926 1246 3997 clausuram
1263 3927 1539 3996 minime
1563 3929 1790 4016 teneri,
1820 3941 1939 3998 aut
1970 3927 2067 3997 ad
2092 3929 2401 4020 officium
2426 3928 2601 3998 divi·-

333 4071 368 4110 α
397 4067 588 4126 num,
619 4043 840 4134 maqis
881 4063 1083 4134 quam
1111 4065 1194 4111 ex
1212 4043 1449 4132 requla
1479 4043 1660 4111 tertii
1676 4042 1991 4127 habitus:
2014 4065 2091 4113 ac
2118 4043 2264 4112 aliis
2300 4043 2601 4112 Clemen-

337 4183 372 4222 ι(
403 4157 486 4226 tis
526 4156 612 4226 1x
645 4157 835 4248 (alias
865 4157 1256 4250 propositis,
1294 4156 1378 4225 10
1405 4157 1764 4227 decembris
1784 4149 2035 4248 '1667),
2062 4159 2134 4226 in
2165 4158 2405 4248 quibus
2430 4155 2603 4228 Ter—

333 4295 367 4333 «
399 4271 604 4340 tiariae
643 4273 1060 4363 collegialiter
1088 4273 1376 4342 viventes
1411 4273 1493 4344 ad
1518 4273 1883 4344 clausuram
1912 4274 2279 4344 nullatenus
2308 4276 2605 4366 compel-

341 4407 378 4448 α
402 4384 634 4456 luntur
655 4413 674 4474 ;
695 4387 1086 4460 attendentes
1113 4391 1403 4480 insuper,
1432 4409 1788 4478 perminus,
1814 4394 1888 4458 ut
1908 4390 2299 4481 accepimus,
2326 4397 2599 4460 centum
