2834 4959
1185 339 1334 388 Puta
1379 341 1595 390 PRIMA.
2449 349 2485 404 9
2498 349 2525 405 1

251 465 524 562 proinde
545 463 601 532 si
623 461 738 530 fiat
768 464 996 528 votum
1020 459 1352 550 completae
1389 463 1809 552 paupertatis,
1841 471 2013 534 certo
2040 466 2385 541 violabitur
2418 487 2531 544 ναι

249 591 386 652 tum
415 577 588 648 illud
613 597 734 666 per
760 572 1255 664 acquisitionem
1285 581 1396 644 aut
1417 577 1969 648 conservationem
2002 579 2302 653 dominii.
2342 587 2532 677 (Vide

240 697 304 767 id
329 698 480 766 fuse
509 691 856 784 probatum
883 679 924 758 'a
947 688 1268 776 Suaresio,
1297 689 1376 758 de
1395 691 1767 782 Reliqicme,
1794 698 2063 764 tractatu
2092 700 2158 776 7,
2200 699 2246 768 l.
2272 701 2340 784 8,
2370 723 2430 768 c.
2462 703 2530 790 ὅ,

241 835 318 882 n.
353 808 496 900 13.)
525 807 596 876 2⁰
643 805 1012 896 paupertati
1056 805 1390 894 completae
1430 806 1695 898 insuper
1741 817 2065 898 repugnat
2096 812 2207 901 jus
2248 813 2529 902 fruendi,

249 922 490 994 utendi
531 926 590 988 et
621 917 968 987 retinendi.
1005 916 1081 986 In
1107 919 1230 988 hac
1257 927 1475 988 autem
1504 922 1873 1006 assertione,
1920 943 2145 994 vocem
2178 927 2301 1017 jus
2340 931 2532 1000 intel-

253 1039 552 1129 ligimus,
585 1057 720 1104 non
753 1034 1008 1123 dejure
1043 1035 1400 1124 improprie
1426 1035 1598 1105 dicto
1626 1037 1801 1125 quod
1838 1041 2131 1127 provenit
2159 1063 2234 1112 ex
2274 1053 2535 1136 accepta

257 1152 552 1236 licentia;
601 1149 712 1218 sed
751 1148 864 1240 jus
913 1148 1233 1232 strictum,
1281 1171 1414 1239 quo
1460 1171 1697 1242 nempe
1738 1152 1883 1240 quis
1932 1153 2219 1224 fraudari
2274 1160 2523 1247 nequit,

263 1269 424 1359 quin
469 1268 528 1336 ei
573 1267 688 1334 fiat
727 1263 994 1353 injuria.
1032 1262 1234 1334 Porro
1261 1265 1386 1334 hoc
1435 1287 1628 1334 seusu
1675 1266 2077 1338 intellectum
2126 1273 2235 1362 jus
2283 1275 2531 1360 utendi,

265 1379 596 1450 fruendive
621 1385 740 1446 aut
765 1377 1113 1466 retinendi,
1135 1384 1228 1446 est
1252 1379 1513 1468 aliquod
1536 1401 1743 1469 genus
1783 1380 2180 1472 divitiarum,
2214 1386 2535 1477 siquidem

247 1497 454 1588 pretio
499 1500 598 1562 est
653 1492 1069 1573 aestimabile3
1123 1494 1254 1561 imo
1319 1501 1382 1563 et
1433 1493 1805 1564 dominium
1857 1498 2025 1568 utile
2082 1511 2526 1594 nuncupatur.

243 1609 420 1701 Ergo
449 1631 488 1678 a
519 1613 898 1700 paupertate
935 1608 1228 1678 absoluta
1269 1609 1523 1678 excludi
1557 1614 1953 1682 censendum
1980 1623 2094 1686 est.
2135 1617 2327 1707 (Vide
2364 1617 2533 1686 Sua-

243 1728 524 1810 resium,
559 1723 703 1792 loco
729 1724 870 1809 cit„
902 1745 971 1792 n.
1005 1723 1148 1814 24.)

331 1839 718 1910 Pnorosmo
768 1836 871 1906 11⁸.
905 1875 994 1890 -—
1025 1843 1190 1906 Usus
1217 1850 1280 1906 et
1309 1839 1588 1906 retentio
1620 1841 1815 1930 facti,
1853 1841 1927 1910 id
1951 1855 2070 1926 est,
2118 1866 2198 1912 ex
2230 1845 2531 1928 licentia,

255 1976 402 2022 non
429 1963 645 2022 autem
674 1975 758 2020 ex
775 1953 1052 2044 proprio
1081 1952 1242 2042 jure
1283 1963 1348 2018 et
1376 1952 1671 2038 nomine,
1716 1976 1969 2022 necnon
2006 1977 2191 2022 mera
2218 1955 2541 2030 adminis-

229 2028 488 2157 Uram,
509 2091 932 2160 nequaquam
945 2067 1365 2160 paupertati,
1391 2067 1595 2152 etiam
1622 2067 1992 2159 completoe,
2021 2085 2425 2160 repuqnam.
2450 2113 2540 2126 -—

255 2214 292 2253 a
315 2185 492 2255 Usus
523 2184 698 2264 facti,
718 2184 936 2274 inquit
957 2183 1216 2269 Suarez,
1237 2191 1298 2252 et
1321 2185 1537 2254 omnis
1560 2185 1655 2252 rei
1676 2185 2099 2276 apprehensio
2123 2193 2239 2254 aut
2259 2186 2539 2258 detentio

253 2329 286 2367 α
311 2301 426 2370 vel
469 2299 966 2384 administratio,
1017 2322 1163 2389 quae
1209 2321 1341 2368 non
1387 2301 1647 2391 proprio
1682 2303 1833 2389 jure
1861 2308 1922 2370 et
1974 2303 2237 2372 nomine
2282 2304 2381 2391 fit,
2426 2305 2537 2374 sed

253 2419 386 2486 din
431 2417 604 2484 facto
653 2421 907 2482 tantum
951 2416 1266 2500 consistit,
1307 2421 1370 2484 et
1413 2437 1489 2482 ex
1528 2418 1678 2505 jure
1721 2421 1782 2484 et
1822 2419 2230 2486 concessione
2276 2418 2539 2487 alterius

261 2531 594 2622 «pendet,
640 2551 772 2598 non
817 2530 910 2597 ita
949 2534 1045 2598 est
1089 2551 1204 2619 per
1246 2551 1312 2598 se
1368 2531 1639 2598 materia
1685 2533 2099 2621 paupertatis,
2151 2539 2223 2602 ut
2266 2535 2539 2602 omnino

269 2674 308 2712 ι
329 2669 398 2715 ex
441 2648 508 2714 ri
559 2645 740 2714 illius
775 2643 908 2712 voti
958 2642 1384 2713 excludantur
1431 2651 1544 2712 aut
1592 2645 1847 2713 excludi
1903 2652 2191 2736 possint3
2240 2651 2538 2738 quamvis

275 2787 312 2827 «ι
339 2763 542 2851 aliqua
568 2759 927 2829 moderatio
967 2761 1038 2828 in
1079 2761 1182 2828 his
1217 2760 1527 2829 omnibus
1558 2761 1759 2852 possit
1791 2783 1925 2828 esse
1952 2763 2221 2830 materia
2263 2785 2537 2852 pauper·

277 2902 314 2942 α
347 2881 477 2947 tatis
532 2878 722 2970 juxta
791 2875 1211 2946 intentionem
1262 2877 1571 2945 voventis.
1642 2875 1947 2949 Doctrina
2002 2879 2199 2968 hujus
2264 2877 2537 2944 conclu-

273 3019 310 3060 α
335 2995 526 3063 sionis
552 2992 929 3064 communis
967 2998 1082 3060 est.
1116 3018 1150 3057 n
1206 2992 1328 3083 (De
1351 2991 1715 3084 Reliqione,
1764 2998 2033 3062 tractatu
2074 2994 2143 3078 7,
2172 2991 2219 3058 l.
2267 2989 2336 3071 8,
2374 3013 2433 3060 c.
2466 2995 2534 3076 ὃ,

259 3131 332 3180 n.
367 3110 508 3201 28.)
554 3109 800 3178 Votum
847 3129 1080 3198 nempe
1129 3107 1545 3198 paupertatis,
1590 3129 1723 3198 qno
1764 3107 2215 3177 excluderetur
2268 3107 2541 3196 quilibet

259 3225 578 3303 bonorum
635 3223 1094 3316 temporalium
1131 3244 1314 3310 usus,
1367 3223 1611 3292 nedum
1648 3223 1939 3292 validum
1989 3221 2171 3309 foret,
2226 3245 2345 3315 pro
2396 3243 2541 3316 pec·

264 3341 588 3412 caminoso
615 3344 779 3410 esset
819 3339 1235 3410 babendum·
1269 3338 1507 3429 Nequit
1548 3337 1726 3408 enim
1773 3339 1899 3406 vita
1928 3329 2265 3410 sustentari
2296 3341 2539 3430 absque

257 3455 470 3546 aliquo
497 3455 822 3547 ejusmodi
866 3455 1192 3526 bonorum
1233 3475 1381 3522 usu.
1424 3454 1567 3524 Nisi
1610 3453 1799 3538 cibis,
1851 3455 2297 3548 verbf‘gratia,
2340 3457 2538 3524 homo

251 3577 502 3656 utatur,
574 3578 746 3642 certo
815 3593 988 3640 mors
1041 3571 1495 3660 subsequetur.
1573 3571 1761 3642 Unde
1813 3580 2037 3643 votum
2094 3571 2345 3661 exequi,
2409 3589 2537 3658 quo

249 3705 414 3755 usus
466 3687 667 3756 etiam
710 3685 1008 3756 ciborum
1053 3683 1525 3769 excluderetur,
1566 3686 1740 3756 idem
1796 3693 1959 3756 esset
2009 3711 2087 3758 ac
2136 3705 2359 3756 necem
2412 3684 2536 3755 sibi

253 3803 522 3876 inferre.
567 3801 817 3870 Pariter
853 3801 1036 3870 nulla
1073 3802 1346 3870 omnino
1381 3807 1549 3870 veste
1580 3804 1700 3891 uti,
1746 3805 2167 3874 inhonestum
2206 3807 2300 3866 est
2346 3807 2536 3892 atque

255 3917 590 3988 illicitum.
655 3919 752 3986 Ac
773 3955 783 3966 ·
803 3921 1266 4008 consequenter
1328 3939 1606 4009 pravum
1661 3919 1819 3988 foret
1873 3926 2093 3988 votum
2150 3917 2536 4007 paupertatis

251 4032 460 4102 nullis
507 4033 782 4108 omnino
833 4034 1115 4115 vestibus
1171 4033 1421 4107 utendi.
1487 4033 1673 4104 Unde
1734 4040 2075 4127 paupertas
2136 4034 2529 4124 evangelica,

247 4146 451 4216 etiam
489 4148 780 4216 absoluta
827 4149 992 4216 etin
1029 4148 1491 4239 perfectissimo
1537 4150 1771 4240 gradu,
1821 4167 2163 4236 nunquam
2218 4149 2534 4220 censenda

253 4267 360 4331 est
383 4262 740 4355 simplicem
773 4284 968 4334 usum
1012 4263 1334 4336 bonorum
1365 4265 1825 4356 temporalium
1856 4265 2129 4333 omnino
2152 4265 2527 4350 excludere3

253 4376 424 4472 quia
465 4380 518 4448 si
564 4378 950 4464 excluderet,
995 4381 1138 4468 jam
1193 4401 1322 4454 non
1363 4387 1525 4453 esset
1579 4379 1945 4470 evangelica
1966 4436 1987 4469 ,
2036 4381 2147 4452 sed
2188 4379 2529 4452 diabolica.
