2834 4959
379 297 504 355 162
923 303 1263 354 'reseratus
1310 307 1390 353 ns
1434 305 1587 354 man
1627 305 2057 354 >assummum.

377 456 414 496 α
437 428 817 500 Christianae
873 423 1318 518 philosophias,
1377 427 1565 516 juxta
1618 427 1897 498 coelestia
1946 447 2283 498 sacrarum
2338 426 2655 519 Scriptu-

377 571 412 612 «
427 564 652 613 rarum
699 543 1088 611 documenta
1155 540 1540 628 excolenda),
1616 543 1876 634 penitus
1944 541 2409 611 addicebant...
2445 566 2462 622 ;
2532 551 2650 628 ut,

375 685 410 726 ι(
433 679 701 749 corpore
725 657 797 725 in
829 658 1204 724 servitutem
1239 635 1523 742 redacto,
1566 662 1781 725 mente
1825 677 1863 725 a
1884 657 2368 726 mundanarum
2414 679 2646 726 rerum

375 799 410 840 α
437 794 656 843 amore
699 771 926 852 libera,
978 772 1047 838 in
1093 775 1310 840 sancta
1349 769 1468 840 Dei
1508 771 2049 863 contemplatione
2094 769 2519 862 quiescerent,
2576 781 2647 842 et

369 917 406 958 <a
428 891 496 959 in
537 889 721 959 terris
759 888 1060 978 degentes
1092 885 1412 957 coelestem
1445 885 1783 956 beatorum
1814 887 2163 978 spirituum
2195 887 2397 956 vitam
2424 889 2647 958 imita-

369 1013 678 1076 urentur.
723 1029 758 1070 >³
807 1003 1283 1093 (Dissertatione
1336 1001 1416 1070 de
1470 1002 1746 1086 Αεσετίε,
1787 1023 1934 1094 pag.
1996 1001 2126 1070 110
2171 1009 2233 1071 et
2277 1002 2649 1094 111.)‘De-

360 1130 675 1196 monstrat
725 1129 1026 1216 praeterea
1073 1119 1462 1190 Antonellus
1524 1121 1843 1213 ejusmodi
1894 1128 2251 1190 ascetarum
2320 1123 2645 1193 conditio-

357 1262 506 1312 nem
555 1241 756 1310 fuisse
805 1237 1148 1330 publicum
1194 1237 1266 1304 in
1319 1235 1602 1306 Ecclesia
1662 1241 1923 1304 statum.
1980 1233 2151 1305 Hinc
2175 1247 2179 1254 ·
2200 1237 2372 1306 sicut
2420 1257 2641 1308 sacra-

355 1379 506 1426 rum
555 1355 887 1445 virginum
938 1359 1164 1438 coetus,
1213 1373 1326 1422 seu
1352 1350 1561 1434 τάγμα,
1602 1349 1824 1420 locum
1870 1351 2265 1444 peculiarem
2341 1351 2413 1418 in
2468 1359 2640 1423 tem-

357 1472 489 1562 plo,
531 1492 570 1540 a
611 1469 854 1540 caeteris
903 1466 1203 1536 fidelibus
1231 1466 1495 1535 seminis
1520 1473 1948 1556 segregatum,
1986 1467 2364 1558 occupabat,
2421 1467 2512 1536 ita
2568 1480 2639 1538 et

354 1605 473 1653 sua
543 1590 730 1653 erant
786 1589 1142 1652 ascetarum
1213 1581 1437 1664 coetui,
1492 1601 1607 1650 seu
1649 1583 1754 1642 τῶν
1774 1580 2103 1661 μοναζόντων
2134 1581 2389 1662 τάγματι,
2446 1602 2635 1652 seor-

355 1721 504 1768 sum
557 1720 596 1768 a
636 1697 887 1788 reliquo
931 1697 1194 1788 populo,
1241 1697 1553 1766 destinata
1603 1695 1949 1777 subsellia3
2012 1704 2076 1766 et
2146 1679 2297 1767 ante
2356 1706 2625 1768 caeteros

354 1820 578 1884 ascetae
629 1799 699 1881 in
745 1833 926 1881 sacra
977 1811 1243 1900 liturgia
1293 1809 1772 1880 Eucharistiam
1824 1811 2225 1902 recipiebant
2252 1813 2468 1904 (citata
2496 1813 2631 1882 dis·

349 1927 711 2013 sartatione,
766 1949 914 2018 pag.
987 1925 1164 2017 124).
1219 1924 1407 2026 Item,
1460 1929 1630 1994 sicut
1671 1925 1955 2015 virgines
2010 1925 2143 1996 Deo
2212 1926 2629 2016 dicabantur,

347 2046 478 2114 sive
519 2044 764 2113 fuscam
806 2047 917 2110 aut
943 2041 1194 2133 pullam
1225 2043 1515 2112 tunicam
1540 2040 1899 2128 induend0‚
1955 2042 2089 2112 sive
2126 2045 2628 2116 consecrationis

349 2160 567 2230 velum
597 2159 680 2227 ab
717 2158 1041 2250 Episcopo
1070 2157 1467 2248 recipiendo,
1514 2182 1551 2226 α
1576 2179 1711 2227 non
1749 2157 2089 2231 dissimilis
2124 2157 2369 2252 (inquit
2414 2162 2625 2230 Anto-

357 2304 392 2342 «
419 2275 656 2356 uellus,
703 2274 848 2343 loco
874 2274 1089 2360 citato,
1138 2294 1287 2364 pag.
1361 2271 1491 2342 138
1544 2280 1608 2342 et
1660 2272 1813 2365 139)
1861 2274 1984 2343 fnit
2026 2282 2391 2356 ascetarum
2441 2278 2626 2347 dedi-

353 2421 389 2461 «
417 2394 663 2463 catio...
707 2390 914 2481 lpsius
959 2390 1152 2457 vestis
1187 2389 1543 2458 mutatione
1588 2410 1654 2459 se
1689 2389 1823 2459 Deo
1866 2389 2286 2479 devovebant,
2330 2398 2399 2460 et
2450 2413 2625 2462 asce-

353 2509 604 2591 «ticam
647 2506 844 2574 vitam
887 2504 1392 2596 profitebantur3
1433 2525 1549 2572 nec
1598 2503 1861 2573 deerant
1910 2505 2053 2594 qui,
2102 2505 2377 2575 solemni
2434 2529 2625 2599 prece

357 2650 392 2688 «
415 2621 730 2709 adhibita,
781 2642 896 2712 per
949 2640 1185 2689 manus
1233 2619 1531 2712 Episcopi
1566 2618 1699 2689 Deo
1742 2619 2202 2690 dedicabantur
2247 2645 2265 2690 ε
2306 2620 2458 2690 licet
2492 2624 2623 2692 hu-

357 2738 700 2829 «jusmodi
733 2743 957 2804 ascetae
985 2735 1300 2804 rarissimi
1343 2741 1579 2818 essent,
1632 2737 1791 2827 quia
1830 2757 1972 2804 mos
2014 2737 2154 2820 iste,
2209 2743 2285 2806 ut
2328 2737 2621 2824 videtur,

353 2880 388 2920 α
417 2875 549 2924 non
574 2852 821 2941 ubique
854 2858 1150 2944 receptus
1193 2851 1422 2920 fuerat.
1454 2876 1490 2918 x>
1530 2849 2007 2921 Dissertationis
2036 2873 2170 2920 suae
2216 2852 2458 2943 pagina
2498 2853 2622 2924 153

347 2979 412 3040 et
463 2966 905 3060 sequentibus,
961 2973 1198 3036 ascetas
1245 2965 1503 3036 exhibet
1554 2966 1935 3038 Antonellus
1984 2967 2187 3036 vitam
2255 2976 2330 3037 ut
2406 2967 2618 3059 pluri-

344 3107 534 3156 mum
569 3084 651 3154 ab
697 3082 1049 3152 hominum
1086 3081 1446 3172 frequentia
1489 3086 1552 3149 et
1606 3081 1903 3173 populari
1940 3081 2229 3152 tumultu
2278 3103 2615 3176 segregem
2774 3089 2776 3178 j

341 3203 673 3286 ducentes,
720 3200 790 3267 in
831 3196 990 3266 locis
1022 3196 1345 3283 solitariis,
1394 3198 1527 3267 sive
1578 3198 1749 3267 intra
1798 3199 2109 3288 civitates,
2154 3198 2289 3266 sive
2332 3199 2406 3266 in
2460 3201 2617 3270 sub—
2774 3187 2776 3203 1

341 3316 551 3386 urbiis
581 3324 690 3384 aut
729 3314 974 3405 agellis.
1009 3312 1169 3383 Item
1209 3313 1644 3384 voluntariam
1686 3320 2129 3407 paupertatem
2168 3315 2614 3405 amplexatos3

343 3434 436 3501 ita
473 3437 548 3498 ut
585 3429 688 3498 vel
726 3430 1080 3499 litteraliter
1117 3429 1203 3498 ab
1248 3428 1389 3523 ipso
1442 3451 1725 3500 asceseos
1764 3451 1899 3500 suae
1954 3430 2271 3522 principio
2324 3453 2613 3523 exeque-

337 3555 566 3618 rentur
583 3545 1034 3637 evangelicum
1052 3543 1429 3634 consilium,
1462 3547 1523 3614 si
1544 3547 1643 3615 vis
1652 3548 1987 3638 perfectus
2006 3567 2161 3634 esse,
2184 3546 2377 3633 vade,
2410 3549 2613 3618 vende

341 3684 488 3754 quoe
504 3660 703 3730 habes
721 3671 786 3729 et
807 3658 896 3728 da
912 3659 1318 3752 pauperibus
1335 3683 1366 3743 ;
1383 3662 1487 3732 vel
1510 3661 1734 3732 saltem
1752 3661 1921 3730 bona
1942 3683 2059 3732 sua
2078 3683 2211 3730 non
2228 3663 2609 3747 retinerent,

339 3779 464 3848 nisi
529 3775 854 3848 charitatis
927 3782 993 3844 et
1061 3776 1526 3846 misericordiae
1592 3775 1897 3868 operibus
1950 3775 2407 3868 impendenda.
2470 3779 2611 3861 Quo

329 3913 519 3964 sensu
556 3901 810 3964 sanctus
844 3889 1282 3981 Hieronymus
1309 3892 1635 3985 scripsisse
1680 3892 1934 3962 videtur
1972 3892 2052 3960 ad
2106 3887 2170 3962 S.
2227 3890 2607 3978 Paulinum,

335 4009 670 4078 asceticam
711 4008 1316 4099 vitamauspicatum
1347 4029 1366 4074 a
1407 4010 1565 4076 Jam
1600 4029 1734 4076 non
1760 4018 1919 4078 sunt
1950 4019 2070 4076 tua
2098 4029 2244 4098 quoe
2284 4009 2603 4099 possides,

337 4123 454 4194 sed
483 4121 879 4216 dispensatio
910 4123 1037 4193 tibi
1065 4122 1320 4193 credita
1341 4135 1441 4192 cst
1466 4123 1677 4217 (epist.
1712 4124 1824 4208 58,
1852 4123 2006 4192 alias
2040 4122 2149 4205 13,
2186 4129 2360 4194 tomo
2394 4131 2428 4193 1
2464 4147 2597 4218 op.,

329 4241 454 4336 col.
507 4237 690 4331 324).
735 4239 900 4310 Voto
946 4241 1248 4310 castitatis
1297 4260 1431 4311 non
1459 4239 1681 4310 minus
1724 4238 2056 4310 adstrictos
2096 4239 2292 4309 fuisse
2332 4249 2593 4321 ascetas,

309 4355 530 4446 'quam
547 4331 756 4426 'suere
793 4364 1008 4448 postea
1042 4355 1372 4444 monachi,
1424 4355 1930 4448 quamplurimis
1968 4353 2379 4426 documentis
2429 4365 2597 4448 pate-
