2834 4959
336 290 461 345 186
887 296 1226 345 maurus
1270 296 1349 345 nr.
1394 296 1546 345 mas
1591 294 2008 344 aasummu.

330 414 524 483 minii
552 412 912 505 improprie
942 410 1219 498 dictum,
1262 414 1590 483 concedo:
1635 411 1910 505 proprie
1951 408 2228 493 dictum,
2273 432 2461 502 nego.
2488 412 2598 481 Ni·

330 526 575 595 mirum
618 533 799 597 actus
852 526 1124 597 dominii
1172 526 1430 618 proprie
1475 527 1684 595 dictus
1723 524 1834 595 ille
1856 530 1975 613 est,
2005 526 2122 616 qui
2155 524 2388 595 valide
2431 528 2594 597 exeri

333 646 595 733 potesta
616 641 921 731 religioso
940 664 1023 710 ex
1038 641 1185 711 sola
1208 642 1277 711 vi
1285 641 1586 735 propriae
1605 640 1995 711 voluntatis.
2021 639 2406 732 Cujusmodi
2425 650 2592 713 actus

334 754 541 826 valide
562 776 855 825 exercere
900 762 1171 849 possunt
1204 756 1512 847 religiosi,
1553 756 1670 847 qui
1713 753 2002 847 simplex
2047 754 2372 825 duntaxat
2387 764 2590 827 vomm

329 872 723 963 paupertatis
754 872 1135 941 emiserunt.
1194 871 1385 953 Quod
1430 871 1490 941 si
1545 891 1677 941 non
1729 870 1938 939 valeat
1969 874 2152 939 aetus
2207 870 2491 940 dominii
2529 892 2598 939 ex

332 986 465 1055 sola
488 985 781 1075 religiosi
806 987 1161 1071 voluntate,
1194 986 1307 1057 sed
1348 986 1657 1057 duntaxat
1699 1007 1774 1055 ex
1821 987 2153 1056 voluntate
2199 984 2598 1055 concedentis

327 1106 495 1174 sedis
540 1104 950 1199 Apostolicae‚
988 1104 1251 1175 nonnisi
1284 1107 1638 1198 improprie
1675 1110 1857 1175 actus
1892 1104 2174 1175 dominii
2217 1104 2352 1175 dici
2383 1109 2592 1196 potest.

329 1218 533 1290 Porro
569 1221 1001 1291 sustinuimus
1048 1220 1314 1313 quidem
1367 1243 1406 1291 a
1453 1220 1628 1312 Papa
1678 1220 1946 1290 concedi
2021 1240 2210 1313 posse
2261 1226 2362 1307 ut,
2407 1224 2598 1289 stante

331 1336 737 1407 solemnitate
787 1338 943 1421 voti,
1012 1335 1349 1427 religiosus
1392 1333 1762 1427 posterioris
1820 1334 2058 1427 speciei
2105 1344 2288 1405 actus
2321 1334 2593 1404 dominii

332 1450 545 1518 valide
608 1470 899 1519 exercere
967 1448 1209 1533 valeat3
1260 1450 1415 1540 quia
1467 1471 1622 1520 cum
1679 1450 1921 1519 horum
1975 1456 2234 1521 actuum
2298 1448 2592 1518 exercitio

332 1584 483 1633 vera
504 1568 797 1632 remanet
844 1562 1232 1655 incapacitas
1272 1562 1576 1647 dominii,
1607 1563 1675 1633 id
1701 1550 1834 1651 est,
1863 1562 2225 1633 inhabilitas
2253 1562 2332 1631 ad
2361 1582 2584 1653 quem-

330 1678 489 1747 libet
511 1677 791 1747 dominii
828 1685 1079 1767 actum,
1108 1679 1182 1748 vi
1227 1678 1377 1750 sola
1423 1680 1718 1771 propriae
1753 1678 2122 1749 voluntatis
2155 1676 2448 1747 validum
2471 1700 2494 1743 .·
2519 1680 2584 1743 at

334 1816 598 1888 prorsus
656 1814 977 1885 negamus
1028 1814 1216 1889 posse
1266 1792 1533 1886 Papam,
1583 1792 1760 1864 salva
1803 1793 2231 1881 solemnitate,
2273 1792 2470 1861 iacere
2515 1792 2588 1861 u't

334 1910 678 2001 religiosus
694 1909 905 1979 valide
951 1916 1245 1981 exercere
1294 1909 1503 1979 valeat
1521 1916 1704 1979 actus
1758 1908 2034 1979 dominii
2077 1907 2316 2000 prioris
2347 1908 2593 1997 speciei,

294 2094 301 2099 .
335 2027 402 2097 id
430 2032 550 2110 est,
584 2026 701 2116 qui
732 2026 871 2095 vim
897 2024 1177 2095 habeant
1220 2046 1302 2094 ex
1342 2024 1494 2094 sola
1518 2023 1814 2117 reliqiosi
1841 2022 2234 2108 voluntat&
2279 2023 2423 2113 quia
2447 2028 2590 2093 tunc

331 2144 471 2230 jam
500 2160 627 2206 non
654 2144 847 2207 staret
869 2139 939 2205 in
965 2139 1269 2229 religioso
1319 2138 1698 2209 inhabilitas
1717 2139 1800 2208 ad
1823 2136 2203 2207 dominium
2231 2136 2304 2206 vi
2323 2134 2590 2229 propriae

334 2252 705 2321 voluntatis
754 2251 977 2322 valide
1026 2251 1460 2341 exercendum,
1470 2274 1502 2338 ,·
1552 2275 1627 2323 ac
1652 2252 1926 2345 proinde
1953 2258 2176 2323 rueret
2224 2254 2356 2323 voti
2387 2251 2602 2321 solem-

337 2368 525 2437 nitas.

426 2482 802 2574 Respondeo
838 2486 907 2551 2ο
935 2502 1101 2573 nego
1148 2502 1550 2575 consequens
1581 2506 1600 2553 z
1650 2504 1803 2554 nam
1838 2480 1918 2553 D.
1953 2484 2242 2555 Garriere
2291 2480 2596 2571 intelligit,

337 2606 504 2672 stare
560 2624 745 2695 posse
796 2606 896 2692 (ex
950 2600 1288 2673 Pontificia
1318 2604 1762 2697 dispositione)
1790 2604 1923 2673 voti
1953 2604 2435 2673 solemnitatem
2453 2620 2594 2671 cum

339 2718 673 2789 habilitate
714 2720 789 2789 ad
836 2718 1045 2791 valide
1096 2721 1477 2791 exercendos
1505 2720 1784 2791 dominii
1829 2726 2005 2791 actus
2045 2720 2330 2813 proprie
2371 2717 2600 2795 dieto&

339 2835 567 2905 eodem
614 2857 851 2928 nempe
900 2835 1120 2923 modo,
1148 2857 1279 2927 quo
1324 2858 1433 2906 eos
1457 2857 1744 2906 exercere
1765 2836 1954 2919 valet,
1985 2835 2103 2925 qui
2131 2834 2411 2927 simplex
2443 2832 2598 2900 dun·

340 2956 509 3019 taxat
536 2952 925 3045 paupertatis
972 2958 1198 3021 votum
1247 2952 1487 3022 emisit.
1549 2951 1908 3037 Nimirum,
1937 2951 2010 3020 in
2055 2952 2263 3043 ipsius
2289 2949 2594 3042 opinione,

341 3065 627 3137 valerent
652 3073 833 3137 actus
868 3065 1144 3137 dominii
1169 3088 1251 3136 ex
1276 3066 1428 3136 sola
1455 3066 1527 3135 vi
1545 3066 1922 3138 voluntatis
1949 3066 2259 3157 religiosi,
2285 3070 2354 3135 et
2377 3062 2600 3133 nibilo-

342 3180 564 3250 minus
594 3189 955 3252 remaneret
984 3182 1115 3253 voti
1134 3182 1529 3265 solemnitas.
1554 3180 1624 3251 ld
1655 3193 1874 3251 autem
1903 3201 2019 3251 nos
2049 3181 2366 3273 superiori
2390 3200 2521 3267 cap.
2551 3172 2600 3240 6

344 3313 755 3384 nequaquam
782 3298 1098 3381 diximus,
1134 3296 1241 3366 sed
1275 3320 1311 3365 e
1340 3304 1566 3367 contra
1596 3297 1835 3367 falsum
1857 3296 2302 3388 probavimus.

430 3406 655 3500 Neque
727 3414 1084 3503 periculosa
1156 3418 1328 3481 caret
1380 3412 1806 3503 ambiguitate
1881 3418 1946 3481 et
2019 3412 2399 3482 confusione
2441 3402 2598 3497 quod

342 3524 587 3596 ibidem
615 3530 885 3597 asseruit
910 3528 1216 3597 dominus
1268 3528 1563 3598 Carriere
1613 3528 1687 3597 in
1745 3528 1928 3599 hunc
1967 3528 2238 3598 modum
2271 3549 2288 3593 ε
2331 3550 2366 3591 ι
2407 3522 2600 3593 Posset

350 3666 385 3707 α
414 3662 713 3714 summus
746 3641 1061 3730 Pontifex,
1093 3645 1150 3715 si
1178 3650 1622 3735 opportunum
1639 3643 1986 3733 judicaret,
2019 3642 2092 3711 in
2115 3640 2338 3712 Galliis
2379 3656 2596 3731 agnos-

284 3738 293 3749 ’
352 3782 386 3825 ι(
414 3780 591 3829 scere
634 3759 891 3829 ordines
944 3779 1092 3827 vere
1128 3764 1194 3829 et
1246 3758 1506 3850 proprie
1533 3734 1892 3849 religiosos,
1935 3758 2128 3827 etiam
2171 3754 2387 3849 positis
2424 3750 2595 3821 rebus

347 3899 383 3941 a
407 3881 481 3944 ut
513 3896 693 3945 nunc
732 3880 967 3945 sunt...
1004 3872 1301 3945 Posset...
1351 3872 1606 3943 efficere
1650 3879 1725 3942 ut
1767 3874 1962 3943 etiam
2009 3892 2167 3941 cum
2213 3868 2416 3939 tribus
2452 3860 2590 3931 votis

351 4014 387 4057 ι(
418 3990 831 4084 simplicibus
862 3996 981 4060 stet
1028 4010 1181 4060 vera
1222 3995 1285 4060 et
1324 3988 1584 4082 proprie
1619 3989 1784 4059 dicta
1807 3988 2058 4079 religio.
2093 4010 2128 4054 a
2163 3984 2412 4055 Etenim
2433 3972 2590 4048 ordi-

338 4129 453 4178 nes
478 4108 775 4201 reliqiosi
815 4110 885 4179 in
936 4106 1239 4179 strictiori
1288 4105 1572 4199 quodam
1621 4126 1814 4175 sensu
1852 4126 1983 4174 non
2013 4103 2325 4173 dicuntur
2359 4095 2470 4166 nisi
2509 4090 2586 4169 ei»

338 4228 634 4314 quicum
688 4228 853 4295 votis
897 4225 1297 4296 solemnibus
1344 4222 1812 4314 approbantur.
1863 4220 1943 4291 Et
1991 4220 2064 4290 in
2093 4218 2220 4290 hoc
2251 4234 2434 4288 sensu
2471 4206 2591 4279 veri

338 4340 600 4411 ordines
635 4341 931 4432 reliyiosi
954 4364 1067 4413 seu
1091 4362 1259 4411 veroe
1276 4337 1634 4431 reliqz'ones
1655 4359 1788 4408 non
1813 4342 1964 4407 sunt
1981 4358 2074 4407 eae
2095 4330 2588 4427 congregation&

2239 4566 2790 4957 ,Α
