2834 4959
1088 361 1241 411 PARS
1280 360 1524 411 ‘mum-
2313 358 2346 414 4
2359 358 2394 413 5
2409 359 2430 413 1

160 492 405 564 tionem
434 486 655 558 faciat.
700 480 837 581 Sed·
860 480 1181 571 ejusmodi
1216 481 1580 572 repudiatio
1637 489 1891 551 nonest
1923 483 2080 573 quid
2125 483 2434 578 difficile3

158 624 307 695 ergo
328 602 575 682 falsum
607 604 703 669 est
738 595 1127 667 intervenire
1145 616 1370 687 graves
1396 594 1808 669 difficultates
1848 600 2064 688 quoad
2099 598 2439 671 haeredita·

160 729 289 791 tem
310 709 1135 811 professis-obvenientem,
1184 711 1447 801 quando
1481 710 1766 801 religiosi
1791 714 2114 805 pertinent
2149 716 2228 784 ad
2269 718 2450 786 ordi-

162 855 305 919 nes,
338 832 460 923 qui
480 832 549 900 in
572 825 917 899 communi
938 824 1259 918 possidere
1294 846 1428 895 non
1455 836 1748 917 possunt.

252 945 347 1017 11.
386 944 508 1043 Sed
556 962 767 1033 neque
814 940 1051 1011 adsunt
1103 960 1331 1032 graves
1374 940 1504 1013 iuae
1545 940 1952 1013 difficultates
2003 945 2263 1033 quando
2294 938 2452 1015 ordo

163 1061 513 1152 religiosus
542 1058 623 1127 de
652 1056 733 1127 iis
756 1061 879 1143 est,
914 1054 1031 1145 qui
1059 1076 1138 1124 ex
1162 1056 1460 1126 instituto
1500 1062 1768 1146 possunt
1811 1056 1881 1129 in
1926 1062 2262 1129 communi
2293 1082 2453 1152 pos·-

166 1176 407 1247 sidere.
462 1168 789 1263 Equidem
831 1175 991 1240 tunc
1043 1174 1293 1239 certum
1340 1174 1461 1256 est,
1493 1190 1570 1239 ex
1589 1170 1740 1260 jure
1769 1171 2224 1261 ecclesiastico,
2249 1175 2456 1243 baere—

169 1289 469 1373 (litatem,
520 1307 672 1378 qum
723 1284 1023 1373 religioso
1076 1282 1361 1373 professo
1384 1282 1647 1375 obtigit,
1709 1287 1851 1378 ipso
1895 1287 2056 1357 facto
2085 1291 2458 1359 communi·

171 1406 294 1473 tati
341 1399 591 1486 deberi,
648 1402 713 1467 et
752 1396 1297 1471 communitatem.
1340 1418 1477 1467 esse
1525 1417 1756 1469 verum
1819 1398 2018 1490 hujus
2072 1401 2464 1471 haere'ditatis

176 1518 527 1590 dominum
560 1536 577 1584 :
616 1510 811 1599 Quod
841 1514 1049 1600 enim,
1080 1518 1155 1581 ut
1180 1514 1389 1597 aiunt,
1426 1514 1716 1605 acquirit
1749 1516 2134 1601 monacham,
2175 1518 2464 1609 acquirit

177 1630 686 1704 monasterium.
718 1628 879 1709 Quae
906 1624 1224 1717 generalis
1261 1626 1488 1717 regula
1512 1628 1731 1698 locum
1768 1630 1962 1701 habet
1997 1633 2210 1722 quoad
2241 1655 2466 1703 omnes

178 1748 519 1839 religiosos
552 1744 833 1827 ordines,
864 1747 1095 1833 praeter
1123 1762 1255 1830 eOS,
1300 1744 1419 1835 qui
1441 1763 1732 1833 expresse
1773 1745 1856 1813 ab
1899 1766 1974 1813 ea
2009 1747 2454 1838 excipiuntur3

175 1864 246 1933 id
316 1867 455 1948 est,
526 1880 812 1949 quotum
854 1858 1343 1929 constitutiones
1390 1879 1430 1927 a
1479 1858 1626 1927 sede
1678 1858 2046 1949 Apostoliea
2099 1862 2469 1953 approbatae

180 1975 601 2048 contrarium
630 1973 1015 2064 decernunt3
1056 1980 1251 2066 prout
1278 1980 1400 2055 est,
1435 1980 1507 2042 nt
1532 1974 1840 2061 diximus,
1864 1976 2124 2067 praefata
2151 1976 2218 2046 S.
2250 1976 2464 2047 Fran-

180 2089 345 2162 cisci
406 2086 677 2157 familia.
742 2084 1049 2157 Fatemur
1108 2090 1327 2157 autem
1375 2087 1528 2157 inde
1577 2088 1788 2159 enasci
1829 2088 2120 2180 aliquam
2187 2091 2258 2159 in
2306 2092 2483 2180 praxi

184 2201 687 2286 difficultatem3
732 2200 843 2269 sed
910 2222 1175 2293 prorsus
1219 2222 1538 2292 negamus
1566 2224 1708 2273 eam
1737 2204 2029 2295 superari
2069 2224 2202 2273 non
2261 2224 2476 2296 posse3

184 2326 249 2389 et
300 2340 625 2409 negamus
661 2318 903 2409 pariter
928 2338 1075 2389 eam
1102 2317 1295 2387 talem
1322 2340 1484 2405 esse,
1523 2325 1595 2387 ut
1637 2319 1872 2403 efficiat
1911 2326 2138 2391 votum
2189 2320 2480 2390 solemne

183 2456 325 2504 non
373 2456 508 2503 esse
559 2440 717 2503 tunc
799 2432 880 2503 de
926 2454 997 2501 re
1050 2433 1332 2503 meliori.
1388 2433 1753 2505 Difficultas
1815 2436 1953 2506 haec
2019 2436 2298 2505 describi
2365 2459 2480 2528 po-

188 2556 313 2621 test
362 2550 439 2633 in
473 2548 653 2621 hunc
697 2548 972 2625 modum
1003 2571 1021 2617 ε
1060 2572 1098 2615 «
1127 2548 1199 2619 Si
1240 2547 1580 2636 religiosus
1609 2550 1952 2641 professu5‚
1997 2552 2106 2620 eui
2146 2552 2486 2622 haereditas

193 2664 552 2755 «contigit,
599 2684 745 2737 cam
788 2662 1169 2755 simpliciter
1222 2661 1544 2753 repudiet,
1596 2662 1777 2731 laedit'
1817 2663 1928 2753 jus
1993 2666 2483 2737 communitatis

198 2805 237 2845 α
266 2798 439 2863 suae,
506 2800 649 2869 quae
696 2786 794 2848 est
848 2798 1040 2849 verus
1100 2776 1494 2847 hoereditatis
1564 2774 1896 2843 dominus.
1971 2775 2230 2846 Etenim
2281 2780 2487 2869 posita

194 2892 551 2985 «simplici
603 2892 1071 2985 repudiatione,
1140 2892 1245 2961 lex
1314 2889 1644 2963 saecularis
1711 2888 2150 2958 haereditatem
2217 2892 2480 2979 tribuet,

194 3032 233 3080 nt
256 3028 399 3077 non
420 3079 426 3088 ,
448 3005 903 3075 communitati
952 3003 1057 3097 (ad
1112 3024 1314 3095 quam
1363 3010 1582 3073 tamen
1608 3001 1950 3073 haereditas
1983 3000 2094 3070 illa
2151 3004 2478 3096 pertinet),

196 3147 235 3191 α
263 3121 383 3193 scd
436 3121 531 3205 ⁴iis
582 3120 879 3215 personis
942 3117 1025 3189 ad
1108 3140 1271 3209 quas
1347 3118 1820 3202 devolveretur,
1903 3116 1959 3187 si
2012 3118 2155 3208 jam
2221 3117 2485 3190 obiisset

196 3264 235 3309 α
262 3238 637 3329 religiosus.
701 3232 889 3307 Unde
947 3236 1031 3305 ad
1110 3233 1484 3309 evitandam
1533 3232 1982 3305 difficultatem
2038 3252 2173 3303 non
2229 3234 2482 3306 videtur

198 3378 239 3423 nt
260 3354 539 3425 recurri.
552 3372 735 3443 posse
753 3350 835 3421 ad
868 3350 1233 3442 simplicem
1280 3348 1821 3442 repudiationem,
1869 3350 2154 3438 quando·
2179 3348 2482 3445 religiosa

200 3466 511 3537 «familia
573 3467 653 3535 de
700 3467 785 3535 iis
836 3470 955 3550 est,
1024 3486 1170 3557 qum
1248 3466 1319 3535 in
1373 3464 1712 3536 communi
1783 3463 2178 3554 possiderere
2236 3466 2475 3535 valent.

198 3609 239 3653 t(
266 3583 567 3654 Aliunde
618 3602 829 3672 neque
876 3582 1133 3651 videtur
1158 3602 1343 3673 posse
1386 3580 1729 3671 religiosus
1758 3580 1828 3649 in
1873 3580 1998 3649 hoc
2021 3600 2174 3649 casu
2197 3579 2479 3651 haeredi-

198 3727 239 3767 α
269 3706 477 3769 tatem
506 3718 622 3767 suo
656 3699 919 3768 nomine
946 3697 1271 3785 colligere,
1294 3702 1357 3766 et
1384 3702 1600 3788 postea
1642 3716 1786 3763 eam
1810 3694 2056 3765 tradere
2109 3696 2482 3765 communi-

196 3842 245 3883 α
281 3814 437 3883 tati:
466 3821 609 3883 tum
630 3813 789 3903 quia
814 3813 877 3882 id
902 3819 1119 3883 actum
1166 3812 1444 3883 dominii
1477 3810 1872 3895 involveret3
1922 3817 2063 3881 tum
2117 3810 2270 3901 quia
2291 3818 2485 3881 exstat

198 3958 241 4000 α
280 3928 582 4021 quaedam
622 3930 695 3999 in
742 3925 954 3997 Gallia
990 3928 1150 4019 legis
1188 3926 1515 3998 saecularis
1575 3926 1933 4017 dispositio,
1997 3924 2350 4017 prohibens
2404 3948 2490 4001 ne

201 4072 241 4114 «ι
264 4046 419 4139 quis
464 4044 807 4135 religiosus
844 4044 1297 4114 communitati
1337 4064 1500 4131 suae,
1548 4046 1660 4113 aut
1707 4040 1906 4112 alicui
1953 4043 2154 4131 ipsius
2193 4044 2493 4116 membro

204 4186 243 4225 α
272 4160 453 4231 ultra
530 4165 773 4231 certam
855 4158 1181 4229 bonorum
1262 4180 1534 4229 suorum
1599 4162 1850 4250 partem
1915 4157 2153 4227 donare
2212 4158 2417 4228 valeat
2469 4182 2488 4230 t

206 4301 245 4341 «
274 4276 487 4349 Nulla
496 4298 827 4368 personne
847 4276 1342 4367 faisantpartie
1372 4273 1538 4345 d'un
1566 4272 2066 4345 &tablis-semem
2091 4274 2384 4346 autoris&
2417 4300 2500 4347 ne

206 4416 246 4459 «
276 4412 547 4484 pourra
574 4378 866 4485 disboser
882 4414 1017 4483 par
1040 4402 1183 4461 acte
1200 4392 1542 4482 entre-viss
1560 4414 1646 4461 ou
1688 4412 1820 4483 par
1849 4401 2228 4475 testament,
2259 4394 2388 4463 soit
2422 4418 2502 4465 en
