2834 4959
1101 317 1251 365 »Ans
1296 317 1557 376 oman.
2337 316 2459 373 377

193 441 466 536 proinde
483 438 794 530 professio
821 459 1022 528 quam
1051 444 1206 506 tunc
1226 442 1543 508 emitteret
1560 440 1723 508 foret
1752 440 1929 512 nulla
1948 443 2113 533 (vide
2155 443 2467 517 Reiffens-

193 561 353 643 tuel,
377 560 448 626 in
479 558 576 624 tit.
601 553 682 623 de
698 553 1168 644 Reqularibus,
1193 578 1258 623 n.
1291 554 1467 646 103).

291 675 357 743 6⁰
381 673 670 744 Deficere
714 671 1030 739 censenda
1066 677 1160 738 est
1194 669 1539 739 novitiatus
1568 671 1980 756 continuitaS,
2027 675 2079 744 si
2118 677 2214 744 vel
2270 680 2462 748 unico

199 793 532 859 momento
565 784 848 853 novitius
873 806 908 851 e
931 785 1314 853 monasterio
1342 785 1732 876 egrediatur,
1767 807 1921 856 cum
1957 791 2179 859 animo
2206 814 2334 861 non
2362 817 2471 864 re-

202 903 474 972 deundi.
507 899 694 968 Tunc
715 920 977 990 nempe,
1009 901 1062 966 si
1089 899 1236 966 facti
1270 901 1589 990 poenitens
1644 901 1903 984 rediret,
1960 905 2345 976 novitiatum
2392 909 2469 979 de

203 1037 376 1085 novo
395 1013 698 1084 inchoare
717 1013 972 1082 deberet
989 1013 1154 1105 (vide
1170 1014 1773 1103 Schmalzgrueber,
1795 1018 1863 1084 in
1888 1018 1982 1084 tit.
2014 1017 2092 1086 de
2110 1021 2468 1112 Requlari-

211 1132 353 1211 hm,
384 1152 454 1198 n.
480 1128 614 1218 69).
645 1127 832 1209 Quod
861 1129 916 1196 si
946 1127 1252 1208 novitius,
1281 1139 1535 1197 retento
1566 1129 1829 1219 habitu,
1866 1155 1981 1223 per
2008 1131 2197 1202 breve
2220 1142 2471 1227 tempus

207 1247 524 1336 aufugiat,
569 1265 697 1312 non
724 1249 1020 1313 censetur
1039 1242 1437 1333 interruptus
1458 1245 1804 1315 novitiatus
1832 1247 2231 1335 (Thesaurus
2248 1253 2473 1336 rasel„

209 1371 258 1430 t.
288 1360 354 1444 6,
391 1385 456 1452 p.
481 1357 638 1444 393,
667 1358 815 1428 edit.
847 1357 1318 1447 Romae1741).

303 1479 367 1544 7⁰
411 1475 478 1544 Si
524 1475 830 1558 novitius,
889 1473 968 1541 de
1017 1475 1426 1563 superiorum
1479 1473 1762 1558 licentia,
1800 1475 2125 1566 aliquanto
2167 1485 2474 1573 tempore,

211 1592 404 1660 etiam
423 1612 538 1684 per
551 1611 659 1658 sex
679 1609 925 1658 menses
954 1593 1129 1656 extra
1157 1595 1557 1658 conventum
1576 1599 1887 1678 moretur,
1906 1615 2036 1663 non
2054 1598 2369 1666 censenda
2388 1605 2482 1668 est

211 1705 481 1774 deficere
511 1703 820 1792 requisita
850 1704 930 1773 ad
968 1703 1252 1772 valorem
1283 1705 1688 1794 professionis
1732 1709 2119 1778 continuitas
2172 1711 2473 1800 (Reiffen-

210 1822 402 1907 stuel,
437 1822 506 1887 in
537 1821 631 1886 tit.
670 1817 748 1886 de
779 1818 1241 1910 .Reqularibu8‚
1277 1840 1342 1886 n.
1381 1819 1557 1910 107).
1626 1845 1659 1887 ι(
1688 1819 2044 1890 Novitiatus
2087 1846 2215 1893 non
2246 1827 2483 1896 dicitur

225 1962 263 2011 (ς
289 1937 713 2024 interruptuS‚
761 1931 818 2002 si
862 1933 1138 2003 novitius
1174 1941 1346 2002 extra
1372 1933 1643 2002 claustra
1684 1956 1759 2002 ex
1807 1931 1978 2025 justa
2019 1958 2208 2006 causa
2244 1947 2479 2007 etcum

230 2073 266 2113 ι(
305 2047 560 2116 licentia
602 2048 947 2138 superioris
969 2049 1155 2126 absit,
1179 2052 1360 2138 juxta
1405 2049 1787 2119 sententiam
1840 2071 2035 2139 quam
2077 2053 2367 2144 amplexa
2392 2063 2484 2124 est

224 2190 258 2228 a
285 2163 478 2232 Sacra
533 2163 978 2254 Congregatio.
1034 2193 1082 2232 ».
1121 2165 1350 2258 (Tomo
1397 2167 1440 2234 4
1484 2165 1797 2234 Thesauri
1846 2167 2071 2254 rosel„
2122 2171 2191 2237 in
2243 2170 2481 2254 indice,

215 2306 283 2372 p.
310 2280 468 2365 397,
497 2280 651 2349 edit.
684 2279 918 2350 Urbini
951 2282 1172 2375 1740).
2250 2375 2259 2384 ·

308 2397 373 2464 8⁰
429 2396 583 2466 ltem
644 2418 780 2466 non
837 2396 1054 2467 deficit
1093 2399 1405 2490 requisita
1456 2399 1867 2486 continuitas,
1931 2401 1983 2469 si
2046 2403 2327 2471 novitius
2374 2426 2486 2494 per

217 2513 440 2582 decem
525 2515 718 2584 etiam
789 2535 1039 2582 menses
1119 2513 1282 2582 lecto
1367 2517 1669 2586 infirmus
1755 2517 2103 2586 decumbat
2187 2519 2481 2612 (ibidem,

224 2653 294 2697 n.
334 2629 513 2721 108.)
2010 2633 2013 2638 ’

314 2745 382 2813 9⁰
428 2745 550 2827 Qui
602 2747 847 2840 expleto
903 2747 1154 2834 integro
1212 2750 1274 2811 et
1330 2743 1641 2812 continuo
1702 2745 2049 2814 novitiatus
2096 2768 2289 2832 anno,
2350 2759 2495 2818 ante

221 2863 520 2930 emissam
565 2861 1022 2954 professionem
1068 2859 1440 2943 dimittitur,
1474 2857 1573 2926 vel
1605 2863 1829 2948 sponte
1852 2859 2201 2947 egreditur,
2234 2863 2287 2928 si
2318 2871 2493 2951 post-

226 2977 497 3046 modum
543 2979 758 3047 redeat
794 2984 858 3046 et
903 2976 1279 3066 recipiatur,
1327 2975 1561 3068 poterit
1608 2973 1819 3042 statim
1885 2974 2122 3063 absque
2170 2997 2335 3044 novo
2376 3001 2491 3048 no-

221 3095 454 3162 vitiatu
491 3093 697 3162 valide
731 3092 1042 3184 profiteri,
1082 3093 1142 3160 si
1159 3113 1296 3160 non
1331 3087 1759 3158 intervenerit
1790 3089 2107 3158 notabilis
2142 3093 2434 3161 mutatio
2468 3119 2491 3161 .·

225 3234 409 3282 secus
450 3215 530 3301 si,
557 3213 658 3282 vel
703 3215 770 3280 in
812 3214 975 3305 ipso,
1015 3211 1114 3281 vel
1167 3209 1236 3279 in
1257 3211 1585 3300 religione·
1611 3207 1909 3278 notabilis
1956 3212 2227 3279 mutatio
2255 3213 2494 3284 interea

233 3329 578 3418 contigerit
601 3327 768 3419 (vide
823 3325 1390 3418 Scbmlzgrueber,
1443 3327 1514 3394 in
1582 3325 1847 3395 titulum
1893 3324 1972 3394 de
2023 3329 2485 3420 Reqularz’bus,

231 3467 302 3513 n.
334 3446 416 3512 70
445 3453 504 3510 et
533 3442 666 3534 71).

326 3561 431 3629 10ο
465 3558 790 3626 Professus
823 3558 938 3649 qui
964 3561 1192 3629 transit
1231 3581 1268 3629 a
1321 3579 1437 3625 sua
1488 3555 1795 3644 religione
1842 3557 1910 3624 in
1955 3555 2285 3626 diversum
2321 3561 2493 3628 ordi-

231 3699 410 3764 nem,
437 3676 634 3743 etiam
682 3674 899 3744 minus
938 3659 1261 3757 strictum,
1309 3672 1494 3741 debet
1541 3672 1631 3740 ibi
1676 3674 1929 3764 integro
1973 3695 2144 3742 anno
2190 3677 2259 3744 in
2303 3675 2493 3744 novi·-

227 3791 390 3857 tiatu
427 3789 710 3857 versari:
743 3809 926 3858 secus
981 3790 1164 3858 irrita
1197 3790 1314 3858 erit
1361 3809 1527 3855 nova
1569 3787 1651 3855 ab
1696 3789 1838 3880 ipso
1874 3789 2106 3858 emissa
2168 3790 2489 3879 professio.

227 3901 648 3974 Contrarium
719 3902 1069 3974 dicendum
1139 3907 1190 3972 si
1245 3909 1523 3973 transeat
1598 3904 1677 3972 ad
1762 3903 2140 3993 religionem
2206 3905 2495 3994 ejusdem

230 4015 484 4088 ordinis
536 4020 600 4084 et
671 4016 1090 4088 observantiae
1158 4021 1326 4108 (vide
1401 4016 2003 4108 Schmalzgrueber,
2072 4019 2263 4088 citato
2330 4020 2495 4097 loco,
2540 4097 2547 4106 ,

233 4159 304 4204 n.
339 4133 475 4226 75).

331 4251 436 4318 11⁰
503 4248 791 4319 Praefatis
845 4249 1122 4338 legibus,
1185 4252 1571 4322 novitiatum
1620 4248 2136 4338 respicientibus,
2197 4273 2326 4320 non
2356 4271 2506 4318 oon-

235 4365 658 4453 stringuntur
689 4365 1241 4453 congregationeS,
1303 4364 1368 4431 in
1411 4361 1648 4452 quibus
1682 4361 2005 4452 simplicia
2042 4365 2345 4434 duntaxat
2368 4368 2509 4431 vota

439 4487 488 4532 1.
2243 4488 2308 4534 ³7
