2834 4959
1115 306 1266 353 uns
1309 306 1527 355 mnu.
2377 302 2405 359 1
2422 304 2455 359 7

198 428 402 497 bilitas
463 450 598 497 non
653 428 882 496 existat
943 428 1249 497 duntaxat
1299 389 1378 497 de
1436 429 1644 510 facto,
1706 428 1815 497 sed
1864 450 1941 499 ex
1990 450 2182 501 causa
2243 434 2457 527 aliqua

189 546 468 638 perenni
495 566 642 613 eam
693 543 1056 613 inducente.
1087 541 1283 611 Porro
1312 543 1453 611 haec
1480 545 1703 613 omnia
1744 542 1815 611 in
1840 543 2225 639 Episcopatu
2264 571 2453 639 repe-

185 668 480 735 riantur.
545 662 904 755 Episcopus
964 684 1201 753 nempe
1269 681 1381 753 per
1451 665 1993 734 consecrationem
2049 669 2459 738 constituitur

191 812 352 860 cnm
397 788 798 880 plenitudine
827 784 1186 872 sacerdotii,
1219 792 1282 853 et
1315 786 1509 855 habet
1534 786 1967 857 characterem
2018 790 2455 874 indelebilem,

189 914 259 977 et
323 910 684 995 potestatem
740 900 990 971 ordinis
1039 900 1557 969 inamissibilem.
1601 899 1873 993 Insuper
1914 923 2065 971 cum
2116 904 2460 997 Episcopa-

193 1028 314 1087 tus
368 1018 452 1085 ad
501 1016 666 1085 bunc
719 1017 920 1085 finem
1001 1015 1190 1084 fuerit
1237 1014 1546 1083 divinitus
1612 1014 1970 1102 institutus,
2025 1025 2096 1087 ut
2150 1042 2264 1109 per
2308 1042 2459 1091 eum

203 1130 510 1199 homines
531 1131 604 1197 ad
651 1128 1052 1197 sanctitatem
1079 1134 1142 1196 et
1199 1130 1659 1219 perfectionem
1712 1130 2057 1217 ducantur,
2126 1137 2340 1205 statim
2388 1158 2462 1207 ac

217 1244 562 1335 Episcopus
615 1244 909 1334 regenda
958 1244 1154 1313 alicui
1191 1242 1491 1313 Ecclesiae
1536 1245 1827 1315 addictus
1864 1254 1991 1333 est,
2042 1248 2279 1339 ligatur
2323 1254 2465 1321 stri-

215 1360 496 1429 ctissima
521 1358 908 1447 obligatione
951 1359 1326 1427 commissas
1363 1360 1487 1427 sibi
1528 1361 1775 1428 animas
1804 1360 1876 1429 in
1901 1363 2129 1431 ordine
2158 1366 2235 1433 ad
2282 1374 2467 1435 aeter-

207 1496 364 1544 nam
393 1472 855 1541 beatitudinem
903 1471 1301 1561 perficiendi.
1337 1472 1675 1561 Ejusmodi
1718 1482 1931 1543 autem
1971 1476 2267 1570 Episcopi
2314 1500 2468 1551 con-

203 1588 392 1671 ditio,
433 1608 566 1655 non
617 1593 866 1655 tantum
917 1592 1012 1655 est
1058 1587 1395 1677 peculiaris
1446 1588 1715 1676 quidam
1764 1590 2072 1659 existendi
2123 1600 2185 1663 et
2213 1597 2467 1667 vivendi

208 1704 470 1785 modus»,
501 1702 606 1770 sed
657 1704 922 1792 insuper
977 1702 1205 1769 modus
1252 1701 1358 1770 ille
1395 1702 1643 1771 stabilis
1692 1705 1978 1773 redditur
2018 1729 2094 1776 ex
2135 1730 2327 1779 causa
2375 1713 2455 1781 de

209 1818 572 1907 seperenni
615 1836 728 1885 seu
764 1823 1203 1907 permanente.
1269 1841 1303 1879 α
1353 1814 1718 1885 Dicendum
1769 1826 1886 1902 est,
1936 1821 2148 1909 inquit
2208 1820 2467 1911 suarez,

231 1932 743 2023 «Episcopatum
783 1930 1014 1999 habere
1061 1931 2055 2022 absolutam-immutabilitatem
2112 1936 2465 2020 moralem;

233 2074 272 2115 ε
293 2048 438 2139 qnia
463 2070 532 2116 eo
559 2048 702 2137 ipso
724 2046 898 2137 quod
925 2046 1123 2114 semel
1159 2050 1553 2135 acceptatur,
1612 2064 1830 2113 secum
1869 2044 2051 2116 affert
2096 2056 2469 2141 perpetuam

219 2188 256 2229 ι
279 2163 742 2252 obligationem
790 2160 1212 2252 permanendi
1251 2160 1322 2227 in
1359 2160 1469 2229 tali
1510 2180 1822 2243 munere3
1864 2161 1953 2229 ita
1990 2170 2060 2230 ut
2097 2185 2228 2231 non
2278 2168 2475 2255 possit

213 2306 250 2347 it
283 2300 408 2371 pro
431 2277 700 2345 arbitrio
747 2276 1012 2367 proprio
1057 2274 1362 2364 relinqui.
1413 2300 1449 2339 i>
1516 2275 1635 2365 (De
1680 2276 2037 2367 Reliqione‚
2084 2286 2351 2349 tractatu
2407 2284 2473 2369 7,

202 2396 254 2464 1.
318 2396 386 2477 l,
433 2414 497 2461 c.
563 2392 668 2472 15,
720 2413 790 2459 n.
835 2389 972 2483 Η.)
1022 2388 1207 2472 Quod
1267 2392 1322 2458 si
1370 2390 1714 2479 objiciatur
1767 2392 2225 2482 obligationem
2292 2398 2474 2469 illam

205 2506 514 2601 Episcopi
565 2526 748 2574 suam
799 2504 1149 2576 Ecclesiam
1193 2524 1531 2595 nunquam
1581 2524 1654 2570 ex
1694 2509 1955 2595 propria
1992 2508 2317 2579 voluntate
2362 2512 2476 2581 de-

208 2622 494 2704 serendi,
559 2642 688 2689 non
761 2620 916 2688 oriri
1001 2618 1096 2709 (ut
1175 2624 1344 2686 tenet
1423 2622 1835 2687 communior
1931 2622 2267 2693 doctorum
2332 2648 2481 2697 sen-

215 2736 444 2823 tentia)
486 2757 558 2801 ex
613 2734 748 2801 ullo
787 2733 1004 2803 divino
1053 2736 1227 2821 jure,
1277 2732 1619 2822 respondet
1662 2732 1979 2817 laudatus,
2036 2735 2273 2807 Suarez
2324 2766 2360 2806 «
2401 2742 2479 2810 ad

222 2848 885 2919 «immutabilitatem
939 2856 1138 2917 status
1191 2848 1491 2937 Episcopi
1536 2847 1829 2920 sufficere
1912 2851 2221 2920 moralem
2306 2853 2477 2922 obli-

227 2985 272 3025 «
299 2959 614 3051 gationem
653 2954 1074 3049 permanendi
1109 2955 1178 3023 in
1229 2952 1345 3021 illo
1391 2976 1692 3039 munere,
1738 2961 1945 3022 ortam
1991 2976 2065 3023 ex
2105 2963 2289 3046 pacto
2322 2959 2481 3029 inito

225 3102 266 3141 α
297 3096 456 3145 cum
495 3072 802 3157 Ecclesia,
842 3072 1096 3146 incluso
1132 3071 1202 3137 in
1231 3070 1367 3161 ipsa
1406 3068 1831 3159 acceptatione
1874 3068 2290 3161 Episcopatus
2332 3096 2481 3144 cum

225 3218 264 3257 «ι
294 3187 772 3259 conditionibus
823 3184 1210 3277 praescriptis
1234 3234 1253 3267 ,
1306 3182 1402 3256 vel
1458 3204 1529 3249 ex
1572 3188 1799 3249 mutuo
1861 3204 2177 3252 consensu
2229 3168 2481 3257 contrass

235 3330 276 3369 α
303 3304 592 3372 hentium
617 3352 637 3387 ,
683 3299 784 3368 vel
830 3320 900 3367 ex
923 3302 1074 3389 jure
1104 3298 1456 3389 pontificio.
1502 3296 1647 3365 Imo
1695 3297 1988 3365 existimo
2040 3300 2122 3367 ad
2171 3306 2483 3375 rationem

231 3440 272 3479 «
301 3422 496 3483 status
555 3414 852 3483 sufficere
913 3420 1170 3504 pactum
1213 3412 1293 3478 de
1343 3433 1410 3479 se
1458 3416 1865 3501 perpetuum,
1912 3432 1949 3481 a
2008 3435 2139 3504 quo
2195 3421 2488 3489 recedire

227 3556 266 3595 α
293 3532 446 3621 quis
479 3552 612 3599 non
637 3531 834 3621 possit
859 3528 998 3597 sine
1021 3548 1342 3596 consensu
1367 3528 1629 3594 alterius
1672 3528 2129 3601 contrahentis.
2181 3533 2483 3621 Ideoque,

223 3673 264 3711 α
293 3646 508 3715 liceta
539 3644 960 3713 Pontificibus
1002 3664 1130 3711 non
1174 3649 1334 3709 esset
1369 3638 1581 3709 addita
1612 3641 1719 3709 illa
1746 3644 2021 3713 conditio
2047 3700 2064 3729 ‚
2108 3647 2277 3736 quod
2328 3646 2489 3735 Epi-

225 3788 264 3825 α
291 3784 528 3853 scopus
557 3782 689 3829 non
717 3762 912 3850 possit
937 3760 1228 3828 deserere
1253 3780 1437 3825 suam
1484 3756 1831 3826 Ecclesiam
1872 3762 2012 3828 sine
2042 3784 2155 3829 sua
2203 3762 2483 3843 licentia,

223 3906 264 3944 κ
293 3882 447 3958 satis
471 3886 634 3948 esset
677 3879 758 3947 ad
803 3878 1116 3945 rationem
1149 3882 1369 3959 status,
1402 3876 1573 3965 quod
1626 3896 1757 3943 non
1803 3879 1997 3966 possit
2049 3878 2226 3943 illam
2274 3876 2495 3947 dimit·

219 4024 260 4063 α
293 3995 596 4066 tere·sine
621 4014 936 4062 consensu
967 3992 1168 4083 ipsius
1199 3988 1524 4077 Ecclesiae,
1556 4012 1670 4058 seu
1710 3991 2113 4080 eligentium.
2150 3989 2313 4070 Quia
2360 3996 2493 4065 haec

221 4110 790 4181 «immutabilitas
842 4105 1198 4176 necessaria
1237 4104 1320 4175 ad
1371 4112 1635 4186 statum,
1696 4124 1829 4173 non
1883 4112 1977 4172 est
2034 4108 2492 4201 metaphysica,

220 4253 259 4292 α
291 4226 410 4296 sed
441 4224 728 4309 moralis,
759 4230 822 4293 et
847 4221 990 4292 ideo
1013 4244 1130 4315 per
1156 4220 1366 4290 solum
1391 4226 1655 4313 pactum
1697 4220 1947 4288 firmari
1977 4230 2198 4313 potest.
2234 4250 2265 4289 υ
2306 4224 2501 4315 (Loco

213 4345 449 4429 citato,
485 4364 551 4409 n.
595 4340 734 4431 28.)
835 4350 841 4355 “

477 4464 526 4510 1.
2236 4461 2265 4505 ς
