<?xml version="1.0" encoding="UTF-8"?>
<!DOCTYPE html PUBLIC "-//W3C//DTD XHTML 1.0 Transitional//EN"
    "http://www.w3.org/TR/xhtml1/DTD/xhtml1-transitional.dtd">
<html xmlns="http://www.w3.org/1999/xhtml" xml:lang="en" lang="en">
 <head>
  <title>
</title>
<meta http-equiv="Content-Type" content="text/html;charset=utf-8" />
  <meta name='ocr-system' content='tesseract 3.04.00' />
  <meta name='ocr-capabilities' content='ocr_page ocr_carea ocr_par ocr_line ocrx_word'/>
</head>
<body>
  <div class='ocr_page' id='page_1' title='image "./tractatusdejure01unkngoog_0420.png"; bbox 0 0 2834 4959; ppageno 0'>
   <div class='ocr_carea' id='block_1_1' title="bbox 400 350 2698 567">
    <p class='ocr_par' dir='ltr' id='par_1_1' title="bbox 400 350 2698 567">
     <span class='ocr_line' id='line_1_1' title="bbox 406 350 2114 407; baseline -0.005 0"><span class='ocrx_word' id='word_1_1' title='bbox 406 350 532 407; x_wconf 76' lang='lat'><strong>402</strong></span> <span class='ocrx_word' id='word_1_2' title='bbox 979 352 1317 401; x_wconf 63' lang='lat' dir='ltr'><strong>rascrmss</strong></span> <span class='ocrx_word' id='word_1_3' title='bbox 1359 354 1441 401; x_wconf 83' lang='lat' dir='ltr'><strong>m:</strong></span> <span class='ocrx_word' id='word_1_4' title='bbox 1485 352 1638 401; x_wconf 76' lang='lat' dir='ltr'><strong>suas</strong></span> <span class='ocrx_word' id='word_1_5' title='bbox 1691 350 2114 401; x_wconf 71' lang='lat' dir='ltr'><strong>assummu.</strong></span> 
     </span>
     <span class='ocr_line' id='line_1_2' title="bbox 400 469 2698 567; baseline -0.001 -16"><span class='ocrx_word' id='word_1_6' title='bbox 400 473 979 553; x_wconf 84' lang='lat' dir='ltr'><strong>ecclesiasticorum</strong></span> <span class='ocrx_word' id='word_1_7' title='bbox 1006 473 1326 545; x_wconf 74' lang='lat' dir='ltr'>invasioni</span> <span class='ocrx_word' id='word_1_8' title='bbox 1372 493 1640 566; x_wconf 88' lang='lat' dir='ltr'><strong>operam</strong></span> <span class='ocrx_word' id='word_1_9' title='bbox 1674 471 2032 543; x_wconf 78' lang='lat' dir='ltr'><strong>contulere.</strong></span> <span class='ocrx_word' id='word_1_10' title='bbox 2063 469 2362 543; x_wconf 77' lang='lat' dir='ltr'><strong>Profecto</strong></span> <span class='ocrx_word' id='word_1_11' title='bbox 2389 478 2532 567; x_wconf 88' lang='lat' dir='ltr'><strong>qui,</strong></span> <span class='ocrx_word' id='word_1_12' title='bbox 2567 500 2698 548; x_wconf 87' lang='lat' dir='ltr'><strong>non</strong></span> 
     </span>
    </p>
   </div>
   <div class='ocr_carea' id='block_1_2' title="bbox 398 580 2805 795">
    <p class='ocr_par' dir='ltr' id='par_1_2' title="bbox 398 580 2805 795">
     <span class='ocr_line' id='line_1_3' title="bbox 400 580 2805 709; baseline 0 -48"><span class='ocrx_word' id='word_1_13' title='bbox 400 590 805 661; x_wconf 71' lang='lat' dir='ltr'><strong>obstantibus</strong></span> <span class='ocrx_word' id='word_1_14' title='bbox 850 589 1029 661; x_wconf 84' lang='lat' dir='ltr'><strong>hisce</strong></span> <span class='ocrx_word' id='word_1_15' title='bbox 1066 589 1501 673; x_wconf 82' lang='lat' dir='ltr'><strong>consectariis,</strong></span> <span class='ocrx_word' id='word_1_16' title='bbox 1537 586 1832 660; x_wconf 60' lang='lat' dir='ltr'><strong>saeculari</strong></span> <span class='ocrx_word' id='word_1_17' title='bbox 1872 586 2002 677; x_wconf 81' lang='lat' dir='ltr'><strong>legi</strong></span> <span class='ocrx_word' id='word_1_18' title='bbox 2039 580 2195 657; x_wconf 57' lang='lat' dir='ltr'><strong>vim*</strong></span> <span class='ocrx_word' id='word_1_19' title='bbox 2209 588 2442 659; x_wconf 84' lang='lat' dir='ltr'><strong>tribuit</strong></span> <span class='ocrx_word' id='word_1_20' title='bbox 2483 593 2697 682; x_wconf 83' lang='lat' dir='ltr'><strong>impe·</strong></span> <span class='ocrx_word' id='word_1_21' title='bbox 2803 648 2805 709; x_wconf 48' lang='lat'><em>3</em></span> 
     </span>
     <span class='ocr_line' id='line_1_4' title="bbox 398 702 2805 795; baseline 0.001 -20"><span class='ocrx_word' id='word_1_22' title='bbox 398 702 649 787; x_wconf 86' lang='lat' dir='ltr'><strong>diendi,</strong></span> <span class='ocrx_word' id='word_1_23' title='bbox 680 726 763 775; x_wconf 86' lang='lat' dir='ltr'><strong>ne</strong></span> <span class='ocrx_word' id='word_1_24' title='bbox 790 702 1238 776; x_wconf 66' lang='lat' dir='ltr'><strong>ecclesiasticas</strong></span> <span class='ocrx_word' id='word_1_25' title='bbox 1260 712 1325 774; x_wconf 89' lang='lat' dir='ltr'><strong>et</strong></span> <span class='ocrx_word' id='word_1_26' title='bbox 1348 702 1669 795; x_wconf 73' lang='lat' dir='ltr'><strong>religiosae</strong></span> <span class='ocrx_word' id='word_1_27' title='bbox 1693 702 2198 775; x_wconf 80' lang='lat' dir='ltr'><strong>communitates</strong></span> <span class='ocrx_word' id='word_1_28' title='bbox 2206 703 2396 795; x_wconf 73' lang='lat' dir='ltr'><strong>juste</strong></span> <span class='ocrx_word' id='word_1_29' title='bbox 2417 706 2486 775; x_wconf 83' lang='lat' dir='ltr'><strong>in</strong></span> <span class='ocrx_word' id='word_1_30' title='bbox 2513 728 2698 777; x_wconf 87' lang='lat' dir='ltr'><strong>com·</strong></span> <span class='ocrx_word' id='word_1_31' title='bbox 2803 720 2805 765; x_wconf 70' lang='lat' dir='ltr'><strong>i</strong></span> 
     </span>
    </p>
   </div>
   <div class='ocr_carea' id='block_1_3' title="bbox 400 818 2694 1031">
    <p class='ocr_par' dir='ltr' id='par_1_3' title="bbox 400 818 2694 1031">
     <span class='ocr_line' id='line_1_5' title="bbox 400 818 2694 913; baseline 0.001 -20"><span class='ocrx_word' id='word_1_32' title='bbox 400 823 591 893; x_wconf 87' lang='lat' dir='ltr'><strong>muni</strong></span> <span class='ocrx_word' id='word_1_33' title='bbox 642 820 963 913; x_wconf 83' lang='lat' dir='ltr'><strong>possidere</strong></span> <span class='ocrx_word' id='word_1_34' title='bbox 1003 821 1285 903; x_wconf 74' lang='lat' dir='ltr'><strong>valeant,</strong></span> <span class='ocrx_word' id='word_1_35' title='bbox 1332 841 1470 891; x_wconf 85' lang='lat' dir='ltr'><strong>uon</strong></span> <span class='ocrx_word' id='word_1_36' title='bbox 1517 840 1638 912; x_wconf 84' lang='lat' dir='ltr'><strong>pro</strong></span> <span class='ocrx_word' id='word_1_37' title='bbox 1681 818 2020 901; x_wconf 84' lang='lat' dir='ltr'><strong>catholico,</strong></span> <span class='ocrx_word' id='word_1_38' title='bbox 2067 820 2182 889; x_wconf 85' lang='lat' dir='ltr'><strong>sed</strong></span> <span class='ocrx_word' id='word_1_39' title='bbox 2231 842 2350 911; x_wconf 80' lang='lat' dir='ltr'><strong>pro</strong></span> <span class='ocrx_word' id='word_1_40' title='bbox 2394 820 2694 895; x_wconf 65' lang='lat' dir='ltr'><strong>Ecclesiae</strong></span> 
     </span>
     <span class='ocr_line' id='line_1_6' title="bbox 400 936 2027 1031; baseline -0.002 -22"><span class='ocrx_word' id='word_1_41' title='bbox 400 938 729 1009; x_wconf 80' lang='lat' dir='ltr'><strong>catholicae</strong></span> <span class='ocrx_word' id='word_1_42' title='bbox 755 939 1076 1031; x_wconf 75' lang='lat' dir='ltr'><strong>proditore</strong></span> <span class='ocrx_word' id='word_1_43' title='bbox 1096 958 1172 1009; x_wconf 85' lang='lat' dir='ltr'><strong>ac</strong></span> <span class='ocrx_word' id='word_1_44' title='bbox 1195 937 1520 1007; x_wconf 81' lang='lat' dir='ltr'><strong>desertore</strong></span> <span class='ocrx_word' id='word_1_45' title='bbox 1539 936 1878 1007; x_wconf 85' lang='lat' dir='ltr'><strong>habendus</strong></span> <span class='ocrx_word' id='word_1_46' title='bbox 1909 940 2027 1005; x_wconf 86' lang='lat' dir='ltr'><strong>est.</strong></span> 
     </span>
    </p>
   </div>
   <div class='ocr_carea' id='block_1_4' title="bbox 1234 1300 1672 1374">
    <p class='ocr_par' dir='ltr' id='par_1_4' title="bbox 1234 1300 1672 1374">
     <span class='ocr_line' id='line_1_7' title="bbox 1234 1300 1672 1374; baseline -0.005 -1"><span class='ocrx_word' id='word_1_47' title='bbox 1234 1300 1518 1374; x_wconf 85' lang='lat' dir='ltr'>CAPUT</span> <span class='ocrx_word' id='word_1_48' title='bbox 1555 1300 1672 1371; x_wconf 90' lang='lat'><em>111.</em></span> 
     </span>
    </p>
   </div>
   <div class='ocr_carea' id='block_1_5' title="bbox 396 1516 2692 1783">
    <p class='ocr_par' dir='ltr' id='par_1_5' title="bbox 396 1516 2692 1783">
     <span class='ocr_line' id='line_1_8' title="bbox 396 1516 2692 1586; baseline -0.002 -9"><span class='ocrx_word' id='word_1_49' title='bbox 396 1530 511 1577; x_wconf 81' lang='lat' dir='ltr'><strong>LEX</strong></span> <span class='ocrx_word' id='word_1_50' title='bbox 554 1526 925 1586; x_wconf 73' lang='lat' dir='ltr'>SAEGULARIS,</span> <span class='ocrx_word' id='word_1_51' title='bbox 972 1516 1484 1573; x_wconf 63' lang='lat' dir='ltr'><strong>Incaraclnrssu</strong></span> <span class='ocrx_word' id='word_1_52' title='bbox 1525 1523 1774 1574; x_wconf 72' lang='lat' dir='ltr'><strong>nouum</strong></span> <span class='ocrx_word' id='word_1_53' title='bbox 1819 1524 1882 1571; x_wconf 76' lang='lat' dir='ltr'><strong>m</strong></span> <span class='ocrx_word' id='word_1_54' title='bbox 1929 1522 2258 1573; x_wconf 63' lang='lat' dir='ltr'>RBHOEOSIS</span> <span class='ocrx_word' id='word_1_55' title='bbox 2297 1524 2424 1573; x_wconf 64' lang='lat' dir='ltr'><strong>Non</strong></span> <span class='ocrx_word' id='word_1_56' title='bbox 2457 1526 2692 1573; x_wconf 72' lang='lat' dir='ltr'><strong>AGNOS·</strong></span> 
     </span>
     <span class='ocr_line' id='line_1_9' title="bbox 478 1622 2686 1687; baseline 0 -16"><span class='ocrx_word' id='word_1_57' title='bbox 478 1624 698 1687; x_wconf 75' lang='lat' dir='ltr'><strong>GENDO,</strong></span> <span class='ocrx_word' id='word_1_58' title='bbox 746 1622 1125 1679; x_wconf 64' lang='lat' dir='ltr'><strong>NEQUAQUAU</strong></span> <span class='ocrx_word' id='word_1_59' title='bbox 1168 1624 1428 1673; x_wconf 64' lang='lat' dir='ltr'><strong>mmmm·</strong></span> <span class='ocrx_word' id='word_1_60' title='bbox 1495 1622 2000 1671; x_wconf 68' lang='lat' dir='ltr'>INGAPACITATEH</span> <span class='ocrx_word' id='word_1_61' title='bbox 2042 1622 2220 1672; x_wconf 50' lang='lat' dir='ltr'><strong>mnu</strong></span> <span class='ocrx_word' id='word_1_62' title='bbox 2263 1625 2306 1670; x_wconf 74' lang='lat' dir='ltr'>A</span> <span class='ocrx_word' id='word_1_63' title='bbox 2359 1624 2508 1673; x_wconf 73' lang='lat' dir='ltr'><strong>LEGE</strong></span> <span class='ocrx_word' id='word_1_64' title='bbox 2561 1624 2686 1671; x_wconf 75' lang='lat' dir='ltr'><strong>Ec-</strong></span> 
     </span>
     <span class='ocr_line' id='line_1_10' title="bbox 480 1720 2362 1783; baseline -0.002 -14"><span class='ocrx_word' id='word_1_65' title='bbox 480 1722 873 1769; x_wconf 78' lang='lat' dir='ltr'>CLESIASTICA</span> <span class='ocrx_word' id='word_1_66' title='bbox 916 1722 1369 1783; x_wconf 70' lang='lat' dir='ltr'><strong>mruonuc‘mu,</strong></span> <span class='ocrx_word' id='word_1_67' title='bbox 1422 1722 1499 1767; x_wconf 79' lang='lat' dir='ltr'><strong>ET</strong></span> <span class='ocrx_word' id='word_1_68' title='bbox 1544 1720 1835 1769; x_wconf 66' lang='lat' dir='ltr'>VOTORUH</span> <span class='ocrx_word' id='word_1_69' title='bbox 1876 1720 2362 1769; x_wconf 62' lang='lat' dir='ltr'><strong>sonssunrrxrnu.</strong></span> 
     </span>
    </p>
   </div>
   <div class='ocr_carea' id='block_1_6' title="bbox 394 1948 2682 2304">
    <p class='ocr_par' dir='ltr' id='par_1_6' title="bbox 394 1934 2682 2304">
     <span class='ocr_line' id='line_1_11' title="bbox 485 1948 2679 2071; baseline 0 -25"><span class='ocrx_word' id='word_1_70' title='bbox 485 1948 965 2049; x_wconf 53' lang='lat' dir='ltr'><strong>Proerzotantia.</strong></span> <span class='ocrx_word' id='word_1_71' title='bbox 988 2016 1079 2035; x_wconf 86' lang='lat'><strong>--</strong></span> <span class='ocrx_word' id='word_1_72' title='bbox 1096 1983 1170 2050; x_wconf 69' lang='lat'><strong>4⁰</strong></span> <span class='ocrx_word' id='word_1_73' title='bbox 1203 1981 1264 2048; x_wconf 82' lang='lat' dir='ltr'><strong>A</strong></span> <span class='ocrx_word' id='word_1_74' title='bbox 1289 1980 1492 2071; x_wconf 88' lang='lat' dir='ltr'><strong>posita</strong></span> <span class='ocrx_word' id='word_1_75' title='bbox 1519 1978 2299 2068; x_wconf 82' lang='lat' dir='ltr'><strong>conclusione‚-tanquam</strong></span> <span class='ocrx_word' id='word_1_76' title='bbox 2329 1978 2679 2065; x_wconf 85' lang='lat' dir='ltr'><strong>a&#39;cardine,</strong></span> 
     </span>
     <span class='ocr_line' id='line_1_12' title="bbox 394 2086 2678 2188; baseline 0.001 -24"><span class='ocrx_word' id='word_1_77' title='bbox 394 2100 525 2165; x_wconf 88' lang='lat' dir='ltr'><strong>tota</strong></span> <span class='ocrx_word' id='word_1_78' title='bbox 561 2097 800 2186; x_wconf 79' lang='lat' dir='ltr'><strong>pendet</strong></span> <span class='ocrx_word' id='word_1_79' title='bbox 836 2096 1075 2166; x_wconf 89' lang='lat' dir='ltr'><strong>solutio</strong></span> <span class='ocrx_word' id='word_1_80' title='bbox 1094 2086 1512 2188; x_wconf 57' lang='lat' dir='ltr'><strong>&#39;gravissimoe</strong></span> <span class='ocrx_word' id='word_1_81' title='bbox 1565 2094 1974 2185; x_wconf 78' lang='lat' dir='ltr'><strong>quaestionis,</strong></span> <span class='ocrx_word' id='word_1_82' title='bbox 2013 2114 2114 2169; x_wconf 88' lang='lat' dir='ltr'><strong>an.</strong></span> <span class='ocrx_word' id='word_1_83' title='bbox 2141 2094 2336 2164; x_wconf 87' lang='lat' dir='ltr'><strong>hodie</strong></span> <span class='ocrx_word' id='word_1_84' title='bbox 2375 2096 2678 2166; x_wconf 85' lang='lat' dir='ltr'><strong>solemnia</strong></span> 
     </span>
     <span class='ocr_line' id='line_1_13' title="bbox 394 2208 2682 2304; baseline 0.001 -25"><span class='ocrx_word' id='word_1_85' title='bbox 394 2228 531 2279; x_wconf 85' lang='lat' dir='ltr'><strong>esse</strong></span> <span class='ocrx_word' id='word_1_86' title='bbox 580 2212 825 2300; x_wconf 83' lang='lat' dir='ltr'><strong>possint</strong></span> <span class='ocrx_word' id='word_1_87' title='bbox 874 2213 945 2281; x_wconf 89' lang='lat' dir='ltr'><strong>in</strong></span> <span class='ocrx_word' id='word_1_88' title='bbox 995 2212 1204 2283; x_wconf 88' lang='lat' dir='ltr'><strong>Gallia</strong></span> <span class='ocrx_word' id='word_1_89' title='bbox 1248 2212 1702 2303; x_wconf 86' lang='lat' dir='ltr'><strong>religiosorum</strong></span> <span class='ocrx_word' id='word_1_90' title='bbox 1761 2218 1926 2281; x_wconf 85' lang='lat' dir='ltr'><strong>vota.</strong></span> <span class='ocrx_word' id='word_1_91' title='bbox 1975 2208 2236 2281; x_wconf 82' lang='lat' dir='ltr'><strong>Etenim</strong></span> <span class='ocrx_word' id='word_1_92' title='bbox 2290 2212 2406 2301; x_wconf 83' lang='lat' dir='ltr'><strong>qui</strong></span> <span class='ocrx_word' id='word_1_93' title='bbox 2448 2221 2682 2304; x_wconf 84' lang='lat' dir='ltr'><strong>negant</strong></span> 
     </span>
    </p>
   </div>
   <div class='ocr_carea' id='block_1_7' title="bbox 396 2318 2811 2421">
    <p class='ocr_par' dir='ltr' id='par_1_7' title="bbox 396 2318 2811 2421">
     <span class='ocr_line' id='line_1_14' title="bbox 396 2318 2811 2421; baseline 0.002 -28"><span class='ocrx_word' id='word_1_94' title='bbox 396 2323 567 2393; x_wconf 86' lang='lat' dir='ltr'><strong>hanc</strong></span> <span class='ocrx_word' id='word_1_95' title='bbox 614 2326 1085 2397; x_wconf 73' lang='lat' dir='ltr'><strong>solemnitatem</strong></span> <span class='ocrx_word' id='word_1_96' title='bbox 1133 2336 1300 2398; x_wconf 83' lang='lat' dir='ltr'><strong>stare</strong></span> <span class='ocrx_word' id='word_1_97' title='bbox 1337 2350 1522 2421; x_wconf 88' lang='lat' dir='ltr'><strong>posse</strong></span> <span class='ocrx_word' id='word_1_98' title='bbox 1563 2350 1720 2399; x_wconf 89' lang='lat' dir='ltr'><strong>cum</strong></span> <span class='ocrx_word' id='word_1_99' title='bbox 1770 2326 2104 2398; x_wconf 86' lang='lat' dir='ltr'><strong>hodiernis</strong></span> <span class='ocrx_word' id='word_1_100' title='bbox 2149 2326 2378 2397; x_wconf 75' lang='lat' dir='ltr'><strong>Galliae</strong></span> <span class='ocrx_word' id='word_1_101' title='bbox 2429 2328 2680 2419; x_wconf 79' lang='lat' dir='ltr'><strong>legibus</strong></span> <span class='ocrx_word' id='word_1_102' title='bbox 2809 2318 2811 2359; x_wconf 75' lang='lat'><em>³</em></span> 
     </span>
    </p>
   </div>
   <div class='ocr_carea' id='block_1_8' title="bbox 332 2439 2685 4269">
    <p class='ocr_par' dir='ltr' id='par_1_8' title="bbox 332 2439 2685 4269">
     <span class='ocr_line' id='line_1_15' title="bbox 396 2439 2681 2533; baseline 0.001 -26"><span class='ocrx_word' id='word_1_103' title='bbox 396 2439 672 2508; x_wconf 88' lang='lat' dir='ltr'><strong>libenter</strong></span> <span class='ocrx_word' id='word_1_104' title='bbox 717 2444 1105 2533; x_wconf 87' lang='lat' dir='ltr'><strong>concedunt,</strong></span> <span class='ocrx_word' id='word_1_105' title='bbox 1160 2444 1299 2513; x_wconf 77' lang='lat' dir='ltr'><strong>vim</strong></span> <span class='ocrx_word' id='word_1_106' title='bbox 1346 2464 1480 2513; x_wconf 86' lang='lat' dir='ltr'><strong>non</strong></span> <span class='ocrx_word' id='word_1_107' title='bbox 1533 2444 1772 2515; x_wconf 90' lang='lat' dir='ltr'><strong>habere</strong></span> <span class='ocrx_word' id='word_1_108' title='bbox 1823 2444 1932 2513; x_wconf 85' lang='lat' dir='ltr'><strong>illa</strong></span> <span class='ocrx_word' id='word_1_109' title='bbox 1987 2441 2316 2513; x_wconf 79' lang='lat' dir='ltr'><strong>saecularis</strong></span> <span class='ocrx_word' id='word_1_110' title='bbox 2359 2444 2681 2533; x_wconf 85' lang='lat' dir='ltr'><strong>potestatis</strong></span> 
     </span>
     <span class='ocr_line' id='line_1_16' title="bbox 396 2557 2685 2653; baseline 0 -26"><span class='ocrx_word' id='word_1_111' title='bbox 396 2557 648 2628; x_wconf 84' lang='lat' dir='ltr'><strong>decreta</strong></span> <span class='ocrx_word' id='word_1_112' title='bbox 688 2558 931 2631; x_wconf 80' lang='lat' dir='ltr'><strong>directe</strong></span> <span class='ocrx_word' id='word_1_113' title='bbox 970 2562 1365 2653; x_wconf 84' lang='lat' dir='ltr'><strong>impediendi</strong></span> <span class='ocrx_word' id='word_1_114' title='bbox 1408 2584 1492 2631; x_wconf 89' lang='lat' dir='ltr'><strong>ne</strong></span> <span class='ocrx_word' id='word_1_115' title='bbox 1533 2563 1851 2633; x_wconf 85' lang='lat' dir='ltr'><strong>solemnia</strong></span> <span class='ocrx_word' id='word_1_116' title='bbox 1897 2562 2028 2633; x_wconf 87' lang='lat' dir='ltr'><strong>sint</strong></span> <span class='ocrx_word' id='word_1_117' title='bbox 2071 2561 2372 2633; x_wconf 88' lang='lat' dir='ltr'><strong>castitatis</strong></span> <span class='ocrx_word' id='word_1_118' title='bbox 2411 2568 2476 2629; x_wconf 87' lang='lat' dir='ltr'><strong>et</strong></span> <span class='ocrx_word' id='word_1_119' title='bbox 2529 2560 2685 2629; x_wconf 83' lang='lat' dir='ltr'><strong>obe-</strong></span> 
     </span>
     <span class='ocr_line' id='line_1_17' title="bbox 394 2674 2682 2772; baseline 0.001 -30"><span class='ocrx_word' id='word_1_120' title='bbox 394 2674 655 2745; x_wconf 78' lang='lat' dir='ltr'><strong>dientiae</strong></span> <span class='ocrx_word' id='word_1_121' title='bbox 693 2684 861 2747; x_wconf 78' lang='lat' dir='ltr'><strong>vota.</strong></span> <span class='ocrx_word' id='word_1_122' title='bbox 892 2678 979 2747; x_wconf 86' lang='lat' dir='ltr'><strong>At</strong></span> <span class='ocrx_word' id='word_1_123' title='bbox 1024 2679 1241 2769; x_wconf 88' lang='lat' dir='ltr'><strong>plane,</strong></span> <span class='ocrx_word' id='word_1_124' title='bbox 1290 2680 1630 2770; x_wconf 89' lang='lat' dir='ltr'><strong>inquiunt,</strong></span> <span class='ocrx_word' id='word_1_125' title='bbox 1685 2682 1815 2751; x_wconf 84' lang='lat' dir='ltr'><strong>voti</strong></span> <span class='ocrx_word' id='word_1_126' title='bbox 1855 2680 2252 2772; x_wconf 80' lang='lat' dir='ltr'><strong>paupertatis</strong></span> <span class='ocrx_word' id='word_1_127' title='bbox 2291 2674 2682 2747; x_wconf 81' lang='lat' dir='ltr'><strong>solemnitati</strong></span> 
     </span>
     <span class='ocr_line' id='line_1_18' title="bbox 332 2782 2675 2888; baseline 0.001 -29"><span class='ocrx_word' id='word_1_128' title='bbox 332 2782 337 2787; x_wconf 72' lang='grc'><em>’</em></span> <span class='ocrx_word' id='word_1_129' title='bbox 392 2788 685 2880; x_wconf 88' lang='lat' dir='ltr'><strong>obstant;</strong></span> <span class='ocrx_word' id='word_1_130' title='bbox 728 2794 1051 2885; x_wconf 87' lang='lat' dir='ltr'><strong>siquidem</strong></span> <span class='ocrx_word' id='word_1_131' title='bbox 1112 2796 1404 2866; x_wconf 87' lang='lat' dir='ltr'><strong>solemne</strong></span> <span class='ocrx_word' id='word_1_132' title='bbox 1449 2818 1584 2866; x_wconf 88' lang='lat' dir='ltr'><strong>esse</strong></span> <span class='ocrx_word' id='word_1_133' title='bbox 1635 2796 1868 2888; x_wconf 85' lang='lat' dir='ltr'><strong>nequit</strong></span> <span class='ocrx_word' id='word_1_134' title='bbox 1922 2802 2150 2867; x_wconf 78' lang='lat' dir='ltr'><strong>votum</strong></span> <span class='ocrx_word' id='word_1_135' title='bbox 2217 2794 2384 2865; x_wconf 90' lang='lat' dir='ltr'><strong>illud</strong></span> <span class='ocrx_word' id='word_1_136' title='bbox 2433 2792 2675 2885; x_wconf 86' lang='lat' dir='ltr'><strong>absque</strong></span> 
     </span>
     <span class='ocr_line' id='line_1_19' title="bbox 392 2906 2682 3004; baseline 0.001 -29"><span class='ocrx_word' id='word_1_137' title='bbox 392 2906 817 2999; x_wconf 80' lang='lat' dir='ltr'><strong>incapacitate</strong></span> <span class='ocrx_word' id='word_1_138' title='bbox 839 2910 1156 3001; x_wconf 84' lang='lat' dir='ltr'><strong>dominii3</strong></span> <span class='ocrx_word' id='word_1_139' title='bbox 1200 2932 1398 3002; x_wconf 84' lang='lat' dir='ltr'><strong>quarn</strong></span> <span class='ocrx_word' id='word_1_140' title='bbox 1429 2912 1927 3003; x_wconf 75' lang='lat' dir='ltr'><strong>incapacitatem</strong></span> <span class='ocrx_word' id='word_1_141' title='bbox 1957 2910 2439 3004; x_wconf 87' lang='lat' dir='ltr'><strong>impossibilem</strong></span> <span class='ocrx_word' id='word_1_142' title='bbox 2471 2909 2682 2979; x_wconf 88' lang='lat' dir='ltr'><strong>reddit</strong></span> 
     </span>
     <span class='ocr_line' id='line_1_20' title="bbox 392 3020 2678 3116; baseline 0.002 -29"><span class='ocrx_word' id='word_1_143' title='bbox 392 3020 494 3087; x_wconf 87' lang='lat' dir='ltr'><strong>lex</strong></span> <span class='ocrx_word' id='word_1_144' title='bbox 535 3021 861 3093; x_wconf 68' lang='lat' dir='ltr'><strong>saecularis</strong></span> <span class='ocrx_word' id='word_1_145' title='bbox 887 3022 1135 3109; x_wconf 70' lang='lat' dir='ltr'><strong>Gallim,</strong></span> <span class='ocrx_word' id='word_1_146' title='bbox 1186 3022 1313 3094; x_wconf 91' lang='lat' dir='ltr'><strong>hoc</strong></span> <span class='ocrx_word' id='word_1_147' title='bbox 1336 3026 1478 3116; x_wconf 88' lang='lat' dir='ltr'><strong>ipso</strong></span> <span class='ocrx_word' id='word_1_148' title='bbox 1529 3026 1706 3116; x_wconf 90' lang='lat' dir='ltr'><strong>quod</strong></span> <span class='ocrx_word' id='word_1_149' title='bbox 1757 3047 1901 3097; x_wconf 89' lang='lat' dir='ltr'><strong>eam</strong></span> <span class='ocrx_word' id='word_1_150' title='bbox 1955 3046 2092 3095; x_wconf 90' lang='lat' dir='ltr'><strong>non</strong></span> <span class='ocrx_word' id='word_1_151' title='bbox 2135 3032 2463 3115; x_wconf 80' lang='lat' dir='ltr'><strong>agnoscat.</strong></span> <span class='ocrx_word' id='word_1_152' title='bbox 2515 3024 2678 3093; x_wconf 89' lang='lat' dir='ltr'><strong>Cum</strong></span> 
     </span>
     <span class='ocr_line' id='line_1_21' title="bbox 393 3138 2682 3229; baseline 0.002 -26"><span class='ocrx_word' id='word_1_153' title='bbox 393 3140 612 3205; x_wconf 84' lang='lat' dir='ltr'><strong>autem</strong></span> <span class='ocrx_word' id='word_1_154' title='bbox 690 3139 979 3208; x_wconf 88' lang='lat' dir='ltr'><strong>solemne</strong></span> <span class='ocrx_word' id='word_1_155' title='bbox 1024 3162 1159 3209; x_wconf 88' lang='lat' dir='ltr'><strong>esse</strong></span> <span class='ocrx_word' id='word_1_156' title='bbox 1215 3149 1493 3229; x_wconf 87' lang='lat' dir='ltr'><strong>nequeat</strong></span> <span class='ocrx_word' id='word_1_157' title='bbox 1537 3161 1750 3212; x_wconf 88' lang='lat' dir='ltr'><strong>unum</strong></span> <span class='ocrx_word' id='word_1_158' title='bbox 1801 3163 1838 3211; x_wconf 90' lang='lat' dir='ltr'><strong>e</strong></span> <span class='ocrx_word' id='word_1_159' title='bbox 1889 3141 2099 3211; x_wconf 86' lang='lat' dir='ltr'><strong>tribus</strong></span> <span class='ocrx_word' id='word_1_160' title='bbox 2147 3138 2682 3210; x_wconf 84' lang='lat' dir='ltr'><strong>substantialibus</strong></span> 
     </span>
     <span class='ocr_line' id='line_1_22' title="bbox 396 3248 2680 3342; baseline 0.005 -33"><span class='ocrx_word' id='word_1_161' title='bbox 396 3249 582 3333; x_wconf 64' lang='lat' dir='ltr'><strong>vesse,</strong></span> <span class='ocrx_word' id='word_1_162' title='bbox 612 3248 739 3318; x_wconf 84' lang='lat' dir='ltr'><strong>nisi</strong></span> <span class='ocrx_word' id='word_1_163' title='bbox 772 3250 974 3319; x_wconf 86' lang='lat' dir='ltr'><strong>simul</strong></span> <span class='ocrx_word' id='word_1_164' title='bbox 1000 3250 1318 3323; x_wconf 86' lang='lat' dir='ltr'><strong>solemnia</strong></span> <span class='ocrx_word' id='word_1_165' title='bbox 1344 3252 1477 3319; x_wconf 87' lang='lat' dir='ltr'><strong>sint</strong></span> <span class='ocrx_word' id='word_1_166' title='bbox 1521 3258 1587 3323; x_wconf 91' lang='lat' dir='ltr'><strong>et</strong></span> <span class='ocrx_word' id='word_1_167' title='bbox 1611 3252 1744 3323; x_wconf 90' lang='lat' dir='ltr'><strong>duo</strong></span> <span class='ocrx_word' id='word_1_168' title='bbox 1789 3252 1941 3335; x_wconf 87' lang='lat' dir='ltr'><strong>alia,</strong></span> <span class='ocrx_word' id='word_1_169' title='bbox 1989 3252 2287 3342; x_wconf 89' lang='lat' dir='ltr'><strong>sequitur</strong></span> <span class='ocrx_word' id='word_1_170' title='bbox 2315 3270 2527 3341; x_wconf 86' lang='lat' dir='ltr'><strong>neque</strong></span> <span class='ocrx_word' id='word_1_171' title='bbox 2571 3271 2680 3320; x_wconf 89' lang='lat' dir='ltr'><strong>so-</strong></span> 
     </span>
     <span class='ocr_line' id='line_1_23' title="bbox 392 3358 2680 3457; baseline 0.004 -32"><span class='ocrx_word' id='word_1_172' title='bbox 392 3358 639 3427; x_wconf 83' lang='lat' dir='ltr'><strong>lemnia</strong></span> <span class='ocrx_word' id='word_1_173' title='bbox 666 3382 811 3431; x_wconf 86' lang='lat' dir='ltr'><strong>esse·</strong></span> <span class='ocrx_word' id='word_1_174' title='bbox 844 3386 1027 3457; x_wconf 86' lang='lat' dir='ltr'><strong>posse</strong></span> <span class='ocrx_word' id='word_1_175' title='bbox 1075 3372 1221 3436; x_wconf 82' lang='lat' dir='ltr'><strong>vota</strong></span> <span class='ocrx_word' id='word_1_176' title='bbox 1260 3366 1566 3436; x_wconf 82' lang='lat' dir='ltr'><strong>castitatis</strong></span> <span class='ocrx_word' id='word_1_177' title='bbox 1591 3371 1655 3437; x_wconf 91' lang='lat' dir='ltr'><strong>et</strong></span> <span class='ocrx_word' id='word_1_178' title='bbox 1680 3367 2082 3438; x_wconf 73' lang='lat' dir='ltr'><strong>obedientiae.</strong></span> <span class='ocrx_word' id='word_1_179' title='bbox 2139 3366 2222 3435; x_wconf 84' lang='lat' dir='ltr'><strong>Et</strong></span> <span class='ocrx_word' id='word_1_180' title='bbox 2279 3367 2372 3435; x_wconf 87' lang='lat' dir='ltr'><strong>sic</strong></span> <span class='ocrx_word' id='word_1_181' title='bbox 2417 3365 2680 3437; x_wconf 89' lang='lat' dir='ltr'><strong>conclu-</strong></span> 
     </span>
     <span class='ocr_line' id='line_1_24' title="bbox 394 3472 2680 3573; baseline 0.004 -31"><span class='ocrx_word' id='word_1_182' title='bbox 394 3472 562 3543; x_wconf 85' lang='lat' dir='ltr'><strong>dunt</strong></span> <span class='ocrx_word' id='word_1_183' title='bbox 612 3476 859 3550; x_wconf 84' lang='lat' dir='ltr'><strong>obstare</strong></span> <span class='ocrx_word' id='word_1_184' title='bbox 902 3481 1113 3573; x_wconf 80' lang='lat' dir='ltr'><strong>legem</strong></span> <span class='ocrx_word' id='word_1_185' title='bbox 1163 3482 1543 3553; x_wconf 63' lang='lat' dir='ltr'><strong>saecularem</strong></span> <span class='ocrx_word' id='word_1_186' title='bbox 1577 3481 1804 3555; x_wconf 80' lang='lat' dir='ltr'><strong>Gauiae</strong></span> <span class='ocrx_word' id='word_1_187' title='bbox 1853 3484 2054 3553; x_wconf 88' lang='lat' dir='ltr'><strong>trium</strong></span> <span class='ocrx_word' id='word_1_188' title='bbox 2107 3486 2406 3553; x_wconf 85' lang='lat' dir='ltr'><strong>votorum</strong></span> <span class='ocrx_word' id='word_1_189' title='bbox 2451 3482 2680 3551; x_wconf 87' lang='lat' dir='ltr'><strong>solem·</strong></span> 
     </span>
     <span class='ocr_line' id='line_1_25' title="bbox 392 3590 2680 3691; baseline 0.003 -33"><span class='ocrx_word' id='word_1_190' title='bbox 392 3590 626 3661; x_wconf 88' lang='lat' dir='ltr'><strong>nitati:</strong></span> <span class='ocrx_word' id='word_1_191' title='bbox 686 3593 929 3667; x_wconf 87' lang='lat' dir='ltr'><strong>directe</strong></span> <span class='ocrx_word' id='word_1_192' title='bbox 1002 3597 1249 3669; x_wconf 90' lang='lat' dir='ltr'><strong>scilicet</strong></span> <span class='ocrx_word' id='word_1_193' title='bbox 1283 3599 1504 3689; x_wconf 83' lang='lat' dir='ltr'><strong>quoad</strong></span> <span class='ocrx_word' id='word_1_194' title='bbox 1549 3607 1774 3671; x_wconf 86' lang='lat' dir='ltr'><strong>votum</strong></span> <span class='ocrx_word' id='word_1_195' title='bbox 1849 3600 2293 3691; x_wconf 86' lang='lat' dir='ltr'><strong>paupertatis;</strong></span> <span class='ocrx_word' id='word_1_196' title='bbox 2369 3596 2680 3668; x_wconf 86' lang='lat' dir='ltr'><strong>indirecte</strong></span> 
     </span>
     <span class='ocr_line' id='line_1_26' title="bbox 390 3710 2682 3808; baseline 0.001 -28"><span class='ocrx_word' id='word_1_197' title='bbox 390 3710 604 3800; x_wconf 81' lang='lat' dir='ltr'><strong>quoad</strong></span> <span class='ocrx_word' id='word_1_198' title='bbox 630 3711 761 3781; x_wconf 89' lang='lat' dir='ltr'><strong>duo</strong></span> <span class='ocrx_word' id='word_1_199' title='bbox 790 3714 939 3782; x_wconf 86' lang='lat' dir='ltr'><strong>alia.</strong></span> <span class='ocrx_word' id='word_1_200' title='bbox 982 3710 1171 3785; x_wconf 86' lang='lat' dir='ltr'><strong>Unde</strong></span> <span class='ocrx_word' id='word_1_201' title='bbox 1208 3716 1264 3784; x_wconf 86' lang='lat' dir='ltr'><strong>si</strong></span> <span class='ocrx_word' id='word_1_202' title='bbox 1292 3715 1608 3806; x_wconf 83' lang='lat' dir='ltr'><strong>probetur</strong></span> <span class='ocrx_word' id='word_1_203' title='bbox 1637 3716 1774 3785; x_wconf 88' lang='lat' dir='ltr'><strong>dari</strong></span> <span class='ocrx_word' id='word_1_204' title='bbox 1815 3735 2000 3808; x_wconf 87' lang='lat' dir='ltr'><strong>posse</strong></span> <span class='ocrx_word' id='word_1_205' title='bbox 2039 3714 2115 3784; x_wconf 88' lang='lat' dir='ltr'><strong>in</strong></span> <span class='ocrx_word' id='word_1_206' title='bbox 2165 3713 2490 3803; x_wconf 81' lang='lat' dir='ltr'><strong>religiosis</strong></span> <span class='ocrx_word' id='word_1_207' title='bbox 2513 3715 2682 3782; x_wconf 67' lang='lat' dir='ltr'><strong>inm-</strong></span> 
     </span>
     <span class='ocr_line' id='line_1_27' title="bbox 390 3826 2680 3921; baseline -0 -24"><span class='ocrx_word' id='word_1_208' title='bbox 390 3826 727 3917; x_wconf 81' lang='lat' dir='ltr'><strong>p&#39;acitatem</strong></span> <span class='ocrx_word' id='word_1_209' title='bbox 780 3828 1079 3917; x_wconf 87' lang='lat' dir='ltr'><strong>dominii,</strong></span> <span class='ocrx_word' id='word_1_210' title='bbox 1126 3831 1550 3921; x_wconf 82' lang='lat' dir='ltr'><strong>quantumvis</strong></span> <span class='ocrx_word' id='word_1_211' title='bbox 1596 3850 1739 3900; x_wconf 85' lang='lat' dir='ltr'><strong>eam</strong></span> <span class='ocrx_word' id='word_1_212' title='bbox 1795 3851 1930 3901; x_wconf 86' lang='lat' dir='ltr'><strong>non</strong></span> <span class='ocrx_word' id='word_1_213' title='bbox 1981 3834 2286 3920; x_wconf 83' lang='lat' dir='ltr'><strong>agnoscat</strong></span> <span class='ocrx_word' id='word_1_214' title='bbox 2341 3828 2452 3899; x_wconf 86' lang='lat' dir='ltr'><strong>lex</strong></span> <span class='ocrx_word' id='word_1_215' title='bbox 2485 3848 2680 3899; x_wconf 79' lang='lat' dir='ltr'><strong>saecu·</strong></span> 
     </span>
     <span class='ocr_line' id='line_1_28' title="bbox 390 3941 2684 4037; baseline -0 -27"><span class='ocrx_word' id='word_1_216' title='bbox 390 3941 567 4030; x_wconf 85' lang='lat' dir='ltr'><strong>laris,</strong></span> <span class='ocrx_word' id='word_1_217' title='bbox 628 3954 773 4015; x_wconf 88' lang='lat' dir='ltr'><strong>ruet</strong></span> <span class='ocrx_word' id='word_1_218' title='bbox 816 3945 1113 4017; x_wconf 79' lang='lat' dir='ltr'><strong>funditus</strong></span> <span class='ocrx_word' id='word_1_219' title='bbox 1168 3946 1530 4017; x_wconf 82' lang='lat' dir='ltr'><strong>infaustum</strong></span> <span class='ocrx_word' id='word_1_220' title='bbox 1593 3945 1756 4016; x_wconf 90' lang='lat' dir='ltr'><strong>illud</strong></span> <span class='ocrx_word' id='word_1_221' title='bbox 1803 3950 2104 4037; x_wconf 67' lang='lat' dir='ltr'><strong>systema,</strong></span> <span class='ocrx_word' id='word_1_222' title='bbox 2139 3948 2203 4012; x_wconf 88' lang='lat' dir='ltr'><strong>et</strong></span> <span class='ocrx_word' id='word_1_223' title='bbox 2247 3942 2438 4013; x_wconf 81' lang='lat' dir='ltr'><strong>facile</strong></span> <span class='ocrx_word' id='word_1_224' title='bbox 2464 3951 2684 4033; x_wconf 82' lang='lat' dir='ltr'><strong>postea</strong></span> 
     </span>
     <span class='ocr_line' id='line_1_29' title="bbox 392 4054 2679 4156; baseline -0.002 -26"><span class='ocrx_word' id='word_1_225' title='bbox 392 4059 813 4133; x_wconf 87' lang='lat' dir='ltr'><strong>determinari</strong></span> <span class='ocrx_word' id='word_1_226' title='bbox 896 4062 1128 4156; x_wconf 86' lang='lat' dir='ltr'><strong>poterit</strong></span> <span class='ocrx_word' id='word_1_227' title='bbox 1164 4084 1315 4134; x_wconf 76' lang='lat' dir='ltr'><strong>vera</strong></span> <span class='ocrx_word' id='word_1_228' title='bbox 1361 4062 1815 4152; x_wconf 81' lang='lat' dir='ltr'><strong>religiosarum</strong></span> <span class='ocrx_word' id='word_1_229' title='bbox 1889 4060 2294 4131; x_wconf 80' lang='lat' dir='ltr'><strong>familiarum</strong></span> <span class='ocrx_word' id='word_1_230' title='bbox 2365 4054 2679 4138; x_wconf 81' lang='lat' dir='ltr'><strong>conditi0‚</strong></span> 
     </span>
     <span class='ocr_line' id='line_1_30' title="bbox 393 4170 2682 4269; baseline -0.002 -26"><span class='ocrx_word' id='word_1_231' title='bbox 393 4180 540 4245; x_wconf 89' lang='lat' dir='ltr'><strong>tum</strong></span> <span class='ocrx_word' id='word_1_232' title='bbox 592 4177 663 4245; x_wconf 90' lang='lat' dir='ltr'><strong>in</strong></span> <span class='ocrx_word' id='word_1_233' title='bbox 686 4177 939 4269; x_wconf 88' lang='lat' dir='ltr'><strong>Galliis,</strong></span> <span class='ocrx_word' id='word_1_234' title='bbox 966 4184 1109 4250; x_wconf 90' lang='lat' dir='ltr'><strong>tum</strong></span> <span class='ocrx_word' id='word_1_235' title='bbox 1142 4180 1213 4249; x_wconf 90' lang='lat' dir='ltr'><strong>in</strong></span> <span class='ocrx_word' id='word_1_236' title='bbox 1240 4178 1385 4249; x_wconf 88' lang='lat' dir='ltr'><strong>aliis</strong></span> <span class='ocrx_word' id='word_1_237' title='bbox 1410 4180 1603 4249; x_wconf 89' lang='lat' dir='ltr'><strong>etiam</strong></span> <span class='ocrx_word' id='word_1_238' title='bbox 1635 4177 2039 4268; x_wconf 80' lang='lat' dir='ltr'><strong>regionibus,</strong></span> <span class='ocrx_word' id='word_1_239' title='bbox 2075 4196 2221 4269; x_wconf 82' lang='lat' dir='ltr'><strong>quae</strong></span> <span class='ocrx_word' id='word_1_240' title='bbox 2277 4174 2454 4243; x_wconf 89' lang='lat' dir='ltr'><strong>haud</strong></span> <span class='ocrx_word' id='word_1_241' title='bbox 2508 4170 2682 4241; x_wconf 84' lang='lat' dir='ltr'><strong>absi-</strong></span> 
     </span>
    </p>
   </div>
   <div class='ocr_carea' id='block_1_9' title="bbox 396 4287 2686 4495">
    <p class='ocr_par' dir='ltr' id='par_1_9' title="bbox 396 4287 2686 4495">
     <span class='ocr_line' id='line_1_31' title="bbox 396 4287 1371 4384; baseline 0.006 -29"><span class='ocrx_word' id='word_1_242' title='bbox 396 4287 543 4357; x_wconf 88' lang='lat' dir='ltr'><strong>mili</strong></span> <span class='ocrx_word' id='word_1_243' title='bbox 572 4294 851 4362; x_wconf 84' lang='lat' dir='ltr'><strong>Caesareo</strong></span> <span class='ocrx_word' id='word_1_244' title='bbox 879 4296 1034 4384; x_wconf 83' lang='lat' dir='ltr'><strong>jure</strong></span> <span class='ocrx_word' id='word_1_245' title='bbox 1076 4298 1371 4366; x_wconf 85' lang='lat' dir='ltr'><strong>utuntur.</strong></span> 
     </span>
     <span class='ocr_line' id='line_1_32' title="bbox 489 4399 2686 4495; baseline -0.002 -26"><span class='ocrx_word' id='word_1_246' title='bbox 489 4399 553 4465; x_wconf 76' lang='lat'><strong>2⁰</strong></span> <span class='ocrx_word' id='word_1_247' title='bbox 583 4402 818 4492; x_wconf 88' lang='lat' dir='ltr'><strong>Opinio</strong></span> <span class='ocrx_word' id='word_1_248' title='bbox 844 4426 990 4495; x_wconf 81' lang='lat' dir='ltr'><strong>quas</strong></span> <span class='ocrx_word' id='word_1_249' title='bbox 1035 4409 1169 4477; x_wconf 84' lang='lat' dir='ltr'><strong>vim</strong></span> <span class='ocrx_word' id='word_1_250' title='bbox 1196 4405 1426 4476; x_wconf 84' lang='lat' dir='ltr'><strong>tribuit</strong></span> <span class='ocrx_word' id='word_1_251' title='bbox 1455 4404 1586 4495; x_wconf 85' lang='lat' dir='ltr'><strong>legi</strong></span> <span class='ocrx_word' id='word_1_252' title='bbox 1612 4404 1904 4475; x_wconf 78' lang='lat' dir='ltr'><strong>soeculari</strong></span> <span class='ocrx_word' id='word_1_253' title='bbox 1951 4399 2380 4495; x_wconf 85' lang='lat' dir='ltr'><strong>impediendi,</strong></span> <span class='ocrx_word' id='word_1_254' title='bbox 2437 4418 2526 4466; x_wconf 89' lang='lat' dir='ltr'><strong>ne</strong></span> <span class='ocrx_word' id='word_1_255' title='bbox 2577 4418 2686 4466; x_wconf 83' lang='lat' dir='ltr'><strong>re·</strong></span> 
     </span>
    </p>
   </div>
   <div class='ocr_carea' id='block_1_10' title="bbox 2525 4610 2582 4945">
    <p class='ocr_par' dir='ltr' id='par_1_10' title="bbox 2525 4610 2582 4945">
     <span class='ocr_line' id='line_1_33' title="bbox 2525 4610 2582 4945; baseline 0 -327"><span class='ocrx_word' id='word_1_256' title='bbox 2525 4610 2582 4945; x_wconf 40' lang='lat'><em>3</em></span> 
     </span>
    </p>
   </div>
  </div>
 </body>
</html>
