2834 4959
332 271 458 328 390
901 273 1241 324 TRACTATUS
1287 275 1368 323 m:
1407 274 1561 323 'mut
1604 274 2024 327 assummu-

339 425 376 466 «
403 401 602 470 niaux
649 417 736 466 ou
792 400 1006 466 autres
1041 393 1312 486 qu’elles
1361 395 1731 487 possedent,
1780 417 1870 468 ou
1914 397 2037 490 qui
2071 401 2459 490 pourraient
2486 405 2625 478 leur

341 540 376 582 α
401 513 626 586 echoir
671 535 690 581 z
737 512 826 581 ici
876 511 1054 580 leurs
1099 511 1302 581 droits
1347 516 1495 581 sont
1548 532 1709 584 ceux
1756 511 1848 582 du
1902 519 2073 586 reste
2122 515 2235 586 des
2282 517 2617 608 Francffis.

338 657 374 698 α
401 629 572 701 Elles
597 633 880 722 peuvent
925 627 1146 698 meme
1195 628 1486 720 disponer
1527 629 1609 698 de
1649 628 1828 700 leurs
1871 629 2085 716 biens,
2110 632 2237 702 soit
2266 657 2389 726 pm·
2428 637 2623 710 dona-

337 773 372 816 α
399 750 564 838 tion,
589 747 716 818 soit
753 765 872 838 par
915 750 1254 816 testament
1311 770 1328 814 ε
1383 743 1434 812 11
1476 743 1643 814 n'est
1706 744 1946 838 deiuge
1994 745 2034 816 ὲ
2081 745 2231 818 leur
2300 750 2498 841 egani
2528 776 2613 824 au

333 895 372 936 a
403 867 572 940 droit
617 887 936 938 eommun
965 887 1096 959 que
1132 866 1294 936 dans
1340 865 1435 935 les
1462 885 1569 936 cas
1594 865 1987 938 determines
2009 889 2129 960 par
2152 867 2433 942 l’article
2462 873 2505 943 5
2538 877 2611 945 de

333 1011 371 1054 α
406 986 468 1055 18
502 984 618 1054 lei.
649 1005 688 1050 t>

411 1099 508 1170 Ex
530 1100 636 1169 his
671 1105 734 1168 et
763 1097 1096 1169 similibus
1131 1096 1473 1168 nonnullis
1499 1095 1645 1165 aliis
1666 1097 1959 1184 decretis,
1990 1097 2137 1168 baec
2164 1101 2613 1174 concludenda

325 1217 643 1286 veniunt:
696 1217 757 1284 1⁰
784 1213 1068 1305 religiosi
1115 1233 1190 1282 ac
1238 1210 1553 1282 moniales
1589 1232 1819 1282 earum
1860 1217 2447 1306 communitatum,
2468 1239 2609 1309 quae

326 1350 365 1399 a
385 1331 692 1420 potestate
734 1325 1030 1395 saeculari
1059 1344 1194 1394 non
1235 1323 1503 1392 fuerunt
1564 1329 1641 1392 ut
1688 1323 1845 1394 tales
1894 1327 2159 1415 agnitae,
2198 1328 2267 1397 id
2316 1335 2434 1412 est,
2468 1351 2610 1421 quae

325 1441 944 1529 author-isationem,
977 1446 1054 1508 ut
1111 1441 1320 1526 aiunt,
1366 1461 1502 1509 non
1536 1439 1991 1528 obtinuerunt,
2018 1461 2059 1511 a
2086 1433 2241 1533 ‘lege
2288 1445 2613 1514 habentur

323 1567 635 1650 tanqu-am
680 1556 850 1626 meri
873 1557 1070 1626 cives.
1124 1554 1404 1626 Proinde
1454 1555 1557 1626 181
1604 1557 1871 1626 nul-lum
1918 1558 2205 1647 agnoscit
2242 1577 2471 1628 eorum
2485 1564 2605 1652 jus

324 1671 698 1766 possidendi
735 1673 808 1742 in
835 1672 1204 1742 communi.
1251 1670 1412 1741 Item
1449 1671 1578 1754 181,
1620 1691 1767 1763 pro
1760 1670 1989 1742 nihilo
2034 1677 2326 1764 reputans
2360 1675 2599 1764 quoeli-

323 1790 432 1858 bet
481 1789 776 1879 ipsorum
837 1785 1228 1881 paupertatis
1295 1792 1465 1876 vota,
1508 1808 1640 1870 eos,
1689 1787 1959 1879 perinde
2005 1810 2081 1858 ac
2128 1794 2383 1860 eaeteros
2408 1791 2607 1876 cives,

323 1903 516 1974 habet
561 1909 874 1994 tanquam
929 1903 1210 1973 dominii
1257 1921 1564 1994 capaces3
1598 1902 1779 1973 unde
1820 1903 1915 1972 eis
1952 1903 2371 1974 obvenientes
2414 1904 2611 1976 118818-

323 2019 574 2108 ditatos,
624 2040 760 2089 non
815 2039 1003 2090 secus
1045 2039 1122 2089 ac
1170 2016 1228 2087 si
1267 2019 1603 2089 saeculares
1651 2019 1887 2104 forent,
1930 2020 2249 2090 attribuit.
2302 2019 2369 2088 2⁰
2432 2021 2609 2104 Quod

325 2145 380 2213 si
427 2163 660 2214 eorum
719 2143 1219 2214 communitates
1265 2143 1845 2213 authorisationem
1887 2164 1926 2213 a
1950 2143 2279 2235 gubernio
2314 2144 2607 2216 obtinue-

323 2259 483 2346 rint,
535 2258 860 2348 possidere
907 2259 1174 2349 quidem
1223 2265 1495 2349 possunt
1543 2259 1613 2327 in
1656 2261 1998 2330 communi
2046 2283 2067 2328 t
2126 2262 2473 2350 ast.quoad
2504 2263 2611 2353 ius

324 2373 740 2464 singulorum
787 2373 1242 2443 membrorum
1295 2373 1691 2465 possidendi,
1724 2373 2131 2466 acquirendi,
2166 2382 2231 2447 et
2275 2375 2481 2446 libere
2504 2377 2609 2446 ad-

325 2488 740 2558 ministrandi
767 2488 957 2558 ‘bona
997 2509 1139 2577 sua,
1165 2509 1242 2558 ac
1278 2488 1358 2560 de
1411 2489 1495 2558 iis
1537 2488 1739 2562 libere
1786 2489 2199 2590 disponendi,
2258 2512 2393 2562 non
2434 2493 2609 2562 aliter

109 2581 116 2590 ⁶
177 2664 184 2676 .
326 2603 642 2672 differunt
691 2624 730 2672 a
755 2603 954 2673 meris
1000 2603 1280 2694 civibus,
1307 2626 1508 2695 quam
1532 2607 1705 2695 quod
1736 2605 2205 2700 prohibeantur
2236 2608 2602 2678 communi-

324 2719 462 2804 tati,
493 2726 603 2788 aut
641 2718 836 2789 alicui
857 2720 1068 2812 ipsius
1105 2721 1434 2810 membro,
1478 2722 1651 2791 ultra
1678 2729 1919 2792 certam
1948 2723 2378 2813 quantitatem
2405 2724 2607 2794 bono-

326 2856 476 2904 rum
515 2855 786 2905 suorum
833 2835 1104 2906 donare.

415 2947 696 3018 Proinde
724 2949 898 3040 leges
939 2949 1284 3020 saeculares
1319 2947 1546 3020 Gauiae
1595 2953 1669 3019 in
1696 2951 1881 3020 nullo
1902 2971 2059 3021 casu
2082 2957 2467 3044 agnoscunt,
2498 2973 2608 3044 per

325 3070 548 3134 votum
617 3065 1008 3155 paupertatis
1066 3065 1296 3137 induci
1353 3065 1844 3156 incapacitatem
1892 3067 2195 3147 dominii;
2238 3087 2355 3138 seu
2372 3117 2397 3155 ,
2432 3067 2605 3158 quod

325 3181 500 3249 idem
549 3185 667 3266 est,
727 3179 992 3250 nullum
1029 3187 1256 3250 votum
1312 3182 1706 3272 paupertatis
1764 3187 2123 3274 agnoscunt
2168 3189 2245 3253 ut
2292 3183 2597 3253 solemne.

324 3293 487 3361 ltem
539 3313 674 3362 non
709 3301 1074 3386 agnoscunt
1100 3297 1310 3366 ullum
1352 3297 1654 3367 castitatis
1696 3305 1925 3368 votum
1946 3303 2023 3366 ut
2046 3298 2361 3388 solemne,
2386 3319 2499 3369 seu
2523 3298 2604 3368 ad

327 3407 836 3480 contrahendum
872 3413 1367 3483 matrimonium
1409 3412 1851 3484 inhabilitans.

417 3520 524 3590 lll.
588 3519 663 3591 ln
709 3521 932 3616 Belgio
983 3529 1156 3618 viget
1209 3525 1598 3618 Napoleonis
1650 3526 1847 3599 codex
1907 3529 2189 3620 (excepta
2226 3529 2377 3620 lege
2420 3531 2601 3598 citata

327 3638 484 3706 anni
533 3637 758 3732 1825).
812 3641 1031 3732 Atque
1079 3643 1302 3713 eadem
1354 3644 1487 3713 sere
1527 3647 1623 3714 est
1666 3642 2116 3734 religiosarum
2178 3643 2595 3731 familiarum,

327 3753 538 3844 quoad
561 3753 775 3845 legem
830 3756 1238 3844 saecularem,
1285 3759 1592 3828 conditio.
1625 3757 1701 3827 ln
1742 3758 1970 3828 multis
1996 3765 2213 3827 autem
2240 3757 2599 3828 infidelium

325 3876 387 3938 et
439 3869 901 3944 haereticorum
946 3874 1348 3966 regionibus,
1379 3875 1671 3966 religiosi
1716 3896 1793 3944 88
1824 3873 2131 3944 moniales
2173 3895 2309 3944 non
2334 3883 2413 3944 ut
2452 3873 2597 3944 18188

325 4007 362 4052 8
400 3985 542 4078 lege
587 3989 884 4060 saeculari
937 3997 1414 4081 agnoscuntur,
1459 3991 1571 4062 sed
1642 3997 1953 4081 tanquam
2004 3991 2198 4080 civeS,
2252 3990 2483 4062 iisdem
2521 4005 2592 4054 ac

326 4104 539 4173 caeteri
561 4105 1090 4198 dispositionibus
1129 4107 1412 4178 obnoxii.

414 4219 531 4292 lv.
581 4220 676 4290 Ex
725 4223 806 4292 iis
859 4245 1054 4315 porro
1089 4223 1311 4313 legum
1362 4223 1779 4293 saecularium
1828 4220 2387 4314 dispositionibuS,
2436 4215 2594 4288 mul-

325 4335 521 4425 tiplex
543 4339 754 4407 oritur
807 4359 988 4410 nunc
1023 4338 1441 4430 expendenda
1482 4338 1777 4429 quaestio,
1803 4338 1887 4408 de
1949 4359 2101 4408 vera
2146 4336 2590 4428 religiosarum
