2834 4959
1090 433 1240 480 PARS
1291 435 1507 482 PRIMA.
2306 428 2331 481 1
2348 425 2427 480 83

267 557 336 626 Et
377 555 666 635 tandem,
699 576 818 646 pro
863 576 938 624 ea
988 575 1116 644 qua
1163 555 1383 646 pollet,
1427 554 1511 624 ob
1554 575 1913 646 expressam
1964 551 2263 644 Ecclesiae
2307 575 2422 647 ap·

175 677 636 770 probationem,
679 681 912 742 sanctae
955 671 1279 743 Theresiae
1307 673 1621 758 doctrina,
1670 672 1845 740 haud
1894 673 2069 761 parvi
2116 675 2431 742 momenti

173 800 270 860 est
302 791 466 882 quod
517 790 658 879 ipsa
705 787 830 857 hac
870 788 952 857 de
999 810 1070 857 re
1117 788 1336 873 sensit,
1379 809 1493 856 seu
1536 788 1745 879 potius
1790 787 1911 856 sibi
1958 809 1995 855 a
2038 787 2293 856 Christo
2332 789 2428 856 di-

179 915 356 976 ctum
379 905 611 994 scripto
639 902 922 994 reliquit.
959 903 1126 972 Cum
1165 925 1400 996 nempe
1446 904 1693 973 ordinis
1719 903 2001 972 Carmeli
2029 904 2429 973 reformatio-

177 1041 334 1088 nem
391 1019 640 1128 animo⁶
665 1015 1044 1100 revolveret,
1101 1029 1162 1085 et
1223 1017 1711 1086 difficultatibus
1764 1017 2095 1108 perterrita
2172 1017 2254 1085 ab
2326 1017 2425 1085 in-

183 1133 462 1201 choando
525 1131 745 1222 primo
797 1131 1115 1222 ejusmodi
1166 1138 1487 1201 conventu
1542 1155 1674 1200 non
1754 1154 1987 1224 parum
2083 1133 2423 1223 resugeret,

185 1248 457 1316 edoctam
483 1269 548 1315 se
585 1270 624 1316 a
668 1247 926 1316 Christo
963 1253 1180 1316 narrat
1229 1247 1297 1314 in
1339 1247 1521 1316 hunc
1574 1247 1843 1316 modum
1883 1273 1899 1316 ε
1942 1273 1976 1315 «
2008 1247 2103 1316 Un
2144 1250 2322 1337 jour,
2350 1269 2431 1317 au

192 1389 228 1428 α
263 1369 536 1431 moment
589 1363 678 1430 οὺ
721 1365 789 1453 Je
843 1364 1062 1431 venais
1103 1362 1182 1431 de
1225 1362 1658 1444 communiet,
1714 1361 2265 1453 Notre-Seigneur
2323 1384 2429 1432 me

189 1505 222 1543 α
255 1479 630 1547 commanda
681 1479 1158 1569 expressement
1234 1479 1312 1545 de
1375 1478 1795 1571 m’employer
1872 1480 1951 1548 de
2014 1485 2218 1548 toutes
2290 1501 2429 1548 mes

181 1620 210 1658 «
250 1595 448 1662 forces
496 1594 534 1660 a
581 1592 1111 1662 l’etablissement
1162 1592 1240 1661 de
1296 1615 1367 1661 oe
1417 1595 1807 1676 monastere,
1863 1615 1969 1663 me
2023 1596 2315 1664 donnant
2364 1595 2427 1664 la

184 1735 212 1770 α
245 1707 532 1776 formelle
577 1728 918 1777 assurance
957 1706 1120 1798 qu’il
1172 1708 1527 1788 reussirait‚
1580 1713 1641 1776 et
1693 1730 1819 1797 que
1867 1710 1931 1777 la
1977 1708 2229 1778 ferveur
2278 1731 2428 1779 avec

189 1857 218 1888 (ι
249 1825 516 1916 laquelle
551 1826 604 1893 il
629 1849 672 1915 y
715 1827 903 1894 serait
938 1827 1102 1894 servi
1147 1825 1243 1892 lui
1280 1827 1677 1915 procurerait
1704 1825 2033 1916 beaucoup
2076 1827 2153 1893 de
2182 1827 2415 1914 gleire.

197 1941 306 2007 «ll
351 1939 586 2009 voulait
635 1938 798 2028 qu'il
846 1938 948 2008 sut
1002 1939 1189 2008 dedic
1259 1959 1408 2027 cous
1480 1939 1541 2006 le
1595 1960 1749 2006 nom
1813 1937 1893 2006 de
1960 1940 2125 2006 saint
2166 1939 2433 2029 Joseph.

196 2081 224 2114 «
259 2053 418 2122 Cette
451 2055 704 2123 maison
733 2055 922 2123 serait
948 2075 1076 2122 une
1101 2053 1288 2123 etoile
1332 2053 1449 2143 qui
1486 2055 1763 2146 Jetterait
1790 2075 1919 2121 une
1945 2052 2185 2142 grande
2214 2053 2423 2142 splen-

189 2195 218 2230 (ι
248 2169 422 2238 deur.
473 2170 770 2261 Ouoique
807 2170 901 2238 les
931 2168 1151 2238 ordres
1181 2170 1513 2260 reliqieuoe
1540 2171 1862 2238 n’eussent
1872 2169 2075 2261 point
2110 2168 2257 2236 leur
2281 2169 2421 2258 fer·

189 2315 216 2352 α
251 2312 404 2360 vem·
451 2291 803 2383 premiere,
821 2292 900 2380 je
921 2312 1004 2357 ne
1043 2289 1262 2358 devais
1285 2312 1411 2380 pas
1440 2291 1643 2360 croire
1671 2290 1841 2382 qu’il
1864 2313 1943 2358 en
1974 2289 2135 2356 tir-dc
2161 2311 2297 2379 peu
2349 2287 2429 2356 de

190 2431 218 2466 α
257 2405 490 2495 qloire,
523 2406 753 2498 nipeu
796 2403 876 2472 de
899 2406 1140 2474 service
1169 2428 1191 2472 .·
1223 2417 1288 2472 et
1337 2428 1461 2497 que
1490 2403 1900 2474 deviendrait
1926 2403 1989 2472 le
2012 2403 2273 2484 monde,
2330 2401 2439 2470 s’il

194 2545 226 2584 ι(
265 2523 378 2613 n'y
402 2523 582 2590 avait
602 2545 730 2613 pas
767 2519 848 2591 de
869 2522 1244 2613 reliqz‘euae?
1269 2521 1461 2590 Enfin
1488 2522 1534 2590 il
1564 2522 1995 2590 m'ordonnait
2031 2522 2109 2588 de
2142 2519 2427 2588 declaret

199 2663 232 2698 ει
279 2637 316 2704 ‘a
357 2659 504 2706 mon
553 2639 916 2706 consesseur
980 2638 1040 2705 le
1095 2638 1662 2706 commendement
1713 2635 1877 2722 qu’il
1922 2638 2137 2702 venait
2189 2637 2267 2702 de
2314 2655 2419 2702 me

205 2777 240 2814 κ
285 2751 432 2819 laire-
459 2751 564 2844 (¹).
589 2780 623 2818 n
665 2753 812 2822 Sint
832 2760 893 2821 et
922 2753 1223 2845 praesenti
1250 2752 1328 2819 de
1347 2758 1545 2820 status
1574 2749 1859 2836 religiosi
1886 2749 2256 2817 excellentia
2281 2769 2423 2815 sec-

201 2865 350 2932 tioni
375 2889 486 2957 pro
502 2867 798 2938 coronide
819 2867 1014 2936 verba
1056 2869 1222 2953 baec,
1254 2865 1501 2932 nullius
1528 2885 1661 2931 non
1684 2863 2086 2930 veneratione
2127 2869 2189 2928 et
2218 2860 2427 2928 medi-

201 2981 415 3048 tatione
439 2981 636 3072 digna
668 3006 686 3050 ε
730 2985 866 3068 Que
893 2980 1298 3051 deviendrait
1321 2980 1384 3048 le
1407 2977 1669 3061 monde,
1694 2977 1810 3046 s’il
1845 2977 1963 3066 n'y
1996 2975 2181 3042 avait
2197 2997 2328 3066 pas
2352 2971 2432 3041 de

193 3095 534 3186 reliqzeux?

255 3355 314 3412 (ί)
351 3359 563 3410 OEuvres
607 3359 674 3408 de
711 3358 874 3408 sainte
916 3356 1104 3416 Tere-re,
1143 3354 1390 3404 tracIue‘tes
1432 3353 1637 3418 d’apres
1684 3351 1756 3402 les
1793 3351 2099 3400 manus-eriis
2152 3349 2430 3413 originauae

187 3457 283 3504 pm·
309 3445 350 3495 le
387 3449 442 3497 R.
487 3449 542 3499 Ρ.
591 3447 780 3498 Marcel
825 3447 1010 3506 Βοαίῑε,
1053 3443 1196 3495 dela
1245 3432 1549 3506 Coinpaynie
1594 3441 1659 3492 de
1699 3441 1857 3498 Iesus,
1904 3443 2027 3526 tom.
2076 3443 2121 3500 1,
2160 3451 2271 3503 pag.
2319 3439 2429 3494 ⁴5⁴,

189 3531 298 3582 edit.
328 3539 454 3587 1852.
