2834 4959
404 270 484 327 78
980 276 1320 325 retornus
1367 278 1447 323 nn
1480 276 1631 323 :nnn
1678 272 2091 322 anonumum.

399 403 472 470 in
526 401 700 467 hunc
739 399 1009 469 modum
1053 422 1074 467 z
1125 401 1280 470 Non
1313 396 1799 467 considerantes
1840 394 1985 465 voti
2024 394 2505 464 solemnitatem
2520 394 2655 463 sola

401 515 718 609 Ecclesiae
745 514 1210 583 constitutione
1235 513 1583 582 inventam
1604 491 1773 595 esse5
1797 510 2059 601 triaqw
2074 508 2461 601 hujmmodi
2476 512 2652 579 socie·

405 631 570 699 tatis
583 642 768 717 vota,
786 630 1054 699 tametsi
1071 628 1441 719 simplicia,
1456 639 1533 695 ut
1550 625 2030 696 substantialia
2050 624 2385 716 reliqionis
2404 636 2555 693 vota
2572 625 2651 695 ab

405 745 530 813 hac
565 742 733 839 Sede
765 744 971 834 fuisse
996 742 1316 829 admissa,
1339 742 1597 833 illaque
1622 740 1991 809 emittentes
2024 740 2097 807 in
2123 751 2313 809 statu
2340 739 2655 830 reliqionis

373 854 552 929 'vere
573 858 918 945 constitui,
945 856 1191 948 quippe
1213 855 1332 947 qui
1347 878 1469 946 per
1486 878 1567 924 ea
1604 854 1754 945 ipsa
1776 876 1845 923 se
1872 853 2177 921 societati
2206 851 2517 923 dedicant
2555 864 2651 922 at·

407 997 528 1067 que
575 986 734 1043 actu
773 970 1055 1041 tradunt
1085 982 1279 1063 seque
1301 970 1529 1039 divino
1559 969 1835 1039 servitio
1862 969 2273 1059 mancipant.
2308 968 2399 1036 lbi
2434 970 2655 1060 pariter

407 1110 695 1180 expresse
708 1088 1069 1157 declaratur
1078 1084 1548 1155 solemnitatem
1564 1085 1697 1154 voti
1708 1084 1855 1155 sola
1870 1082 2180 1153 Ecclesiae
2188 1082 2649 1152 constitutione

411 1226 538 1273 esse
573 1205 914 1273 inventam
924 1226 950 1285 ;
989 1202 1162 1292 quod
1213 1202 1388 1271 idem
1434 1207 1529 1269 est
1548 1223 1622 1270 ac
1650 1201 1863 1269 dicere
1890 1200 2069 1267 illam
2096 1221 2235 1269 esse
2262 1198 2653 1269 institutionis

416 1341 590 1387 mere
629 1318 1090 1387 ecclesiastica.
1146 1314 1583 1387 Necdubitari
1603 1320 1807 1406 potest
1822 1314 1985 1405 quin
2003 1314 2068 1382 id
2099 1314 2475 1405 pronuntiet
2496 1312 2653 1381 Pon·
2775 1402 2776 1405 Ἴ

413 1436 564 1506 tifex
613 1434 694 1501 de
735 1432 1139 1500 solemnitate
1163 1430 1625 1500 substantiali.
1648 1430 1817 1501 Nam
1839 1430 2130 1518 loquitur
2152 1429 2233 1497 de
2258 1451 2335 1498 ea
2360 1429 2651 1498 solemni-
2775 1434 2776 1437 ’

414 1557 562 1634 tate,
585 1547 670 1617 ob
697 1568 775 1615 cu
777 1549 885 1637 jus
909 1546 1230 1615 defectum
1255 1547 1728 1615 contendebant
1746 1546 1845 1614 illi
1868 1545 2173 1635 theologi,
2196 1546 2505 1613 societatis
2521 1542 2652 1610 Jesu
2775 1620 2776 1647 ᾗ

413 1664 818 1734 scholasticos
860 1685 992 1732 non
1023 1684 1156 1733 esse
1193 1684 1340 1731 vere
1367 1662 1747 1751 religiosos:
1782 1683 1975 1755 porro
1998 1662 2401 1731 sustinebant
2418 1682 2521 1729 eos
2540 1676 2655 1725 non
2775 1650 2776 1729 ξ

415 1800 548 1846 esse
593 1799 713 1870 pro
759 1778 925 1847 veris
967 1776 1282 1867 religiosis
1335 1777 1693 1861 habendos,
1736 1798 1815 1845 eo
1857 1777 2031 1866 quod
2058 1782 2207 1845 vota
2234 1798 2457 1846 eorum
2480 1775 2657 1843 forent
2775 1756 2776 1835 ἶ

414 1894 753 1986 simplicia
761 1912 794 1977 ,·
834 1914 910 1962 ac
949 1892 1220 1983 proinde
1244 1914 1320 1962 ex
1355 1914 1433 1962 eo
1458 1894 1635 1983 quod
1666 1914 1739 1961 ea
1773 1898 1919 1961 vota
1958 1899 2257 1961 carerent
2290 1890 2661 1962 solemnitate
2775 1930 2776 1955 η

413 2006 875 2075 substantiali.
931 2004 1248 2095 Psaeterea
1303 2006 1465 2074 illos*
1498 2007 1825 2095 theologos
1880 2006 2297 2097 reprehendit
2356 2002 2621 2075 Pontifex
2638 2048 2655 2077 ,
2775 2002 2776 2072 3

418 2121 588 2211 quod
641 2142 780 2189 non
821 2118 1334 2199 considerarent,
1365 2142 1480 2189 seu
1506 2119 1701 2211 (quod
1724 2120 1899 2191 idem
1922 2125 2041 2208 est)
2076 2122 2257 2210 quod
2282 2144 2415 2191 non
2438 2118 2655 2189 admit·

419 2240 648 2315 terent,
692 2236 827 2303 voti
875 2234 1344 2305 solemnitatem
1381 2235 1517 2305 sola
1547 2234 1849 2305 Ecclesiae
1872 2238 2325 2307 constitutione
2354 2238 2537 2306 fuisso
2570 2234 2658 2299 in·
2775 2234 2776 2269 ³

421 2356 700 2420 ventam.
759 2348 882 2421 Sed
939 2372 1164 2422 omnes
1211 2351 1634 2421 admittebant
1680 2352 2149 2421 solemnitatem
2207 2347 2655 2423 accidentalem
2774 2407 2777 2439 1

421 2486 557 2531 esse
599 2464 790 2553 Juris·
817 2466 1268 2555 ecelesiastici3
1315 2473 1380 2534 et
1414 2466 1481 2533 id
1508 2466 1829 2556 negabant
1864 2467 2169 2537 duntaxat
2190 2469 2269 2536 de
2296 2464 2661 2537 solemnitate

421 2578 882 2647 substantiali.
917 2578 1094 2650 Dum
1137 2602 1291 2673 ergo
1320 2603 1605 2651 errorem
1636 2581 1727 2650 eis
1748 2582 2089 2673 exprobrat
2132 2580 2449 2666 Pontifex,
2476 2574 2659 2666 loqui-

424 2704 531 2765 tur
567 2697 790 2786 utique
830 2696 910 2764 de
953 2697 1354 2767 solemnitate
1391 2698 1818 2767 substantiali.
1854 2698 2122 2791 Insuper
2144 2702 2320 2770 idem
2349 2700 2579 2769 constat
2600 2710 2661 2759 ex

425 2811 616 2881 modo
639 2811 1065 2880 ratiocinandi
1097 2810 1449 2882 Pontificis.
1479 2812 1647 2882 Nam
1675 2822 1749 2882 ut
1764 2813 2267 2884 ostendatdictos
2286 2810 2663 2885 scholasticos

425 2947 606 3016 posse
643 2948 794 2995 cum
828 2926 980 2995 solis
1006 2924 1168 2994 votis
1202 2928 1607 3013 simplicibus
1634 2952 1771 2998 esse
1798 2952 1945 2999 vere
1966 2931 2324 3020 religiosos,
2358 2932 2478 2999 hoc
2504 2924 2661 3017 prin·

425 3040 596 3131 cipio
641 3042 893 3130 nititur,
944 3042 1088 3109 voti
1131 3043 1616 3113 solemnitatem
1668 3044 1817 3114 sola
1863 3046 2183 3116 Ecclesioe
2220 3040 2659 3118 constitutione

419 3154 625 3244 fuisse
676 3156 1056 3238 inventam,·
1123 3158 1308 3246 quasi
1371 3158 1608 3226 diceret
1662 3182 1679 3227 ε
1736 3182 1884 3229 cum
1957 3162 2325 3231 solemnitas
2393 3157 2517 3227 voti
2558 3168 2659 3243 per

425 3268 636 3357 legem
698 3291 876 3339 mere
919 3269 1416 3341 ecclesiasticam
1460 3272 1657 3343 fuerit
1696 3276 1889 3344 statui
1942 3276 2243 3366 religioso
2294 3276 2551 3364 adjecta,
2588 3262 2654 3333 ad

429 3381 768 3451 essentiam
821 3381 1016 3474 hujus
1061 3392 1260 3454 status
1305 3406 1437 3455 non
1492 3390 1795 3479 pertinet;
1850 3412 1925 3460 ac
1970 3391 2239 3481 proinde
2268 3394 2469 3483 potest
2486 3388 2663 3455 status

431 3498 768 3587 religiosus
805 3518 958 3567 cum
1003 3501 1163 3569 votis
1204 3501 1611 3592 simplicibus
1639 3506 2007 3588 subsistere,
2048 3510 2103 3577 si
2130 3505 2493 3599 Apostolica
2514 3496 2667 3569 sedes

430 3618 518 3685 ita
566 3618 797 3682 statuat
840 3615 1049 3703 quoad
1101 3616 1380 3707 aliquem
1422 3619 1871 3709 particularem
1898 3622 2347 3712 religiosorum
2364 3618 2659 3689 ordinem·

431 3728 631 3799 Porro
666 3728 830 3796 illud
872 3725 1200 3797 Pontificis
1234 3732 1651 3801 ratiocinium
1678 3734 1995 3805 absonum
2025 3737 2208 3826 foret,
2237 3737 2291 3806 si
2320 3732 2663 3825 loqueretur

431 3845 512 3913 de
582 3844 980 3913 solemnitate
1059 3844 1457 3915 accidentali.
1520 3846 1601 3917 Et
1666 3850 1927 3921 tandem
1982 3859 2197 3943 aperte
2256 3851 2344 3919 ibi
2398 3843 2661 3935 loquitur

438 3957 723 4027 Pontifex
777 3959 856 4029 de
899 3958 1300 4029 solemnitate
1347 3983 1545 4051 quam
1590 3964 1943 4035 excludunt
1990 3974 2133 4037 vota
2181 3964 2515 4057 simplicia.
2552 3948 2663 4024 S'ed

439 4080 581 4143 vota
625 4073 948 4165 simplicia
978 4096 1109 4145 non
1135 4077 1487 4147 excludunt
1516 4074 1981 4153 solemnitatem
2008 4082 2481 4164 accidentalem,
2518 4074 2661 4141 bene

437 4210 587 4258 vero
615 4188 1124 4261 substantialem.

529 4304 695 4373 Cum
755 4324 908 4391 ergo
959 4305 1310 4397 Gregorius
1363 4308 1523 4379 xlu
1564 4332 1853 4404 expresse
1902 4314 2154 4403 dixerit,
2210 4316 2340 4383 voti
2400 4294 2667 4379 solemni·
