2834 4959
1121 307 1268 356 PARS
1317 309 1535 358 PRIMA.
2383 309 2419 364 4
2429 309 2465 363 5

285 431 438 501 Nam
473 430 588 500 illa
629 451 836 501 causa
884 430 1068 516 foret,
1098 432 1201 502 vel
1232 433 1451 525 aliqua
1477 434 1823 504 auctoritas
1860 435 2031 504 hanc
2056 437 2465 512 stabilitatem

210 554 532 642 imperans,
570 547 686 617 vel
735 549 1136 618 voluntarius
1177 555 1356 620 actus
1382 551 1673 620 hominis
1700 553 1816 641 qui
1845 573 1991 622 eam
2034 555 2459 645 promitteret,

205 687 323 737 non
353 665 504 746 Deo,
530 665 650 734 sed
682 663 1086 734 hominibus.
1117 665 1313 756 Atqui
1341 673 1654 736 neutrum
1677 665 1808 735 dici
1836 674 2039 758 potest

285 780 342 848 1·
379 778 618 868 Nequit
663 778 872 848 homo
917 779 1160 848 stabilis
1199 779 1384 849 reddi
1450 783 1521 848 in
1574 781 1978 851 observantia
2025 785 2449 856 consiliorum

209 915 313 984 per
336 896 774 964 auctoritatem
825 895 894 963 id
936 896 994 962 ei
1051 894 1132 962 ab
1173 895 1533 964 extrinseco
1578 896 2031 984 imperantem.
2070 897 2237 968 Nam
2282 900 2461 970 illam

215 1011 658 1077 observantiam
695 1029 836 1076 non
865 1008 1157 1100 praecipit
1187 1008 1248 1077 ei
1295 1007 1494 1098 Deus,
1540 1009 1859 1100 siquidem
1902 1009 2078 1080 Deus
2130 1033 2265 1082 non
2296 1035 2471 1105 prae-

219 1125 358 1216 cipit
379 1126 670 1214 eonsilia3
709 1125 998 1216 alioquin
1037 1125 1305 1195 consilia
1351 1147 1487 1195 non
1512 1136 1744 1212 essent,
1800 1126 1910 1195 sed
1954 1133 2291 1218 praecepta.
2338 1127 2470 1199 Nec

221 1265 254 1309 a
287 1241 498 1310 fortiori
547 1263 712 1310 eam
770 1241 1288 1332 permanentiam
1358 1241 1417 1309 ei
1494 1240 1939 1331 obligatoriam
1986 1241 2189 1312 facere
2264 1249 2467 1336 potest

217 1357 328 1426 ulla
366 1357 484 1426 alia
535 1357 922 1425 auctoritas.
967 1355 1136 1436 Quia
1185 1355 1362 1446 quod
1415 1362 1511 1424 est
1560 1355 1866 1424 duntaxat
1918 1355 2001 1424 de
2058 1357 2355 1444 consilio,
2428 1382 2465 1428 a

207 1471 366 1539 nulla
425 1471 820 1541 auctoritate
865 1471 1157 1539 humana
1212 1472 1462 1562 imponi
1518 1477 1722 1562 potest
1778 1477 2093 1561 tanquam
2152 1471 2467 1564 obligato-

201 1586 377 1655 rium.
425 1581 626 1657 Unde
677 1585 988 1678 obligatio
1038 1585 1437 1671 stabilitatis,
1488 1607 1598 1654 seu
1649 1585 2072 1676 permanendi
2128 1587 2198 1654 in
2251 1587 2469 1656 obser-

201 1703 393 1770 vantia
415 1702 884 1789 consiliorum,
937 1721 1070 1770 non
1112 1681 1320 1792 potest
1352 1701 1477 1769 nisi
1526 1721 1603 1770 ex
1638 1701 1996 1770 voluntaria
2036 1707 2098 1770 et
2122 1701 2325 1773 libera
2350 1704 2466 1774 ho·

207 1817 382 1886 minis
405 1817 850 1908 promissione
876 1816 1060 1885 oriri.

291 1932 352 2000 2⁰
375 1931 514 2003 llaec
544 1939 782 2002 autem
803 1931 1170 2022 promissio,
1203 1932 1332 2000 nisi
1365 1930 1476 2000 fiat
1511 1929 1673 2016 Deo,
1704 1930 1771 1997 id
1796 1939 1915 2014 est,
1947 1929 2075 1997 nisi
2109 1931 2193 1997 sit
2214 1936 2463 2018 votum,

217 2067 330 2114 non
377 2035 644 2118 inducet
713 2054 1089 2139 perpetuam
1142 2046 1605 2136 obligationem
1653 2042 2077 2136 permanendi
2131 2043 2199 2111 in
2250 2029 2470 2114 obser-

209 2162 398 2230 tantia
441 2161 902 2232 consiliorum.
953 2159 1120 2230 Nam
1166 2162 1222 2232 si
1269 2161 1382 2229 fiat
1426 2159 1621 2230 alicui
1679 2157 1964 2239 homini,
2012 2157 2194 2227 verbi
2231 2157 2461 2248 gratia,

203 2275 385 2345 alicui
439 2277 791 2370 Episcopo,
845 2277 960 2367 qui
1001 2297 1146 2346 eam
1191 2282 1497 2368 acceptet,
1550 2274 1789 2342 valebit
1828 2273 2118 2364 quidem,
2174 2293 2329 2341 cum
2377 2273 2461 2341 sit

203 2399 456 2480 pactum
505 2395 590 2461 de
637 2391 901 2461 rebona
941 2400 1006 2462 et
1050 2393 1259 2476 licita3
1311 2400 1376 2460 at
1422 2389 1693 2460 cessabit
1734 2389 2043 2478 obligatio
2100 2387 2238 2474 illa,
2282 2387 2337 2454 si
2387 2388 2467 2468 is,

206 2506 308 2572 cui
353 2506 518 2576 iacta
561 2514 657 2577 est
701 2507 1071 2598 promissio,
1125 2505 1479 2575 consentiat
1535 2505 1605 2572 in
1677 2503 1849 2572 illius
1909 2502 2357 2590 cessationem;
2416 2502 2472 2570 si

213 2639 442 2709 nempe
485 2624 962 2712 promittentem
1015 2643 1054 2689 a
1111 2627 1432 2690 contracta
1478 2616 1869 2708 obligatione
1914 2616 2197 2686 liberum
2250 2616 2463 2686 decla-

219 2743 370 2804 ret:
417 2761 561 2828 quae
609 2741 938 2810 declaratio
991 2761 1144 2809 cum
1191 2741 1391 2830 possit
1441 2736 1729 2830 quotidie
1788 2738 1927 2805 fieri
1973 2737 2053 2804 ad
2104 2735 2450 2804 arbitrium

221 2850 394 2920 illius
439 2856 545 2945 qni
581 2857 1068 2948 promissionem
1113 2856 1488 2946 acceptavit,
1521 2853 1811 2944 sequitur
1864 2851 2127 2918 firmam
2176 2857 2238 2918 et
2264 2849 2471 2918 stabi-

219 2964 348 3034 lem
389 2990 512 3039 non
545 2993 672 3042 esse
723 2973 1186 3064 obligationem
1236 2992 1312 3038 ex
1355 2968 1467 3038 tali
1518 2967 1947 3059 promissione
1990 2969 2225 3034 ortam.
2277 2961 2465 3034 Unde

213 3102 424 3154 revera
456 3095 526 3156 nt
573 3091 657 3156 sit
703 3088 950 3157 stabilis
985 3096 1052 3158 et
1101 3087 1180 3155 de
1216 3105 1287 3154 se
1312 3091 1621 3175 perpetua
1670 3082 1977 3172 obligatio
2013 3079 2177 3163 haec,
2210 3099 2491 3174 necesse⁸

215 3205 306 3264 est
343 3221 482 3270 eam
538 3203 790 3273 firmari
839 3225 954 3296 per
1005 3207 1255 3285 votum,
1311 3219 1425 3268 seu
1478 3220 1589 3289 per
1634 3197 2129 3289 promissionem
2188 3193 2321 3264 Deo
2374 3194 2465 3264 l'a·

219 3316 403 3384 ctam.
471 3316 642 3408 Ergo
717 3317 798 3386 ad
862 3317 1258 3405 completum
1315 3312 1719 3406 perfectionis
1774 3310 2185 3403 acquirendae
2238 3315 2473 3380 statum

215 3430 554 3518 requiritur
593 3441 666 3502 ut
716 3433 841 3503 tria
891 3431 1260 3522 evangelica
1308 3427 1579 3498 consilia
1621 3429 1755 3497 voti
1806 3427 2067 3498 vinculo
2102 3427 2469 3496 firmentur.

298 3535 492 3608 Nota.
539 3579 634 3592 —
661 3539 814 3610 Haec
855 3539 933 3608 de
955 3551 1174 3608 status
1195 3533 1616 3628 perfectionis
1656 3543 1907 3602 natura
1934 3535 2003 3602 in
2052 3531 2349 3626 praesenti
2379 3550 2479 3596 se-

214 3653 420 3723 ctione
453 3657 916 3748 praemisimuS,
969 3661 1044 3724 ut
1090 3655 1259 3723 viam
1309 3659 1739 3720 sterneremus
1788 3649 1867 3718 ad
1919 3643 2469 3718 fundamentalem

73 3857 80 3862 ὁ
215 3770 651 3858 quaestionem,
681 3793 861 3844 nunc
890 3767 1395 3862 expendendam,
1422 3765 1503 3834 de
1536 3775 1753 3834 status
1788 3762 2085 3854 reliqiosi
2109 3757 2386 3829 essentia
2410 3763 2472 3828 et

218 3889 382 3952 recta
403 3885 688 3956 notione.
