2834 4959
1135 329 1286 378 rias
1325 331 1564 379 raam.
2346 329 2471 410 *521

195 456 322 526 lica
358 458 504 525 vota
561 451 730 538 hm,
771 453 845 536 in
899 450 1264 526 recentibus
1311 451 1536 522 Galliae
1588 456 2011 528 conventibus
2056 458 2310 540 emissa,
2358 485 2481 552 pro

195 567 602 642 solemnibus
627 576 987 660 acceptare,
1011 589 1145 639 non
1165 569 1308 638 ideo
1347 568 1535 636 desiit
1556 568 1781 640 eadem
1808 571 2098 644 instituta
2126 575 2197 642 in
2233 580 2481 648 caeteris

195 686 584 779 approbare3
633 707 846 776 neque
895 687 1366 756 item·revocata
1393 691 1488 752 est
1515 685 1804 776 facultas,
1840 687 2152 779 legitimis
2173 692 2477 784 superio-

194 800 384 871 ribus
421 799 611 869 initio
662 800 842 884 data,
887 799 1010 870 Dei
1037 808 1098 870 et
1121 799 1421 870 Ecclesiae
1450 801 1713 870 nomine
1758 809 1913 872 vota
1964 804 2035 872 iu
2064 805 2141 874 iis
2176 806 2481 879 institutis

193 917 435 989 emissa
467 915 852 1008 acceptandi.
899 915 1087 985 Unde
1135 915 1318 984 nulla
1373 922 1468 984 est
1515 917 1677 985 ratio
1724 939 1841 986 cur
1894 918 2083 989 dictae
2110 920 2473 994 Galliarum

195 1029 512 1103 moniales
538 1051 576 1100 a
611 1035 809 1100 status
837 1029 1120 1118 religiosi
1151 1030 1422 1098 essentia
1446 1030 1705 1120 deiectae
1730 1039 2131 1102 censeantur.
2164 1034 2337 1105 Hinc
2356 1059 2475 1128 pro

197 1147 368 1217 veris
397 1151 460 1215 et
487 1146 744 1238 proprie
767 1145 956 1215 dictis
1007 1144 1329 1235 reliqiosis
1351 1143 1669 1216 habendae
1708 1154 1886 1237 sunt,
1918 1152 1989 1219 in
2024 1150 2256 1219 stricto
2277 1151 2479 1242 hujus

201 1265 378 1333 vocis
405 1285 638 1332 sensu:
695 1283 831 1332 non
875 1267 1096 1332 tamen
1145 1262 1298 1330 tales
1327 1268 1479 1330 sunt
1526 1264 1599 1330 in
1640 1267 1921 1354 quodam
1976 1267 2105 1336 alio
2156 1269 2480 1337 strictiori

201 1399 429 1465 sensu,
449 1378 806 1466 frequenter
846 1378 1146 1468 usurpari
1183 1377 1394 1461 solito,
1446 1400 1577 1467 quo
1602 1401 1841 1470 nempe
1870 1403 2021 1450 voce
2050 1381 2161 1450 illa
2189 1383 2474 1473 reliqio-

201 1515 429 1564 sorum
453 1493 502 1562 ii
527 1493 648 1564 soli
671 1491 1123 1584 designantur,
1175 1494 1288 1582 qui
1335 1514 1453 1584 per
1478 1499 1622 1562 vota
1652 1494 1969 1568 solemnia
2014 1497 2474 1587 professionem

201 1608 580 1681 emiserunt.

1168 1935 1446 2006 CAPUT
1476 1880 1569 2008 11.⁵

203 2201 290 2250 AN
333 2201 638 2250 MONIALES
679 2201 907 2250 emm
927 2233 945 2262 ,
995 2201 1130 2255 QUAE
1169 2201 1252 2247 Ex
1295 2201 1615 2248 INSTITUTO
1664 2201 1823 2250 von
1868 2203 2015 2250 TRIA
2056 2202 2365 2255 smP'LIcIA
2406 2205 2471 2252 IN

291 2301 646 2348 PERPETUUM
687 2300 1022 2360 nmmum,
1047 2300 1290 2358 „STATUS
1335 2301 1636 2348 RELIGIOSI
1677 2302 2023 2349 ESSENTIAH
2058 2303 2349 2350 HABEANT
2373 2287 2403 2349 ’ἶ

747 2377 774 2406 0

293 2530 762 2603 Proenotanda.
780 2569 871 2584 ·-
893 2537 958 2602 1⁰
988 2529 1469 2602 Correlativum
1496 2540 1591 2602 est
1620 2535 1927 2604 moniales
1947 2533 2271 2626 simplicia
2291 2536 2471 2604 duu-

206 2655 375 2717 taxat
392 2653 534 2717 vota
553 2648 866 2730 emittere,
885 2651 950 2715 et
973 2645 1056 2714 ad
1077 2646 1446 2715 clausuram
1468 2643 1547 2712 de
1551 2645 2062 2734 jurecommum'
2086 2670 2217 2716 non
2244 2651 2472 2718 teneri.

205 2762 470 2833 Etenim
508 2762 952 2833 ecclesiasticae
990 2760 1164 2851 leges
1199 2760 1567 2829 clausuram
1616 2758 2053 2844 decernentes,
2108 2783 2241 2828 non
2276 2770 2481 2849 agunt

205 2878 336 2948 nisi
369 2878 448 2948 de
491 2877 886 2946 monialibus
913 2897 1038 2968 per
1078 2875 1481 2945 solemnium
1522 2878 1819 2943 votorum
1842 2872 2253 2942 emissionem
2278 2877 2480 2964 profi-

205 2993 508 3066 tentibus.
541 2992 714 3062 Hinc
747 2992 864 3062 etsi
889 2991 1122 3082 aliquae
1149 2990 1539 3060 monialium
1586 2987 2133 3078 congregationes,
2172 2988 2480 3058 solemni-

169 3091 180 3100 ·
204 3110 333 3180 bus
359 3109 516 3179 votis
539 3113 820 3192 carentes
840 3107 1212 3177 clausuram
1236 3112 1514 3192 servent,
1544 3127 1675 3175 non
1718 3111 1932 3175 tamen
1959 3105 2037 3174 ad
2059 3123 2201 3177 eam
2224 3106 2291 3172 vi
2322 3104 2481 3194 legis

204 3225 675 3312 ecclesiastieae,
711 3224 822 3294 sed
861 3229 1112 3294 tantum
1139 3227 1227 3293 ex'
1265 3225 1541 3315 propriae
1594 3224 1835 3313 regulae
1876 3221 2269 3313 praescripto,
2318 3219 2481 3290 obli-

207 3347 468 3432 gantur.
501 3342 665 3423 Quai
685 3346 1018 3432 propterea
1043 3340 1348 3411 dicuntur
1375 3338 2002 3432 Papalis'clausuroe
2016 3336 2149 3428 legi
2172 3358 2305 3409 non
2322 3335 2478 3406 sub-

202 3479 444 3552 jacere.

293 3573 362 3642 2⁰
393 3571 582 3654 Quod
629 3569 861 3640 nonin
893 3567 1107 3638 Gallia
1133 3569 1441 3638 duntaxat
1475 3573 1539 3637 et
1567 3565 2039 3638 recentioribus
2077 3565 2483 3656 temporibus

203 3689 562 3761 exstiterint
633 3685 954 3778 ejusmodi
1017 3683 1615 3756 sanctimonialium
1680 3675 2235 3775 congregationes,
2316 3680 2479 3747 votis

206 3779 604 3876 solemnibus
647 3810 710 3871 et
767 3799 1028 3892 Papalis
1063 3800 1380 3872 clausurae
1426 3801 1567 3890 lege
1614 3805 1923 3890 expertes,
1976 3797 2191 3890 palam
2237 3796 2485 3865 faciunt

204 3922 540 4012 sequentia
603 3918 802 3988 verba
877 3913 1234 3984 Cardinalis
1283 3913 1360 3982 de
1411 3917 1615 3998 Luca,
1670 3935 1815 4004 quae
1882 3915 2147 4004 insuper
2206 3910 2285 3979 ad
2328 3910 2483 3978 illu-

202 4040 534 4110 strandam
601 4040 987 4110 earumdem
1070 4039 1454 4106 canonicam
1525 4033 1963 4105 conditionem
2018 4030 2197 4099 haud
2247 4047 2479 4120 parurn

203 4156 501 4248 prodesse
542 4155 678 4226 visa
733 4161 906 4224 sunt.
979 4154 1086 4224 Sic
1155 4173 1392 4243 nempe
1444 4149 1707 4218 adnotat
1757 4146 2057 4218 laudatus
2122 4143 2481 4216 Cardinalis

207 4271 308 4362 (de
327 4270 802 4363 Reqularibus,
831 4271 1126 4340 discursu
1159 4269 1224 4354 1,
1251 4290 1321 4339 n.
1365 4265 1493 4334 126
1540 4271 1605 4332 et
1630 4265 1791 4354 seq.)
1818 4285 1837 4334 ε
1894 4288 1933 4330 ι(
1960 4259 2297 4343 Moniales,
2333 4277 2479 4348 quoe

211 4411 248 4456 α
275 4390 566 4481 virgines
631 4387 764 4460 Deo
815 4395 1097 4477 sacratae,
1147 4385 1252 4456 vel
1321 4379 1867 4468 sanctimoniales,
1900 4381 1971 4450 in
2017 4385 2297 4470 utroque
2331 4377 2481 4468 Jure
