2834 4959
334 328 458 389 600
899 336 1240 385 mactmus
1279 334 1360 381 m:
1395 332 1546 379 mm:
1594 328 2015 377 assummum.

344 485 377 527 α
399 458 663 530 cilium:
705 478 857 549 ergo
911 456 1128 528 adhuc
1157 460 1378 527 menet
1425 451 1547 523 sub
1584 449 1789 545 priori
1816 446 2162 543 Episcopo,
2202 448 2272 520 in
2320 449 2427 518 his
2455 470 2623 540 quae

345 600 379 639 α
401 572 689 643 absolute
765 574 1124 664 respiciunt
1174 588 1520 663 personam
1599 584 1823 637 suam:
1876 584 2033 655 ongo
2080 564 2167 635 ab
2234 562 2344 636 illo
2386 566 2617 635 adhuc

345 716 380 759 «
410 689 645 783 pendet
677 688 748 761 in
792 690 1023 762 litteris
1063 686 1483 759 demissoriis.
1528 682 1621 753 Ex
1668 680 1915 771 quibus
1972 681 2275 771 sequitur
2296 730 2317 768 ,
2372 687 2617 751 attento

343 830 376 872 α
393 805 544 895 ⁸iure
573 805 934 894 communi,
967 806 1040 875 in
1083 805 1208 873 hoc
1245 800 1521 871 minime
1545 796 1883 889 penderes
1932 795 2199 887 praelato
2255 795 2621 887 religionis,

342 944 378 987 α
401 940 556 989 cum
585 941 702 1012 pro
727 941 806 991 eo
855 926 1143 1011 tempore
1181 936 1316 987 non
1373 914 1605 983 habeat
1644 909 2173 1002 jurisdictionem
2230 912 2627 1003 simpliciter

346 1058 380 1101 «
409 1034 591 1123 quasi
622 1034 1052 1127 episcopalem
1099 1032 1174 1104 in
1215 1030 1435 1110 illum,
1484 1026 1609 1097 sed·
1652 1023 1861 1115 magis
1886 1025 2284 1107 limitatam,
2311 1027 2395 1099 nd
2420 1026 2627 1099 finem

343 1170 382 1213 α
408 1143 652 1215 scilicet
699 1146 1116 1237 probationis.
1162 1144 1314 1214 Dixi
1357 1151 1619 1211 attento
1644 1139 1804 1231 jure
1841 1138 2213 1223 commuta}
2234 1141 2399 1231 quia
2436 1143 2495 1211 si
2520 1164 2627 1211 re·

349 1257 568 1349 «ligio
621 1258 923 1332 hahuerit
975 1259 1152 1351 quod
1213 1256 1489 1350 speciale
1548 1252 1999 1346 privilegium,
2048 1254 2225 1323 sicut.
2274 1254 2469 1325 habet
2508 1278 2627 1325 so-

351 1397 387 1441 «
421 1374 616 1443 cletas
655 1372 834 1465 Jesu,
875 1380 1031 1445 tunc
1069 1374 1307 1466 poterit
1381 1373 1651 1442 illorum
1718 1368 2021 1461 praelatus
2080 1368 2197 1437 has
2243 1369 2489 1439 litteras
2531 1374 2629 1440 eis

237 1541 258 1557 .
349 1514 385 1553 «
410 1488 760 1557 concedere
809 1487 1238 1573 demissorias,
1289 1486 1460 1555 sicut
1494 1484 1636 1554 aliis
1664 1484 1985 1577 professis.
2016 1506 2053 1549 n
2094 1483 2245 1553 Haec
2278 1484 2631 1557 Suaroeius

340 1603 480 1673 loco
526 1604 738 1671 citato.
799 1601 935 1671 Alii
1016 1624 1167 1671 vero
1222 1602 1515 1671 doctores
1596 1599 1822 1688 multi,
1876 1604 2088 1669 tenent
2136 1600 2630 1671 ordinationem

343 1716 570 1786 novitii
597 1721 881 1809 spectare
916 1716 997 1787 ad
1039 1716 1436 1808 Episcopum
1480 1715 1607 1785 loci
1630 1716 1703 1785 in
1724 1734 1858 1807 quo
1900 1720 1997 1785 est
2022 1714 2376 1784 novitiatus.
2438 1715 2629 1785 luter

342 1830 502 1903 alios
575 1831 890 1915 Ferraris,
972 1838 1315 1925 postquam
1389 1831 1812 1923 praemonuit,
1898 1834 2183 1920 spectare
2276 1829 2633 1901 ordinatio-

345 1970 502 2019 nem
546 1948 720 2017 hanc
777 1947 861 2018 ad
923 1948 1264 2041 proprium
1315 1946 1738 2038 Episcopum,
1810 1944 1903 2017 sic
1952 1944 2131 2015 addit
2186 1946 2369 2038 (voce
2416 1946 2635 2017 Novi-

357 2064 589 2152 tiatus‚
615 2084 684 2133 n.
715 2062 868 2154 95):
925 2088 958 2129 α
985 2063 1340 2155 Episcopus
1368 2068 1589 2132 autem
1616 2062 1923 2154 proprius
1966 2066 2060 2130 est
2104 2058 2461 2153 Episcopus
2500 2062 2636 2133 loci

359 2202 396 2243 «
421 2178 792 2247 monasterii
849 2179 920 2245 in
949 2198 1084 2267 quo
1127 2178 1412 2248 novitius
1466 2176 1599 2267 egit
1632 2175 2061 2260 novitiatum3
2113 2179 2291 2265 {cum
2344 2177 2629 2247 novitius

361 2314 398 2357 «
419 2292 754 2363 contrahat
775 2292 1188 2363 domicilium
1213 2294 1280 2362 in
1323 2292 1463 2362 loco
1488 2293 1559 2361 in
1586 2312 1721 2382 quo
1750 2292 1883 2381 agit
1914 2312 2173 2361 annum
2207 2292 2627 2383 probationis,

367 2430 404 2470 «
431 2428 506 2475 ex
565 2408 797 2475 notatis
867 2406 1306 2484 communiter
1344 2427 1457 2499 per
1502 2406 1821 2477 doctores.
1870 2430 1905 2472 n
1966 2404 2142 2477 Vide
2162 2408 2353 2476 etiam
2376 2404 2631 2497 Fagna-

359 2540 548 2605 num,
575 2521 644 2589 id
659 2522 1084 2591 sustinentem
1113 2521 1210 2613 (in
1234 2542 1378 2614 cap.
1407 2523 1581 2593 Cum
1602 2522 1802 2605 inter,
1820 2521 1899 2591 de
1918 2521 2270 2593 Sententia
2286 2532 2353 2591 et
2370 2520 2593 2613 rejud.
2604 2574 2623 2605 ‚

356 2653 426 2702 n.
461 2632 553 2723 8).

451 2749 519 2819 3?
550 2750 656 2818 An
679 2748 901 2839 abbas,
927 2751 1041 2841 qui
1069 2754 1271 2842 potest
1309 2751 1594 2820 minores
1640 2750 1901 2820 ordines
1947 2753 2081 2821 suis
2110 2750 2433 2843 religiosis
2472 2774 2626 2823 con-

365 2863 554 2947 ferre,
583 2864 760 2937 idem
787 2865 989 2935 valeat
1014 2865 1224 2956 quoad
1247 2867 1521 2935 novitios
1548 2886 1723 2950 suos,
1752 2872 1847 2935 est
1868 2868 2139 2957 quaestio
2160 2867 2349 2937 valde
2374 2874 2626 2937 contro-

363 3000 566 3049 versa.
609 2980 1090 3051 Affirmetivam
1140 2980 1421 3051 defendit
1460 2980 1834 3071 Fingamus,
1891 2981 2033 3053 loco
2070 2982 2310 3053 citato:
2378 2984 2631 3074 negeti-

366 3113 514 3163 vam
537 3093 845 3179 Fennis,
875 3116 1028 3165 voce
1051 3094 1465 3183 Novitiatus‚
1497 3117 1565 3163 n.
1602 3093 1715 3164 93.

1299 3429 1580 3501 CAPUT
1606 3428 1693 3501 X.

873 3572 880 3579 ’
965 3602 1042 3649 ns
1085 3602 1467 3653 novmontm
1510 3602 2030 3653 onucArromsus.

457 3795 510 3865 1.
545 3794 893 3886 Regulsset
915 3804 1228 3891 proecepta
1245 3801 1495 3871 ordinis
1530 3801 1637 3871 sui
1670 3801 2010 3873 observare
2054 3824 2191 3873 non
2228 3798 2537 3873 tenentur
2562 3824 2641 3871 ex

371 3910 630 4004 proprie
659 3910 828 3982 dicta
853 3912 1266 4003 obligatione.
1318 3914 1412 3985 lta
1458 3916 1749 3987 doctores
1776 3920 2203 4003 unanimiter,
2240 3940 2318 3989 ea
2342 3920 2513 3990 ducti
2532 3937 2645 3983 ra-

370 4024 568 4111 tione,
589 4024 762 4117 quod
791 4026 1054 4099 nullum
1091 4030 1402 4119 assignari
1428 4032 1633 4101 valeat
1660 4032 1985 4123 ejusmodi
2028 4032 2439 4122 obligationis
2466 4029 2637 4095 fun-

368 4140 752 4210 damentum
795 4141 970 4232 (vide
1015 4140 1615 4235 Schmalzgrueber,
1654 4145 1726 4217 in
1762 4147 2029 4219 titulum
2074 4147 2158 4217 de
2208 4141 2651 4239 Reqularibus

371 4274 442 4325 n.
467 4253 554 4323 85
587 4260 652 4324 et
669 4255 862 4348 seq.).

455 4368 537 4439 Il.
574 4371 762 4452 Quod
803 4378 1018 4444 tamen
1051 4396 1128 4445 ex
1158 4376 1439 4467 quadam
1478 4377 1777 4451 decentia
1822 4352 2427 4451 teneatur'novitius
2446 4374 2649 4447 dictas
