2834 4959
418 377 542 432 448
961 383 1312 430 nmmos
1355 383 1436 428 m:
1476 367 1624 428 iuni:
1670 378 2089 428 assummum.

419 531 456 572 «t
499 503 712 587 steria,
761 503 864 570 vel
905 503 974 572 in
1024 504 1246 572 divino
1295 503 1504 584 cultu,
1554 503 1655 570 vel
1699 503 1893 571 etiam
1944 502 2012 569 in
2062 499 2269 570 salute
2317 499 2677 570 animarum

423 645 458 686 ι(
504 617 909 709 procuranda
936 617 1051 708 (1).
1085 644 1120 684 »
1158 617 1509 687 Affirmant
1532 621 1747 684 autem
1783 614 2027 684 laudati
2064 613 2349 705 theologi
2384 614 2509 683 sibi
2546 617 2675 686 suf-

413 736 646 826 lragari
683 734 753 802 S.
787 733 1134 817 Thomam,
1170 756 1246 800 ex
1287 735 1477 822 eujus
1518 735 1831 800 sententia
1872 731 2179 823 Apostoli
2212 730 2681 822 intelliquntm·

413 843 664 914 vovisse
684 840 1095 932 pertinentia
1119 839 1215 907 ad
1227 839 1659 931 perfectionis
1698 849 1975 924 statum,
2022 837 2289 930 quando
2328 839 2673 922 Christian,
2755 849 2756 920 ]

410 955 660 1024 relictis
705 939 1034 1035 omnibus,
1076 964 1232 1020 sunt
1275 953 1487 1021 secuti
1530 951 1663 1044 (2);
1719 951 2075 1043 eodemque
2130 954 2455 1043 pertinere
2516 954 2673 1044 quod
2755 1019 2756 1036 2

409 1071 633 1140 scribit
657 1069 827 1138 idem
851 1067 1208 1158 Angelicus
1233 1066 1493 1154 Doctor,
1524 1091 1568 1135 a
1594 1065 1938 1159 discipulis
1970 1066 2218 1138 Chresti
2244 1091 2513 1137 omnem
2538 1069 2675 1138 reli·
2755 1073 2756 1134 3

407 1187 668 1278 qionem
693 1183 1042 1276 sumpsisse
1067 1183 1394 1273 oriqinem
1420 1181 1543 1274 (3);
1596 1183 1896 1273 quodque
1928 1181 2087 1252 alibi
2114 1205 2191 1251 ex
2226 1183 2673 1253 Collationibus
2755 1195 2756 1206 ¹

411 1301 680 1370 Petrum
721 1301 832 1378 ait,
862 1320 1125 1366 omnem
1153 1296 1539 1388 reliqionem
1570 1296 1655 1364 ab
1698 1297 1823 1366 illa
1858 1309 2095 1368 sancta
2124 1298 2432 1368 societate
2464 1321 2672 1391 sump-

409 1415 564 1484 sisse
585 1412 930 1482 exordium
963 1411 1088 1504 (4);
1120 1433 1376 1481 necnon
1410 1412 1477 1478 in
1510 1413 1823 1502 opusculo
1854 1413 1935 1481 de
1962 1415 2354 1504 perfectione
2382 1415 2529 1485 vitae
2552 1417 2673 1506 spi·

411 1531 687 1615 ritualiS,
725 1530 803 1598 de
839 1533 1084 1620 septem
1125 1526 1412 1596 diaconis
1454 1527 1725 1616 loquens
1767 1551 1783 1597 ε
1830 1552 1863 1594 «
1887 1528 1949 1598 Α
1984 1551 2295 1620 quorum,
2330 1533 2541 1620 inquit
2568 1529 2673 1622 (5),

421 1668 457 1712 α
504 1647 794 1735 exemplo
837 1665 1064 1714 omnes
1109 1643 1453 1733 religiones
1480 1643 1781 1712 derivatae
1820 1649 1995 1713 sunt.
2030 1671 2067 1710 »
2100 1645 2452 1714 Observant
2482 1647 2677 1714 iidem

412 1762 618 1829 vitam
662 1761 1028 1848 religiosam
1061 1780 1100 1828 a
1125 1755 1240 1827 SS.
1271 1757 1571 1827 Patribus
1614 1779 2092 1849 nonnunquam
2122 1762 2335 1830 vocari
2374 1761 2677 1852 apostoli·

406 1897 559 1948 cam
587 1899 697 1945 seu
725 1875 1203 1966 evanqelicam‚
1241 1881 1310 1942 ut
1339 1874 1437 1958 fit,
1489 1897 1553 1942 v.
1589 1896 1688 1964 g„
1718 1895 1755 1942 a
1784 1871 1900 1945 SS.
1946 1874 2187 1944 Basilio
2214 1875 2451 1966 Magno
2496 1875 2584 1968 (6)
2622 1882 2677 1944 et

409 1991 739 2060 Bernardo
794 1991 912 2082 (7);
967 2011 1242 2079 eamque
1291 1990 1629 2079 praedicari
1670 2011 1709 2056 a
1766 1989 1833 2057 S.
1870 1989 2345 2080 ,chrysostomo
2398 1991 2677 2082 philoso-

409 2105 645 2195 phiam
675 2130 717 2172 α
751 2105 1010 2172 Christo
1039 2103 1495 2171 introductam
1524 2102 1639 2194 (8),
1678 2129 1715 2169 ι(
1745 2105 1994 2203 utique,
2034 2106 2247 2196 inquit
2284 2105 2537 2195 Sylvius
2568 2106 2669 2196 (9),

421 2244 456 2285 α
495 2220 565 2284 in
593 2219 950 2308 Apostolos,
999 2239 1076 2286 ac
1120 2218 1351 2286 deinde
1398 2217 1463 2284 in
1504 2218 1797 2307 ipsorum
1832 2235 2252 2308 successores,
2304 2245 2340 2286 η
2390 2222 2673 2310 quemad-

415 2325 687 2394 modum
738 2324 910 2392 hanc
953 2323 1302 2390 dictionem
1353 2324 1548 2390 etiam
1598 2322 1991 2394 intellexerat
2038 2326 2107 2395 S.
2155 2326 2368 2414 Nilus,
2421 2330 2672 2419 Chryso-

413 2439 607 2506 stomi
637 2437 994 2528 discipulus
1042 2434 1202 2528 (10).
1256 2435 1479 2527 Neque
1510 2437 1848 2507 dissentire
1894 2441 2165 2510 credunt
2206 2452 2537 2514 auctorem
2576 2445 2671 2534 qni

412 2553 648 2620 saeculo
711 2557 940 2667 quarto
1006 2551 1504 2622 Constitutiones
1580 2555 1965 2624 monasticas
2012 2559 2445 2648 conscripsit,
2502 2558 2670 2648 vulgo

412 2664 481 2734 S.
517 2667 740 2736 Basilii
767 2639 968 2736 dictas
997 2663 1158 2758 (11),
1191 2667 1449 2756 quando
1486 2667 1573 2734 ait
1608 2689 2031 2737 communem
2057 2671 2464 2760 regularium
2497 2675 2669 2741 vitam

413 2803 547 2850 esse
597 2783 1022 2850 imitationem
1067 2781 1243 2850 illius
1287 2803 1489 2871 quam
1524 2783 1816 2852 Christus
1860 2804 2015 2853 cum
2054 2788 2189 2855 suis
2234 2787 2609 2878 Apostolis
2594 2810 2671 2856 m·

413 2898 615 2968 stituit
665 2897 842 2988 (12);
899 2919 1110 2986 neque
1161 2896 1543 2981 Eusebium,
1616 2898 1875 2986 quando
1930 2900 2014 2987 in
2066 2902 2671 2970 commendationem

417 3021 886 3088 monachorum
915 3041 1025 3088 seu
1055 3020 1320 3088 illorum
1350 3022 1463 3107 qui
1492 3041 1829 3107 segregem
1862 3028 1926 3088 et
1957 3030 2197 3091 castam
2238 3026 2440 3094 vitam
2462 3029 2667 3114 agunt,

477 3292 542 3352 (1)
573 3289 792 3353 zunggo,
817 3291 910 3340 loc.
945 3291 1031 3338 cit.
1057 3299 1166 3352 cap.
1199 3292 1248 3350 2,
1271 3301 1384 3352 pag.
1420 3289 1509 3348 2ος
1528 3299 1639 3350 cap.
1664 3292 1713 3348 6,
1746 3301 1862 3352 pag.
1893 3293 1953 3341 48
1982 3293 2035 3342 et
2052 3304 2190 3356 seqq.

483 3382 546 3440 (2)
571 3383 616 3429 2.
651 3383 700 3438 2,
725 3387 903 3441 quaest.
939 3383 1141 3441 88,art.
1169 3382 1218 3440 4,
1247 3380 1312 3428 ad
1345 3383 1397 3432 3.

479 3469 543 3532 (3)
568 3467 715 3524 mid..
735 3475 834 3517 art.
880 3473 923 3518 7.

479 3559 545 3619 (4)
567 3557 624 3606 In
651 3555 809 3620 Epist.
831 3558 852 3605 1
878 3553 948 3604 ad
970 3543 1125 3615 Cor.‚'
1141 3567 1250 3616 cap.
1279 3558 1356 3617 16,
1384 3551 1501 3605 lect.
1530 3559 1575 3616 1,
1608 3557 1737 3604 tom.
1768 3558 1797 3605 6
1831 3553 2071 3618 Operum,
2103 3568 2216 3620 pag.
2244 3559 2361 3607 359.

479 3647 542 3716 (5)
565 3644 638 3693 De
655 3643 867 3707 pes-fect.
899 3643 1016 3690 vita·
1034 3642 1224 3705 spirit„
1255 3653 1363 3704 cap.
1389 3643 1472 3702 23,
1512 3645 1636 3691 tom.
1668 3644 1725 3692 19
1751 3640 1921 3705 oper„
1942 3655 2055 3706 pag.
2078 3647 2191 3694 422.

485 3737 550 3796 (0)
571 3731 728 3796 Epist.
758 3731 864 3790 173,
894 3732 982 3779 207
1011 3733 1062 3780 et
1091 3731 1202 3790 295,
1223 3732 1349 3778 tom.
1377 3732 1405 3778 3
1435 3727 1608 3792 Oper„
1626 3743 1747 3794 pag.
1776 3734 1889 3792 261,
1922 3735 2017 3782 340
2042 3736 2094 3781 et
2120 3733 2233 3791 433,
2266 3731 2391 3784 edit.
2422 3731 2570 3782 Maur.

481 3824 552 3884 (7)
579 3821 739 3872 Serm.
765 3819 827 3902 ἀρ
855 3819 1038 3867 divers.
1061 3819 1141 3878 22,
1166 3821 1246 3876 27,
1277 3821 1357 3878 37,
1389 3815 1486 3868 vol.
1516 3820 1537 3867 1
1569 3815 1739 3880 oper„
1766 3817 1869 3869 col.
1908 3821 2045 3881 1127,
2078 3823 2216 3881 1140,
2257 3824 2397 3882 1101,
2436 3821 2556 3870 edit.
2587 3817 2670 3870 Ha·

425 3909 594 3960 billon-

479 4001 546 4060 (8)
565 3999 713 4048 Hom.
745 4000 796 4050 17
829 3995 898 4048 ad
915 4007 1032 4060 pop.
1058 3993 1328 4055 Antium„
1365 3997 1489 4045 tom.
1518 3993 1751 4058 iopen,
1784 4007 1898 4058 pag.
1934 3999 2042 4048 173.

488 4087 555 4148 (9)
584 4085 702 4136 Loc.
733 4088 820 4137 cit.

486 4177 584 4238 (10)
623 4175 752 4224 Libr.
791 4176 990 4226 ascetic.
1035 4173 1090 4224 tu
1117 4171 1285 4234 Magn.
1323 4170 1455 4222 Bibl.
1487 4171 1656 4232 Patr„
1682 4173 1813 4222 tom.
1842 4173 1892 4234 5,
1917 4171 2012 4222 col.
2041 4174 2133 4224 339
2154 4176 2205 4223 et
2230 4175 2341 4235 340,
2364 4175 2486 4226 odit.
2510 4173 2643 4224 Paris
2630 4202 2665 4227 ι

525 4267 575 4315 4.

435 4268 588 4416 16(411)
619 4351 729 4402 Ctr.
755 4351 816 4402 D.
843 4351 1068 4412 Garum,
1097 4352 1220 4401 tom.
1243 4352 1272 4400 2
1303 4348 1526 4410 operum
1550 4349 1601 4398 S.
1628 4347 1813 4411 Basilii,
1844 4347 1987 4400 Praer.
2014 4361 2128 4413 pag.
2154 4347 2283 4400 XLV
2300 4356 2353 4400 et
2374 4363 2517 4414 seqq.

483 4439 577 4500 (12)
611 4435 824 4486 Constit.
847 4439 1064 4488 monast.
1100 4449 1210 4502 cup.
1251 4439 1305 4488 18
1331 4437 1477 4498 0122,
1500 4439 1629 4486 tom.
1666 4439 1697 4486 2
1725 4433 1875 4500 Oper.
1904 4435 1957 4486 S.
1982 4433 2167 4494 naum.
2190 4448 2239 4498 p.
2275 4437 2363 4488 561
2386 4443 2439 4487 et
2470 4439 2583 4489 573
