2834 4959
382 327 464 384 42
949 333 1287 382 TRACTATUS
1331 335 1411 382 ΒΕ
1456 335 1605 382 JURE
1650 333 2068 382 REGULAana

373 457 596 526 silium
651 454 956 524 castitatis
993 454 1073 523 ad
1123 455 1511 524 removenda
1564 455 2031 546 impedimenta
2060 473 2208 543 quae
2262 474 2335 520 ex
2376 452 2623 542 quibus-

374 572 533 640 libet
569 570 982 640 sensibilibus
1006 570 1541 641 delectationibus
1566 570 1724 644 oriri
1746 577 2039 662 possunt.

469 687 752 778 objicies
799 687 892 754 2⁰.
951 712 1044 738 -ι-
1089 683 1258 754 Sunt
1314 686 1507 754 bona-
1534 683 1819 770 externa,
1876 705 2159 776 quorum
2218 685 2625 775 acquirendo-

373 825 524 872 rum
581 804 904 894 appetitus
956 808 1018 870 et
1071 799 1439 870 sollicitudo
1510 801 1695 869 valde
1766 823 1803 868 a
1880 801 2287 889 perfectionis
2338 820 2624 889 prosecu-

369 915 546 994 tione
585 916 978 1007 impediunt,
1007 915 1098 984 'et
1154 930 1304 1004 quae
1355 921 1575 984 tamen
1612 938 1653 984 a
1707 915 1891 983 nulio
1918 935 1995 986 ex
2030 913 2237 982 tribus
2262 913 2625 1002 evangelicis

371 1023 658 1094 consiliis
695 1029 1136 1093 removentur.
1185 1021 1363 1091 Talis
1411 1029 1511 1090 est
1551 1024 1818 1091 honoris
1866 1029 1928 1090 et
1982 1023 2171 1090 tam
2220 1022 2528 1113 appetitus
2572 1027 2627 1090 et

370 1139 764 1228 dignitatum
795 1138 1086 1206 ambitio.
1133 1135 1477 1226 Ejusmodi
1522 1138 1765 1206 scilieet
1796 1136 2131 1228 'eupiditas
2178 1143 2243 1204 et
2280 1136 2623 1206 sollicitudo

371 1259 536 1323 stare
580 1259 784 1344 potest
841 1274 998 1322 cum
1051 1252 1496 1321 observatione
1534 1253 1951 1343 paupertatis,
2022 1252 2331 1321 eastitatis
2373 1257 2435 1322 et
2478 1253 2625 1322 obe-

371 1367 666 1450 dientiae3
715 1367 1035 1458 siquidem
1087 1367 1384 1436 nullum'·
1411 1389 1486 1435 ex
1534 1367 1687 1436 istis
1728 1367 2015 1436 consiliis
2044 1371 2334 1438 versatur
2358 1366 2523 1436 cirea
2544 1367 2627 1434 ssi-

371 1503 548 1552 mam
579 1489 690 1550 aut
714 1482 1056 1572 dignitates
1087 1505 1106 1562 3
1143 1503 1268 1551 nee
1317 1503 1437 1572 pro
1472 1483 1721 1572 objecto
1774 1482 2035 1574 proprio
2068 1481 2271 1550 habet
2314 1481 2621 1552 abstinen-

367 1599 524 1664 tium
573 1619 612 1663 a
655 1596 1081 1685 dignitatibus
1109 1603 1174 1664 et
1218 1596 1603 1665 honoribus.
1637 1596 1809 1685 Ergo
1850 1598 1931 1664 ad
1956 1596 2371 1688 completum
2404 1601 2617 1693 statum

366 1712 770 1804 perfeetionis
809 1714 1218 1803 acquirendae
1263 1735 1414 1783 non·
1460 1715 1793 1782 sufficiunt
1833 1713 1955 1782 tria
2010 1713 2125 1782 illa
2168 1689 2476 1798 oonsilia3
2520 1713 2619 1780 sed

368 1826 492 1896 alia
535 1827 826 1898 addenda
859 1833 1038 1918 sung·
1099 1835 1288 1918 atque
1339 1829 1667 1919 imprimis
1719 1829 2115 1898 renuntiatio
2176 1827 2523 1898 bonoribus
2566 1828 2625 1892 et

363 1941 804 2028 dignitatibus.
843 1981 934 1996 -
963 1941 1447 2034 Respondemus
1491 1965 1649 2012 cum
1691 1942 1988 2012 Suaresio
2020 1967 2039 2010 ι
2082 1968 2117 2008 ι(
2149 1941 2345 2012 Licet
2396 1937 2625 2032 peritia
2761 1983 2764 2018 =

370 2058 558 2123 «tria
588 2065 734 2125 vota
777 2059 880 2125 vel
915 2057 1182 2126 consilia
1227 2058 1585 2126 formaliter.
1614 2057 1714 2148 (ut
1760 2057 1852 2127 sic
1894 2055 2132 2148 dicam)
2181 2079 2315 2126 non
2360 2060 2627 2146 ampute-
2761 2023 2764 2084 }

375 2177 543 2238 tetur
589 2170 853 2240 honoris
889 2177 952 2240 et
996 2171 1186 2240 famae
1211 2171 1310 2240 vel
1329 2172 1745 2261 dignitatum
1794 2173 2225 2264 appetitus-et
2258 2169 2625 2250 sollicitudo,

375 2309 412 2348 α
439 2284 873 2354 nihilomiuus
914 2286 1175 2369 virtute,
1207 2292 1272 2354 et
1293 2275 1479 2376 quasi
1505 2286 1577 2355 in
1601 2287 1841 2372 radice,
1874 2293 2205 2377 quantum
2257 2311 2339 2360 ex
2360 2287 2425 2358 vi
2450 2291 2627 2356 status

373 2425 412 2466 α
431 2400 946 2489 abscinduntur:-
973 2400 1142 2470 Tum
1173 2403 1435 2474 ratione
1474 2406 1906 2494 paupertatis3
1940 2403 2092 2494 quia
2123 2403 2313 2474 iliius
2341 2402 2627 2494 professio

373 2539 412 2580 α
434 2521 533 2584 est
557 2521 754 2584 status
781 2513 1158 2606 abjectionis
1184 2524 1268 2586 -et
1292 2517 1683 2588 humilitatis
1714 2541 1732 2587 τ
1762 2524 1905 2588 tum
1950 2521 2209 2590 ratione
2226 2516 2625 2597 obedientioe3

371 2650 406 2698 ι(
434 2651 588 2698 nam
661 2632 779 2721 qui
828 2635 1162 2724 propriam
1228 2634 1627 2702 voluntatem
1683 2633 1785 2702 vel
1838 2634 2159 2704 notionem
2214 2657 2351 2706 non
2404 2635 2625 2704 habere

369 2771 408 2812 α
436 2747 774 2838 profitetur
797 2799 817 2831 ‚
869 2771 1112 2819 -curam
1161 2757 1228 2818 et
1269 2750 1777 2820 scilicitudiuem
1842 2750 2261 2840 propriarum
2312 2751 2625 2822 actionum

373 2887 409 2929 t(
435 2864 538 2930 vel
585 2885 934 2932 munerum
978 2865 1103 2933 sibi
1141 2887 1441 2956 arrogare
1482 2888 1615 2935 non
1652 2871 1898 2956 -potestg
1924 2872 1994 2934 et
2026 2873 2498 2957 consequenter
2520 2881 2629 2932 nec

373 3005 409 3044 α
437 2980 822 3070 dignitatem
849 2979 1125 3061 ambire,
1168 3003 1290 3050 nec
1325 2981 1651 3050 humanos
1673 2981 1949 3050 honores
1974 3001 2353 3071 procurare,
2386 2983 2445 3050 si
2484 3000 2631 3050 eou-

369 3117 406 3158 m<
433 3097 764 3164 venienter
822 3117 942 3165 suo
1011 3100 1205 3166 statui
1259 3103 1587 3187 operetur.
1642 3095 1859 3185 Atque
1916 3096 2041 3165 hoc
2108 3097 2309 3166 modo
2366 3117 2481 3188 per
2530 3093 2631 3162 illa

367 3235 406 3274 α
429 3209 552 3278 tria
589 3219 760 3296 vota,
784 3213 979 3288 etiam
1022 3211 1163 3280 haee
1203 3212 1376 3280 bona
1409 3211 1701 3296 honoris,
1736 3201 2090 3301 'dignitatis
2118 3218 2180 3281 et
2218 3201 2469 3282 similia
2506 3209 2629 3278 Deo

367 3347 404 3391 u
431 3323 822 3396 sufficienter
845 3325 1235 3411 offeruntur,
1267 3327 1511 3396 saltem
1546 3326 1927 3416 virtualiter,
1976 3332 2039 3397 et
2082 3349 2157 3398 ex
2206 3333 2389 3420 parte
2444 3331 2631 3399 status

371 3449 508 3508 «ae
553 3441 730 3510 modi
789 3443 1069 3512 vivendi.
1135 3469 1170 3509 >³
1235 3441 1356 3534 (De
1385 3442 1751 3533 Reliqione,
1794 3449 2065 3512 tractatu
2110 3442 2281 3527 7,.l.
2342 3444 2417 3526 2,
2467 3464 2523 3512 e.
2569 3439 2631 3520 2,

361 3578 429 3626 ιι.
469 3557 609 3647 15.)

451 3671 828 3742 Pnorosmo
848 3671 958 3742 ν’.
987 3709 1077 3726 -
1103 3672 1212 3741 Ad
1229 3685 1481 3742 statum
1506 3672 1935 3766 perfectionis
1946 3673 2377 3764 acquirendae
2401 3675 2639 3744 incom-

357 3796 622 3886 pletam
667 3819 780 3864 seu
819 3795 1233 3883 inchoatum,
1259 3818 1396 3864 non
1426 3795 1859 3887 requiruntur
1888 3795 2329 3864 tria‘oonsile'a
2351 3818 2635 3888 evanqe-

364 3909 504 3976 lica
521 3931 554 3992 ,·
583 3909 698 3979 sed
721 3911 966 4004 sufficit
989 3909 1268 4002 aliquod
1279 3911 1675 3994 σοηειίῐὶαηα,ο
1704 3909 1839 3978 sive
1854 3909 1949 3978 sit
1970 3931 2181 3978 unum
2212 3935 2299 3980 ea·
2318 3913 2533 3982 tribus
2556 3909 2637 3978 il·

367 4022 454 4090 lis
473 4025 856 4116 praecipuis,
899 4027 1036 4096 sive
1076 4025 1293 4094 aliud.
1347 4063 1438 4078 —
1481 4023 1649 4095 Nam
1676 4027 1870 4094 status
1896 4025 2131 4115 aliquis
2186 4026 2515 4096 dicendus
2554 4030 2641 4093 est

365 4147 564 4210 status
585 4141 1015 4232 perfeetionis,
1042 4142 1167 4212 hoc
1181 4143 1324 4233 ipso
1341 4143 1515 4232 quod
1540 4142 1961 4234 amplectatur
1978 4125 2331 4212 consilium
2350 4141 2631 4235 aliquod.

366 4261 429 4325 et
457 4276 589 4325 non
619 4259 797 4326 sistat
815 4257 886 4325 in
905 4279 1082 4329 mera
1111 4265 1579 4351 praeceptorum
1602 4257 2062 4328 observatione.
2096 4255 2249 4326 Non
2274 4261 2459 4328 enim
2489 4278 2635 4327 eon-

365 4371 553 4441 fundi
583 4379 785 4461 potest
802 4394 952 4442 cum
973 4381 1136 4444 statu
1155 4377 1301 4446 vitae
1325 4396 1469 4444 com
1478 4373 1731 4464 munis;
1754 4372 2074 4463 siquidem
2097 4373 2153 4441 is
2171 4373 2327 4444 talis
2346 4381 2442 4444 est
2460 4377 2519 4444 et
2536 4371 2631 4442 di·
