2834 4959
443 336 526 391 40
1015 342 1352 390 ΤΒΔΕΤΔΊἬΒ
1393 342 1473 389 DE
1517 342 1666 389 JURE
1712 344 2124 391 assumtum.

447 461 840 553 completum
877 462 1284 553 perfectionis
1323 462 1733 550 acquirendae
1786 470 2020 531 statum
2065 462 2351 531 diximus
2398 462 2577 531 illum
2612 462 2673 529 in
2772 484 2774 573 ⁴

446 600 576 671 quo
603 584 1013 647 removentur
1030 578 1252 648 omnia
1271 577 1679 669 perfectionis
1709 580 2203 670 impedimenta,
2241 585 2304 647 et
2343 583 2467 647 tota
2506 597 2677 665 gene-

447 694 665 765 raliter
689 693 974 763 hominis
1002 692 1128 761 vita
1164 693 1242 762 ad
1281 692 1689 785 perfectionis
1728 696 2249 783 prosecutionem
2286 699 2427 783 apte
2478 689 2675 779 dirigi·

453 820 584 879 tur.
611 810 816 901 Atqui
844 810 920 881 ad
951 810 1016 877 id
1051 809 1465 877 efficiendum
1502 808 1837 878 sufficiunt
1860 810 1981 878 tria
2008 811 2275 879 consilia
2316 808 2670 897 evangelica.
2773 894 2774 897 Ἴ

457 926 620 995 Nam
680 927 741 993 1⁰
797 925 1260 1017 impedimenta
1327 946 1473 1015 quae
1546 926 1917 1016 perfectioni
1994 925 2400 1017 acquirendae
2460 922 2679 992 obstare

445 1042 648 1113 solent
689 1022 764 1109 ad
811 1040 1138 1131 duplicem
1205 1038 1472 1109 classem
1530 1041 1753 1110 reduci
1819 1049 2090 1132 possunt
2136 1067 2155 1109 ι
2200 1060 2423 1111 eorum
2470 1059 2676 1127 nempe
2773 1120 2774 1131 ἶ

453 1176 600 1245 quae
627 1156 970 1245 perfectam
994 1153 1114 1223 Dei
1143 1152 1515 1223 charitatem
1556 1153 1949 1244 impediunt,
1998 1157 2370 1247 occupando
2408 1175 2482 1222 ex
2524 1158 2677 1243 parte

457 1290 568 1337 cor
595 1268 917 1351 hominis3
945 1268 1291 1337 dividendo
1308 1290 1545 1359 nempe
1570 1288 1857 1339 amorem
1882 1271 2049 1359 ejus,
2098 1270 2187 1339 ita
2212 1276 2287 1339 ut
2331 1291 2457 1338 non
2490 1266 2675 1336 solum

401 1378 416 1394 “
453 1382 694 1471 Deum,
723 1385 834 1453 sed
857 1385 985 1453 alia
1007 1370 1198 1453 etiam
1249 1390 1479 1476 praeter
1516 1382 1729 1452 Deum
1772 1366 1941 1453 bona
1974 1385 2207 1477 diligat
2246 1393 2312 1455 et
2359 1402 2675 1476 prosequa-
2773 1390 2774 1457 3

441 1505 586 1582 tur3
651 1506 714 1565 et
757 1520 984 1568 eorum
1013 1520 1161 1590 quae
1210 1497 1575 1566 distrahunt
1614 1505 1677 1566 et
1706 1500 2079 1590 perturbant
2122 1502 2531 1569 attentionem
2580 1516 2677 1563 seu

447 1617 732 1679 mentem
785 1612 1090 1695 hominis,
1153 1616 1419 1703 ejusque
1456 1612 1745 1681 -liberam
1804 1614 1885 1683 ad
1934 1614 2393 1705 perfectionem
2441 1610 2676 1681 tenden-
2773 1706 2774 1709 Ἴ

455 1728 639 1812 tiam,
691 1749 805 1818 per
857 1730 1066 1799 varias
1111 1728 1453 1797 anxietates
1502 1735 1565 1797 et
1610 1729 2095 1799 sollicitudines.
2145 1730 2348 1822 Atqui
2393 1728 2502 1797 tria
2536 1744 2678 1793 con·
2772 1730 2774 1819 ξ

391 1856 416 1883 ·
449 1842 592 1914 silia
614 1844 982 1934 evangelica
1028 1851 1377 1935 utrumque
1425 1844 2041 1936 impedimentorum
2096 1867 2305 1936 genus
2356 1843 2676 1913 removent.
2773 1822 2774 1831 ¹

458 1954 538 2025 Et
565 1958 778 2047 primo
813 1979 888 2027 ea
923 1964 1260 2028 removent
1300 1980 1446 2048 quae
1474 1980 1585 2026 cor
1620 1958 1905 2028 hominis
1944 1979 1981 2025 a
2030 1956 2171 2032 Deo
2212 1959 2408 2027 unice
2440 1949 2682 2025 amando
2772 2000 2774 2035 ς

455 2077 776 2156 avertunt,
808 2079 872 2140 et
896 2094 969 2139 ex
997 2080 1176 2163 parte
1222 2072 1304 2140 ad
1343 2072 1513 2140 bona
1541 2080 1749 2141 creata
1784 2080 2193 2143 convertunt.
2231 2074 2397 2145 Nam
2440 2092 2533 2155 ea,
2560 2086 2681 2158 quae
2772 2040 2774 2151 4

450 2206 736 2255 amorem
787 2186 1074 2257 hominis
1115 2187 1484 2267 sollicitant,
1536 2194 1687 2255 sunt
1733 2188 1902 2258 bona
1930 2196 2213 2276 externa,
2264 2187 2683 2260 delectationes

447 2298 802 2382 sensibileS‚
851 2307 915 2369 et
957 2300 1204 2393 proprii
1254 2300 1503 2369 arbitrii
1548 2304 1949 2391 exercitium,
2020 2327 2133 2375 seu
2206 2308 2277 2377 in
2335 2302 2573 2396 agendo
2608 2298 2683 2369 li·

443 2413 675 2483 bertas.
736 2416 936 2505 Atqui
977 2438 1088 2506 per
1134 2416 1481 2485 consilium
1513 2420 1901 2510 paupertatis
1944 2429 2366 2491 removentur
2404 2422 2563 2490 bona
2594 2436 2686 2485 ex·
2773 2450 2774 2497 5

443 2536 666 2617 terna;
712 2554 826 2624 per
869 2533 1218 2601 consilium
1270 2533 1569 2602 castitatis
1632 2543 2048 2604 removentur
2081 2535 2525 2607 delectationes
2566 2551 2689 2627 sqq·
2773 2524 2774 2581 ἕ

455 2645 698 2736 sibiles,
749 2655 812 2717 et
859 2672 973 2739 per
1041 2649 1388 2719 consilium
1432 2648 1837 2739 obedientiae,
1932 2652 2183 2721 tollitur
2246 2653 2437 2724 liberi
2468 2644 2688 2721 arbitrii

449 2766 848 2833 exercitium.
902 2764 1074 2855 Ergo
1131 2767 1344 2858 primo
1414 2774 1745 2835 removent
1792 2788 1867 2836 ea
1940 2770 2163 2837 omnia
2226 2768 2685 2862 impedimenta,

449 2900 593 2968 quae
642 2900 754 2947 cor
799 2879 1086 2948 hominis
1140 2902 1179 2947 a
1229 2880 1503 2971 perfecta
1578 2880 1692 2949 Dei
1760 2881 2069 2953 charitate
2136 2884 2348 2953 soient
2408 2886 2684 2952 avertere.
2772 2884 2774 2935 ἒ

465 2996 786 3079 Secundo,
814 2998 1090 3067 liberant
1131 3001 1323 3067 etiam
1371 2997 1456 3067 ab
1494 2998 1800 3069 omnibus
1828 3000 2377 3073 sollicitudinibus
2402 3012 2465 3071 et
2502 2995 2693 3069 anxie·
2773 3004 2774 3011 ’

452 3112 711 3200 tatibuS,
745 3134 892 3202 quae
921 3119 1202 3182 mentem
1235 3114 1515 3199 hominis
1544 3116 1943 3206 perturbare,
1976 3118 2245 3207 ejusque
2296 3114 2690 3187 attentionem

455 3226 737 3296 dividere
790 3236 1080 3320 possunt,
1123 3234 1211 3297 et.
1226 3230 1619 3299 tendentiam
1664 3234 1807 3321 ejus
1842 3233 1918 3301 ad
1962 3233 2421 3324 perfectionem
2470 3245 2691 3323 praepe·
2773 3262 2774 3287 a

451 3340 613 3409 dire.
655 3368 691 3407 t(
739 3343 995 3434 Triplex
1047 3346 1220 3413 enim
1275 3366 1410 3413 esse
1460 3347 1618 3416 solet
1656 3346 1795 3417 haec
1840 3348 2232 3436 sollicitudo,
2282 3348 2578 3418 videlicet
2624 3340 2691 3408 de
2773 3394 2774 3419 2

457 3482 491 3521 a
520 3456 939 3547 acquisitione
991 3468 1056 3527 et
1107 3462 1655 3533 administratione
1732 3471 2141 3533 externorum
2198 3464 2573 3545 bonorum3
2626 3454 2694 3523 de

449 3594 484 3634 α
517 3590 674 3639 cura
700 3570 985 3657 familiae,
1017 3576 1312 3665 conjugis
1337 3584 1400 3644 et
1428 3577 1755 3664 filiorum5
1808 3586 1873 3645 et
1924 3578 2003 3646 de
2053 3580 2466 3670 propriarum
2511 3572 2695 3645 actio-

459 3710 492 3750 «
521 3708 683 3755 num
715 3688 1126 3795 dispositione
1151 3697 1213 3758 et
1241 3691 1574 3761 electione.
1619 3692 1711 3761 Ex
1748 3692 1988 3781 quibus
2026 3694 2239 3785 prima
2278 3695 2557 3763 anxietas
2598 3706 2697 3780 per

460 3825 494 3863 ε(
523 3810 988 3895 paupertatem,
1021 3806 1300 3874 secunda
1349 3830 1462 3897 per
1487 3808 1863 3895 castitatem,
1898 3810 2081 3878 tertia
2118 3830 2233 3901 per
2280 3808 2695 3879 obedientiam
2773 3822 2774 3883 j

463 3939 498 3977 a
527 3916 836 3987 aufertur.
881 3942 915 3985 »ι
955 3918 1232 4009 (Suarez,
1264 3921 1344 3991 de
1397 3919 1760 4015 Reliqione,
1790 3930 1978 3995 tract.
2006 3925 2072 4010 7,
2106 3925 2151 3993 l.
2182 3924 2251 4013 2,
2274 3946 2333 3993 c.
2366 3924 2436 4010 2,
2464 3946 2533 3992 n.
2572 3912 2693 4001 14.)
2773 4002 2774 4007 ἵ

446 4025 618 4117 Ergo
645 4035 922 4103 secundo
943 4038 1066 4104 tria
1097 4038 1364 4107 consilia
1386 4045 1723 4107 removent
1746 4061 1819 4107 ea
1838 4039 2062 4109 omnia
2080 4062 2228 4131 quae
2254 4038 2693 4131 perfectionem

377 4190 386 4197 -
447 4142 828 4237 impediunt,
869 4158 1152 4221 mentem
1194 4154 1483 4222 hominis
1526 4153 1959 4224 sollicitudine
2004 4154 2419 4226 distrahendo
2474 4158 2537 4222 et
2562 4168 2697 4243 per·

444 4260 804 4345 turbando;
836 4265 1095 4337 aliunde
1131 4274 1461 4337 removent
1496 4289 1569 4337 ea
1588 4292 1737 4360 quae
1776 4268 2193 4361 praepediunt‘
2232 4293 2344 4341 cor
2370 4272 2511 4361 ejus
2546 4264 2696 4335 divi·

450 4373 660 4445 dendo
681 4400 700 4462 ;
725 4399 880 4468 ergo
907 4382 970 4447 1·
1005 4384 1126 4451 tria
1154 4384 1423 4454 consilia
1444 4382 1775 4457 sufficiunt
1812 4387 1893 4457 ad
1927 4386 2207 4459 tollenda
2241 4386 2463 4457 omnia
2498 4386 2695 4472 impe-
