2834 4959
452 408 575 469 356
1019 409 1359 461 mcrssus
1400 409 1483 459 ΒΕ
1527 408 1676 457 man
1717 404 2136 456 ueummu.

444 534 844 631 approbandi
898 533 1157 622 modus,
1188 538 1331 601 tum
1382 532 1675 622 ipsismet
1705 527 2138 619 regularibus,
2167 533 2312 596 tum
2361 528 2460 597 rei
2507 528 2724 601 catbo·

446 654 617 735 licae,
643 671 837 721 nemo
860 670 997 719 non
1026 648 1219 719 videt.
1252 644 1442 717 Unde
1473 664 1735 739 prorsus
1767 649 2087 735 repugnat
2116 643 2288 713 dicta
2307 643 2716 735 hypothesis.

530 769 907 837 Psorosrrro
945 763 1051 835 11⁸.
1090 802 1181 817 —
1224 764 1310 833 In
1348 761 1672 854 reliqiosis
1705 758 2014 851 dispersis
2026 773 2388 850 permanet
2417 772 2718 851 potestas

440 883 741 955 ordinem
766 903 881 951 seu
918 880 1498 971 conqreqationem
1521 900 1716 947 suam
1737 873 2212 968 perpetuandi,
2239 897 2396 944 cum
2421 876 2721 947 omnibus

438 1002 571 1069 suis
576 997 847 1089 juribus
874 1009 939 1065 et
962 995 1363 1088 privileqiis.
1391 1032 1483 1047 —-
1511 990 1943 1085 Perpetuandi
1969 991 2222 1061 ordinis
2247 998 2524 1084 potestas
2551 995 2621 1061 in
2647 1016 2716 1064 eo

440 1114 753 1201 consistit,
802 1119 875 1181 ut
925 1110 1207 1200 religiosi
1246 1109 1373 1193 illi,
1417 1108 1536 1199 qui
1581 1108 1662 1176 ad
1711 1106 2024 1177 terminos
2049 1104 2386 1197 approbati
2415 1106 2708 1192 instituti,

438 1230 736 1300 valebant
787 1224 1059 1297 novitios
1110 1225 1397 1317 recipere
1445 1245 1519 1292 ac
1565 1223 1823 1293 eosdem
1859 1222 1940 1292 ad
1971 1222 2435 1314 professionem
2481 1222 2712 1292 admit·

450 1354 607 1429 tere,
656 1350 718 1412 et
765 1362 981 1411 novos.
1005 1346 1359 1411 conventus
1403 1338 1688 1427 (servatis
1724 1360 1798 1407 ex
1839 1340 1985 1425 jure
2031 1336 2388 1429 servandis)
2443 1338 2710 1427 erigere,

452 1464 819 1550 potestatem
870 1454 1067 1535 hanc,
1108 1454 1193 1524 ob
1229 1454 1789 1547 supervenientem
1835 1452 2325 1544 dispersionem,
2355 1474 2494 1521 non
2523 1454 2714 1521 amit·

452 1578 635 1654 tant3
688 1570 797 1639 sed
843 1568 1056 1638 adbuc
1106 1568 1349 1658 possint
1393 1568 1534 1635 haec
1577 1568 1798 1636 omnia
1833 1566 2042 1636 valide
2081 1587 2415 1657 peragere3
2473 1566 2566 1633 ita
2617 1572 2710 1651 ut,

444 1687 661 1755 sedata
684 1689 1081 1777 tempestate,
1108 1684 1383 1751 minime
1414 1702 1674 1751 necesse
1703 1684 1786 1751 sit
1817 1702 2055 1751 novam
2081 1680 2175 1749 eis
2201 1702 2238 1749 a
2261 1679 2400 1749 sede
2435 1678 2718 1771 Aposto-

434 1803 559 1873 lica
588 1805 961 1895 potestatem
1000 1798 1081 1867 ad
1124 1798 1191 1867 id
1235 1798 1462 1887 tribui,
1507 1796 1616 1865 sed
1657 1779 1934 1866 sufficiat
1972 1802 2246 1888 potestas
2283 1816 2478 1885 quam
2503 1794 2714 1865 habe·

432 1917 618 2006 bant,
642 1923 706 1987 et
732 1937 879 2007 quae
906 1937 1019 2007 per
1046 1914 1508 2006 dispersionem
1534 1912 1904 1981 nullatenus
1925 1911 2136 1981 ablata
2159 1919 2275 1981 eet.
2309 1910 2496 1979 Hanc
2525 1932 2710 2003 porro

436 2038 807 2125 potestatem
860 2030 931 2099 iu
968 2029 1287 2119 religiosis
1326 2028 1750 2118 quantumvis
1778 2024 2080 2116 dispersis
2105 2025 2428 2114 integram
2459 2046 2707 2116 perma-

438 2167 592 2215 nere
623 2144 927 2213 dicimus.

522 2258 857 2328 Paonnua
894 2260 955 2324 1⁰
980 2260 1093 2325 Ea:
1122 2278 1195 2325 eo
1220 2256 1400 2347 quod
1416 2256 1624 2325 nulla
1647 2255 2060 2347 reqularium
2073 2256 2244 2345 jura
2271 2277 2356 2324 ear:
2379 2254 2524 2323 solo
2541 2258 2709 2346 facto
2807 2310 2809 2323 ⁴

433 2372 861 2466 dispersionis
900 2354 1354 2463 perimantur.
1414 2408 1506 2423 --
1560 2369 1636 2439 ln
1693 2370 2070 2463 praecedenti
2131 2392 2370 2461 nempe
2419 2370 2709 2463 proposi-

434 2489 605 2557 tione
661 2486 1089 2581 ostendimus,
1154 2485 1377 2555 omnia
1438 2484 1818 2575 generaliter
1857 2488 2010 2576 jura
2061 2492 2126 2555 et
2166 2486 2546 2577 privilegia,
2589 2504 2706 2554 non

431 2602 721 2671 obstante
756 2602 997 2691 injusta
1036 2599 1406 2692 expulsione
1441 2621 1517 2669 ac
1561 2600 1983 2691 dispersione,
2025 2602 2277 2692 integra
2306 2622 2700 2691 permanere.

430 2718 557 2787 Sed
588 2724 857 2809 potestas
915 2717 1215 2787 ordinem
1266 2716 1572 2807 praedicto
1627 2716 1821 2785 modo
1869 2716 2318 2809 perpetuandi,
2349 2722 2448 2785 est
2479 2718 2704 2809 prima·

431 2835 608 2903 rium
664 2856 739 2903 ac
791 2830 1209 2901 substantiale
1250 2835 1363 2921 jus
1414 2831 1762 2922 cujuslibet
1819 2832 2103 2921 religiosi
2152 2831 2492 2916 instituti,
2547 2828 2702 2922 quod

432 2950 573 3018 ideo
599 2970 852 3041 semper
883 2948 1083 3017 simul
1112 2968 1265 3016 cum
1314 2948 1454 3037 ipsa
1499 2946 1776 3015 instituti
1823 2948 2284 3039 approbatione
2324 2947 2696 3017 confertur:

428 3084 583 3153 ergo
636 3070 698 3131 et
742 3069 1017 3155 potestas
1070 3062 1211 3131 baec
1261 3062 1331 3129 in
1382 3062 1728 3149 religiosis,
1769 3062 1887 3151 qui
1933 3066 2082 3131 ante
2123 3062 2594 3153 dispersionem
2637 3080 2702 3130 es

426 3178 863 3269 potiebantur,
917 3176 1193 3245 durante
1256 3176 1454 3244 etiam
1511 3174 1908 3265 dispersione
1963 3198 2342 3267 permanere
2393 3176 2702 3247 censenda

430 3296 549 3357 est.
1358 3350 1361 3353 ,

516 3402 849 3473 Pnomun
900 3404 968 3472 2⁰
1024 3426 1107 3472 ex
1156 3402 1458 3495 capitulo
1511 3404 1815 3494 qenerali
1865 3405 2491 3493 Dominicanorum,
2547 3403 2704 3474 anni

431 3516 627 3587 1656.
672 3556 763 3571 —
808 3517 996 3587 Haud
1038 3538 1249 3609 parva».
1274 3519 1670 3588 auctoritatis
1707 3528 1826 3605 est,
1857 3522 1930 3612 in
1953 3522 2417 3612 quaestionibus
2443 3540 2696 3613 praeser·

424 3636 541 3701 tim
571 3634 976 3725 regularium
997 3636 1153 3724 jura
1176 3632 1696 3725 respicientibus,
1742 3634 2012 3706 Patrum
2053 3637 2302 3707 ordinis
2329 3638 2539 3707 sancti
2579 3634 2695 3703 Do-

425 3747 652 3817 minici
682 3750 1014 3817 sententia.
1062 3747 1273 3829 Quam
1306 3748 1499 3817 multi
1528 3749 1705 3819 enim
1730 3750 2086 3821 exstiterint
2111 3752 2314 3841 hujus
2337 3751 2694 3843 praeclaris-

422 3862 574 3932 simi
626 3866 931 3948 instituti,
985 3864 1054 3933 in
1107 3886 1177 3933 re
1234 3864 1594 3955 theologica
1645 3870 1710 3935 et
1754 3868 2068 3937 canonica
2107 3866 2234 3936 viri
2279 3868 2685 3957 percelebres,

422 3981 627 4049 nescit
674 4001 891 4050 nemo.
942 3977 1097 4049 Fuit
1135 3987 1353 4049 autem
1405 3980 1702 4049 Patribus
1756 3980 2202 4052 Dominicanis
2251 3987 2524 4052 omnino
2562 4000 2693 4071 per-

418 4116 708 4183 suasum,
762 4116 942 4186 posse
988 4114 1369 4186 permanere
1412 4101 1613 4163 totam
1665 4096 1952 4186 aliquam
1993 4098 2097 4166 sui
2143 4098 2389 4168 ordinis
2441 4094 2694 4189 provin-

417 4210 615 4299 ciam,
646 4230 801 4279 cum
834 4231 949 4279 sua
970 4213 1195 4301 forma
1235 4217 1299 4281 et
1331 4211 1520 4302 jure,
1553 4232 1628 4279 ac
1661 4213 1932 4303 proinde
1959 4234 2113 4281 cum
2145 4218 2444 4303 potestate
2473 4228 2686 4302 perpe·

414 4325 673 4392 tuandae
723 4324 1014 4411 familiae,
1090 4324 1386 4417 quamvis
1435 4325 1720 4415 religiosi
1754 4348 1980 4395 omnes
2013 4326 2214 4418 hujus
2251 4325 2597 4418 provincias
2623 4322 2684 4388 in

418 4436 607 4504 exilio
652 4444 715 4504 et
764 4439 1155 4526 dispersione
1187 4447 1622 4511 versarentur.
1659 4440 1918 4511 Etenim
1964 4441 2046 4512 de
2091 4440 2518 4513 confratribus
2546 4456 2688 4527 pro·
