2834 4959
372 357 498 413 550
939 361 1280 410 ΤΒΑΕΤΑἸὋὸ
1323 361 1403 410 ΒΕ
1443 360 1593 408 mu
1638 359 2055 408 nauminia.

372 513 406 556 «
442 507 617 574 sum,
643 485 837 554 etiam
863 488 1008 576 post
1021 484 1385 552 ¹solemnem
1409 479 1869 572 professionem
1898 480 1971 548 in
1992 499 2073 548 eo
2098 479 2416 564 emissam,
2438 501 2647 570 repe-

369 627 408 667 α
433 607 565 669 tere
589 604 655 668 et
681 619 980 668 revocare
1006 595 1237 682 valeat3
1269 597 1451 666 idem
1470 595 1768 665 similiter
1788 595 1984 664 certis
2008 593 2083 662 in
2104 594 2380 681 casibus,
2406 597 2647 686 justis-

375 737 412 782 «
437 737 566 805 que
599 712 1002 803 exigentibus
1027 712 1262 796 causis,
1291 710 1613 802 Episcopo
1634 705 1965 800 competit,
1988 713 2066 777 ut
2088 729 2288 778 suum
2326 709 2637 778 clericum

375 851 416 896 ιτ
441 827 840 907 saectilaoem,
883 825 1101 895 ordini
1135 824 1425 914 regulari
1474 823 1875 913 adscriptum
1924 828 2211 912 repetere
2255 823 2475 912 possit.
2496 821 2642 892 Hoc

368 969 407 1010 u
443 941 636 1012 tradit
669 941 1065 1011 clarissimus
1111 961 1441 1010 canonum
1486 939 1711 1008 doctor
1728 935 2143 1006 Innocentius
2174 937 2207 1003 1
2216 936 2271 1006 V
2323 937 2435 1026 (ad
2484 959 2649 1028 saepe

375 1085 411 1126 α
431 1059 700 1128 citatum
731 1062 927 1148 caput
943 1057 1150 1140 Licet,
1173 1055 1254 1124 de
1275 1053 1735 1145 Reqularibus)
1766 1077 1786 1138 ;
1812 1053 2001 1142 cujus
2037 1051 2179 1119 haec
2204 1057 2361 1120 sunt
2394 1051 2599 1120 verba
2628 1074 2648 1119 :

373 1195 410 1235 α
443 1170 728 1239 cler-iem
759 1181 980 1261 potest
1009 1169 1300 1236 transire
1333 1166 1404 1236 in
1442 1166 1869 1256 reliqionm,
1910 1186 2049 1234 non
2080 1165 2303 1254 petita
2338 1163 2648 1246 licentia,

370 1311 406 1352 α
437 1286 703 1356 etiamsi
741 1285 1288 1369 contradicam&
1321 1281 1725 1352 crederemus
1766 1294 1994 1350 tamen
2032 1279 2215 1372 quod
2250 1295 2477 1372 posset
2500 1305 2651 1350 eum

373 1428 407 1466 α
429 1413 743 1490 repetere,
768 1401 828 1469 si
843 1423 924 1468 ex
967 1399 1264 1470 transitu
1299 1419 1421 1466 suo
1442 1397 1671 1488 prima
1714 1396 1979 1466 ecclesia
2000 1417 2272 1488 qravem
2296 1397 2653 1466 sustineret

372 1541 412 1580 e
434 1516 888 1597 iacturam...
935 1513 1105 1582 Satis
1161 1515 1378 1602 itaque
1410 1513 1746 1602 provisum
1787 1519 1883 1580 est
1918 1513 2109 1581 etiam
2148 1509 2496 1602 Episcopo,
2528 1513 2650 1602 qui

369 1655 404 1694 «
435 1628 679 1697 factum
707 1627 927 1696 clerici
981 1627 1111 1708 sui,
1139 1626 1222 1697 ad
1276 1625 1599 1717 regularia
1646 1625 1927 1698 claustra
1974 1649 2045 1698 ae
2084 1627 2279 1694 invito
2325 1625 2637 1716 digreaei,

373 1742 825 1832 «impugnare
863 1741 1114 1812 velit.»

451 1857 776 1929 Consonat
819 1857 1221 1948 Fagnanus:
1283 1885 1321 1928 α
1359 1858 1673 1941 Quamvis
1720 1854 2023 1949 (clericus
2068 1855 2419 1948 saemnaru)
2444 1859 2650 1946 possit

375 1975 712 2046 «transire
745 1975 826 2043 ad
863 1974 1275 2064 religionem,
1303 1995 1437 2044 non
1468 1975 1661 2065 petita
1692 1971 1993 2063 Episcopi
2040 1970 2301 2040 licentia
2308 1975 2653 2062 ,quinimo

375 2113 410 2154 α
435 2095 498 2158 et
532 2091 674 2178 ipso
703 2089 1312 2177 contradicente...;
1370 2095 1587 2159 tamon
1629 2093 1838 2179 posset
1883 2085 2245 2178 Episcopus
2276 2107 2425 2158 eum
2464 2111 2655 2178 repe-

373 2229 408 2267 «
437 2209 596 2283 tere,
635 2203 688 2270 si
717 2223 790 2270 ex
817 2206 954 2293 ejus
991 2206 1291 2287 transitu,
1339 2204 1608 2275 ecclesia
1654 2223 1917 2294 gravem
1946 2206 2273 2293 pateretur
2294 2203 2649 2292 jacturam,

373 2339 408 2380 «
440 2315 806 2384 secundum
841 2313 1377 2387 innocentium...
1417 2317 1823 2389 Abbatem...
1872 2341 1907 2384 ι»
1962 2315 2359 2407 (Fagnanus,
2382 2315 2455 2384 in
2502 2339 2651 2408 cap.

363 2425 570 2511 Licet,
591 2425 762 2494 tertii
786 2423 1244 2509 Decretalium‚
1269 2449 1338 2494 n.
1363 2425 1699 2518 28.)ldem
1720 2429 1865 2497 vido
1884 2425 2224 2496 firmatum
2246 2449 2282 2495 a
2296 2425 2369 2497 S.
2388 2425 2658 2517 Ligurio

367 2539 506 2629 (lib.
549 2537 620 2627 5,
651 2559 722 2610 n.
759 2539 883 2624 ⁷53
915 2544 979 2607 et
1013 2539 1131 2608 lib.
1167 2540 1235 2625 6,
1266 2563 1338 2611 n.
1364 2539 1550 2631 828).

451 2650 826 2725 Pnorosmo
853 2653 959 2725 V·.
989 2693 1083 2710 —-
1127 2657 1439 2746 Clericus,
1471 2657 1590 2748 qui
1633 2678 1771 2726 sese
1808 2678 1889 2725 εει
1916 2667 2125 2748 pacto
2170 2655 2513 2748 obliqavit
2570 2657 2663 2726 ad

367 2767 782 2868 serviendum
817 2769 1212 2863 dioecesiper
1235 2773 1503 2863 aliquot
1546 2793 1883 2842 annorum
1922 2771 2253 2865 spatium,
2278 2773 2523 2864 nequit
2553 2793 2661 2842 re-

371 2886 691 2978 liqionom
723 2885 1006 2978 inqredi,
1061 2902 1423 2979 antequam
1462 2887 1869 2978 obliyationi
1908 2887 2063 2959 kuic
2097 2887 2531 2980 satisfecerit.
2574 2927 2661 2942 -

365 3001 696 3093 Contingit
719 3001 1106 3092 quandoque
1143 3002 1283 3072 fieri
1333 3001 1711 3074 donationes
1750 3008 1866 3073 aut
1906 3002 2312 3073 fundationes
2345 3005 2421 3074 in
2481 3005 2663 3073 hunc

369 3115 600 3198 finem,
631 3121 706 3186 ut
740 3116 1092 3187 alantur-et
1117 3116 1475 3188 educentur
1504 3115 1749 3198 clerici,
1774 3117 1987 3208 quiin
2010 3117 2416 3207 regionibus,
2450 3140 2665 3198 sacer-

367 3231 594 3300 dotum
627 3232 897 3321 penuria
917 3231 1388 3320 laborantibus,
1403 3233 2136 3302 sacrumministerium
2162 3229 2457 3302 seculari
2476 3232 2665 3300 clero

369 3342 675 3434 adscripti
701 3353 1057 3416 exerceant.
1089 3345 1124 3414 J
1131 3367 1368 3418 uvenes
1395 3353 1617 3416 autem
1642 3348 1759 3438 qni
1810 3347 1937 3418 hoc
1964 3348 2183 3418 favore
2234 3347 2360 3418 frui
2386 3347 2660 3432 volunt,

368 3477 500 3527 sese
549 3457 842 3549 obligant
885 3461 968 3531 ad
1011 3461 1449 3545 serviendum,
1488 3484 1603 3553 per
1668 3467 1919 3532 certum
1970 3462 2259 3552 aliquem
2322 3483 2663 3534 annorum

367 3592 747 3661 numerum,
771 3576 896 3644 sub
919 3575 1244 3646 dictarum
1284 3575 1667 3648 dioeceseon·
1694 3563 2047 3668 Episcopis.
2100 3575 2195 3648 Ita
2226 3579 2508 3667 juvenoe
2540 3579 2659 3668 qui

369 3689 731 3760 educantur
765 3690 838 3758 in
889 3688 1161 3780 collegio
1199 3691 1617 3774 Germanico,
1649 3679 1956 3784 Anglic'o3
2000 3700 2081 3764 et.
2105 3693 2274 3762 aliis.
2311 3690 2437 3764 His
2462 3714 2663 3788 porro

369 3801 620 3874 clericis
665 3805 838 3875 baud
877 3803 1163 3876 liberum
1207 3811 1327 3891 est,
1357 3812 1509 3875 ante
1546 3806 1869 3898 expletum
1904 3809 2081 3898 quod
2118 3809 2481 3900 promisere
2522 3829 2661 3876 ser·

367 3919 627 4003 vitium,
645 3923 1026 4013 religionem
1047 3923 1328 4015 ingredi.
1360 3921 1527 3992 Nam
1556 3922 1930 4010 religiosum
1958 3929 2197 3994 stamm
2226 3945 2335 3994 am
2344 3925 2537 4018 plecti
2558 3931 2658 3992 est

366 4039 616 4104 tantum
667 4021 1050 4110 de'consilio
1083 4065 1102 4110 ε
1147 4039 1324 4130 quod
1369 4045 1591 4108 autem
1620 4047 2027 4111 contractum
2066 4041 2149 4110 ab
2201 4039 2359 4134 ipsis
2406 4038 2658 4108 initum

367 4149 686 4243 expleant,
711 4161 816 4224 est
855 4156 934 4224 de
973 4161 1312 4248 praecepto.

349 4261 365 4272 ’
456 4267 661 4336 Nota.
693 4307 784 4320 —-
816 4270 924 4338 An
949 4269 1272 4362 ejusmodi
1319 4275 1679 4355 contractu,
1722 4271 1949 4343 saltem
1978 4271 2195 4354 tacito,
2226 4269 2409 4360 ligati
2432 4267 2661 4338 existi·

367 4380 590 4446 mandi
625 4383 754 4448 sint
781 4383 976 4454 hodie
1002 4385 1074 4454 in
1099 4384 1306 4456 Gallia
1341 4387 1617 4476 juvenes
1644 4385 1767 4474 illi,
1790 4389 1909 4477 qui
1952 4387 2087 4456 sive
2130 4387 2201 4456 in
2236 4387 2471 4478 parvis,
2507 4385 2653 4454 sive
