2834 4959
1115 383 1268 432 PARS
1311 385 1575 444 omnm.
2368 397 2493 456 529

197 523 584 582 commune.
650 500 826 570 Cum
884 507 1102 572 autem
1159 507 1232 572 in
1297 505 1513 576 Gallia
1575 513 2045 586 recentioribus
2093 511 2496 613 temporibus

193 625 380 695 haud
413 619 610 714 pauci
637 615 886 708 opinati
921 618 1078 702 sint,
1113 639 1246 688 non
1293 620 1491 690 licere
1518 622 1771 696 clericis
1819 629 2201 720 religionem
2242 640 2499 729 ingredi

193 740 449 828 absque
495 733 802 824 Episcopi
852 733 1340 822 approbatione,
1389 738 1529 808 imo
1579 745 1643 808 et
1676 745 2065 837 quandoque
2106 751 2187 820 ad
2250 755 2499 844 praxim

195 856 376 926 falsa
419 853 562 921 haec
605 848 828 940 opinio
877 845 1154 918 deducta
1194 850 1416 940 suerit,
1464 856 1725 944 speciali
1765 865 2193 955 paragraphO,
2242 891 2359 959 pro
2405 873 2501 944 rei

195 965 552 1056 gravitate,
578 982 864 1032 errorem
911 961 1094 1030 hunc
1137 963 1575 1054 explodemus.
1608 968 1981 1044 Notandum
2028 977 2319 1070 iusuper,
2351 985 2502 1055 satis

203 1079 518 1170 cognosci
564 1097 866 1169 personas
915 1076 1156 1166 quibus
1198 1085 1406 1170 pateat
1452 1082 1535 1150 ad
1574 1085 1958 1175 religionem
2004 1092 2355 1187 ingressae,
2386 1123 2503 1189 per
2638 1173 2646 1180 ,

206 1195 774 1264 enumerationem
797 1213 1024 1260 earum
1049 1213 1196 1281 quae
1225 1193 1308 1262 ab
1335 1195 1560 1265 eodem
1590 1197 1885 1289 ingressu
1908 1207 2357 1296 prohibentur.
2390 1213 2503 1284 Est

205 1313 398 1381 enim
426 1309 648 1400 regula
677 1307 1020 1398 generalis,
1037 1308 1312 1376 omnino
1335 1316 1510 1380 certa
1534 1319 1600 1380 et
1628 1317 1925 1405 tenenda,
1955 1343 2137 1412 posse
2166 1328 2503 1418 religiosos

207 1426 394 1496 effici
407 1424 784 1494 christianos
800 1444 1056 1509 omnes,
1077 1424 1192 1514 qui
1209 1425 1362 1512 jure
1385 1447 1518 1496 non
1540 1431 1967 1518 prohibentur
1988 1438 2161 1528 (vide
2180 1440 2505 1514 Schmalz-

209 1541 522 1631 grueber,
549 1541 620 1609 in
650 1539 916 1608 titulum
963 1539 1040 1610 31
1107 1537 1186 1606 de
1231 1541 1706 1632 Reqularibm,
1736 1549 1889 1618 libri
1952 1551 1993 1622 3
2042 1553 2499 1651 Decretalium,

209 1677 288 1726 n.
331 1655 470 1747 23).
503 1655 756 1738 Quibus
787 1654 1184 1746 praenotatis,
1213 1655 1298 1724 sit

1292 1937 1421 2028 §1-

371 2119 746 2198 Enumerantur
765 2157 992 2212 personae
1007 2145 1072 2197 ab
1103 2149 1334 2211 ingressu
1362 2149 1615 2214 religionis
1632 2154 1752 2214 jure
1779 2159 2039 2208 communi
2066 2160 2350 2224 prohibitae.

317 2370 364 2438 l.
395 2367 492 2437 Ds
515 2367 856 2438 Errscorrs.
889 2404 980 2422 —
1005 2367 1271 2438 Certum
1317 2376 1410 2440 ost
1455 2370 1847 2467 Episcopum
1871 2379 2007 2468 jam
2032 2389 2505 2469 consecratum,

210 2492 290 2556 et
315 2487 506 2555 etiam
556 2484 970 2554 solummodo
1021 2486 1509 2576 confirmatum,
1542 2511 1677 2559 non
1721 2514 1903 2583 posse
1959 2498 2339 2587 religionem
2402 2503 2509 2571 in-

211 2601 433 2692 gredi,
468 2601 709 2690 absque
761 2599 1036 2670 Romani
1079 2600 1408 2670 Pontificis
1455 2604 1739 2673 licentia.
1790 2607 2053 2678 Constat
2092 2616 2297 2704 capite
2326 2618 2507 2686 Licet
2544 2621 2549 2626 ’

213 2717 369 2809 (18,
409 2716 490 2783 de
515 2714 1014 2806 Reqularibus),
1037 2717 1246 2806 capite
1275 2718 1463 2784 Inter
1496 2716 1588 2808 (2,
1622 2715 1701 2784 de
1737 2722 2193 2794 Translatione
2215 2731 2505 2824 Episc.),

205 2833 433 2923 capite
455 2831 603 2901 Nisi
630 2852 780 2899 cum
808 2827 1070 2921 pridem
1097 2831 1238 2922 (10,
1269 2830 1350 2900 de
1370 2831 1935 2924 Renuntiatione).
1982 2861 2017 2902 α
2039 2837 2205 2908 Nam
2238 2843 2371 2928 hic,
2400 2847 2507 2944 in-

177 2965 258 3012 ἀ
299 2945 438 3035 quit
485 2945 1085 3034 Schmalzgrueber,
1137 2944 1494 3016 Ecclesiam
1554 2969 1766 3031 suam,
1844 2956 2105 3040 propter
2160 2955 2505 3030 vinculum

216 3085 260 3126 α
297 3059 652 3152 spiritualis
699 3059 1130 3142 matrimonii,
1160 3059 1335 3148 quod
1377 3063 1549 3130 inter
1587 3083 1729 3132 eam
1780 3069 1843 3134 et
1886 3064 2103 3156 ipsum
2144 3067 2503 3160 intercedit,

221 3201 264 3242 ι(
300 3177 503 3244 inscio
528 3180 640 3243 aut
667 3195 800 3243 non
845 3174 1287 3244 consentiente
1349 3174 1549 3266 Papa,
1580 3197 1713 3246 non
1754 3184 1955 3270 potest
1994 3180 2307 3255 deserere.
2340 3211 2375 3254 »
2412 3187 2507 3280 (ln

216 3291 496 3361 titulum
525 3287 606 3358 de
631 3287 1104 3381 Reqularibus,
1135 3311 1204 3358 n.
1241 3289 1382 3380 24.)

318 3407 418 3475 Ad
437 3406 884 3497 quaestionem,
924 3402 1196 3495 quando
1239 3405 1561 3496 Pontifex
1602 3408 1934 3500 Episcopo
1958 3407 2118 3483 dare
2123 3418 2349 3507 possit
2388 3435 2511 3492 aut

206 3521 438 3594 soleat
486 3521 826 3598 licentiam
873 3517 1292 3610 inqrediendi
1341 3519 1729 3611 reliqionem
1749 3527 1786 3590 P
1831 3529 2169 3616 respondet
2213 3532 2509 3606 laudatus

199 3635 801 3727 Scbmalzgrueber
848 3635 918 3702 in
950 3635 1124 3703 hunc
1164 3633 1435 3704 modum
1472 3657 1489 3702 ε
1534 3661 1570 3702 t<
1600 3635 1971 3730 Respondeo
2025 3667 2042 3711 ε
2090 3639 2171 3711 iis
2219 3647 2503 3736 casibus,

212 3779 265 3818 <t
303 3752 543 3842 quibus
594 3751 952 3842 Episcopus
1005 3750 1376 3818 renuntiare
1422 3755 1628 3840 potest
1670 3753 2087 3846 episcopatui.
2149 3756 2339 3830 Tales
2384 3786 2506 3836 au-

221 3891 272 3932 «
309 3871 437 3932 tem
481 3866 710 3957 (capite
741 3863 893 3938 Nisi
912 3885 1064 3933 cum
1081 3862 1371 3956 pridem,
1402 3861 1485 3934 de
1504 3868 1833 3958 Renum.)
1859 3879 2320 3944 enumerantur
2348 3899 2499 3949 sex:

221 4007 270 4050 «t
291 3981 518 4075 primo
567 3981 962 4052 conscientia
1007 3980 1350 4070 criminis3
1411 4001 1547 4050 non
1592 3987 1809 4052 tamen
1871 3987 2342 4080 cujuscunque,
2394 3998 2505 4066 sed

221 4123 266 4163 «
296 4097 444 4168 talis
477 4097 786 4167 duntaxat
819 4103 1082 4188 propter
1133 4097 1306 4187 quod
1355 4098 1647 4168 executio
1684 4099 1909 4186 officii,
1956 4103 2149 4172 etiam
2165 4114 2331 4198 post
2357 4133 2507 4201 per.

227 4241 268 4280 «
298 4219 512 4284 actam
555 4213 1006 4306 poeniteutiam
1056 4213 1444 4304 impeditum
1500 4211 1808 4299 secunde,
1857 4216 2147 4290 debilitas
2191 4227 2503 4316 corporis,

227 4350 268 4390 (ι
307 4347 424 4417 per
479 4347 682 4417 quam
729 4327 1054 4415 impotens
1094 4323 1390 4392 redditur
1430 4325 1511 4394 ad
1546 4327 1995 4418 exequendum
2052 4331 2346 4404 officium
2398 4359 2510 4432 pa-

233 4467 271 4508 «
306 4443 584 4529 storale3
649 4440 868 4530 tertio,
896 4438 1182 4510 defectus
1229 4439 1515 4511 scientias
1542 4443 1915 4516 necessariae
1951 4447 2031 4515 ad
2074 4448 2511 4540 spiritualium

473 4565 522 4614 1.
2202 4573 2271 4622 u
