2834 4959
1049 381 1202 432 PARS
1249 385 1543 439 SECUNDA.
2310 407 2389 465 29
2400 409 2429 465 ί

131 491 362 560 stricte
381 488 585 575 dicto,
631 512 750 562 seu
781 495 1036 584 jurium
1071 505 1543 592 parochialium
1582 512 1821 586 laeaivo.
1871 519 2163 596 Dicimus
2194 533 2437 608 saltem

133 609 305 688 etc.;
353 606 550 696 quia,
597 627 763 678 num
803 614 1002 684 etiam
1037 615 1457 712 intelligenda
1490 627 1573 696 sit
1612 629 1693 702 de
1739 637 2135 724 praejudieiis
2179 645 2435 742 impro-

131 719 274 809 prie
327 717 566 804 dictis,
629 744 744 794 seu
790 726 1050 815 jurium
1101 736 1603 822 parochialium·
1634 764 1768 814 non
1820 749 2082 841 laesivis,
2142 769 2437 852 sequenti

131 835 506 924 quaestione
529 840 936 928 expenditur.

233 951 538 1032 Quas-no
561 952 702 1025 111⁸.
727 993 818 1010 —
837 961 948 1027 An
963 963 1179 1051 possit
1187 969 1531 1056 parochus
1552 977 1723 1044 -nooi
1746 995 2104 1054 conventus
2127 995 2442 1066 motioni

12 1119 14 1154 :
127 1089 274 1138 sese
288 1088 646 1158 opponere,
663 1073 870 1142 etiam
883 1073 970 1144 ob
981 1079 1379 1169 praejudicia
1383 1088 1883 1175 parochialium
1884 1097 2151 1186 jurium
2164 1129 2301 1176 non
2320 1111 2436 1180 lae-

12 1243 14 1248 .
131 1185 296 1254 siva
316 1188 358 1254 ?
381 1223 472 1240 —
503 1185 744 1256 Veram
773 1209 955 1259 nunc
983 1199 1049 1260 et
1069 1197 1342 1266 omnino
1370 1205 1722 1289 practicam
1756 1209 2202 1289 difficultatem
2230 1225 2435 1294 attin-

131 1301 396 1390 gimus.
447 1301 610 1372 Nam
663 1304 842 1394 quod
896 1327 1011 1398 per
1052 1311 1205 1379 novi
1253 1325 1611 1388 conventm
1664 1327 2059 1400 erectionem
2115 1336 2435 1413 laedantur

117 1415 308 1504 jura
333 1417 784 1511 parochialia,
833 1428 930 1490 est
977 1443 1160 1494 casus
1193 1425 1326 1496 fere
1381 1431 1796 1508 chimericus.
1850 1442 2187 1536 Siquidem
2233 1475 2311 1525 ex
2359 1479 2435 1528 eo

128 1532 313 1618 quod
357 1533 772 1622 regularium
791 1536 1030 1608 domus
1065 1541 1310 1612 alicubi
1333 1546 1665 1635 tundetur,
1706 1573 2433 1659 nequaquamsequitur

129 1648 210 1716 ad
247 1649 628 1738 parochum
680 1671 814 1720 non
863 1655 1184 1743 pertinere
1232 1661 1475 1748 viatici,
1525 1673 1829 1740 extremae
1876 1681 2227 1769 unctionis,
2284 1709 2429 1757 ma·—

129 1764 572 1854 trimoniique
597 1767 1170 1859 ministrationem,
1200 1780 1264 1842 et
1289 1776 1533 1848 divinae
1559 1779 1978 1860 Eucharistiae
2006 1794 2077 1862 in
2116 1795 2427 1873 Paschate

134 1880 642 1968 porrectionem.
693 1881 850 1952 ltem
885 1883 1164 1956 illaesum
1211 1900 1506 1963 remanet
1536 1898 1648 1985 jus
1688 1904 1950 1988 parochi
1986 1907 2067 1974 ad
2114 1911 2427 1999 decimas,

133 1999 202 2064 et
223 1995 302 2064 ad
343 1995 706 2066 oblationes
738 2019 816 2067 ex
845 2001 1095 2088 justitia
1133 2002 1255 2094 ipsi
1291 2005 1563 2078 debitas.
1603 2011 1770 2082 Item
1815 2016 1887 2084 in
1929 2023 2285 2108 parochiali
2320 2049 2429 2099 ee-

134 2109 318 2180 clesia
377 2111 604 2181 adhue
647 2111 728 2181 de
769 2114 920 2204 jure
969 2117 1322 2208 sepeliendi
1374 2130 1528 2192 sunt
1588 2127 1987 2219 parochiani,
2046 2138 2161 2225 qni
2214 2145 2429 2234 sepul-

132 2243 314 2294 crum
357 2228 696 2316 majorum
745 2250 878 2298 non
923 2230 1190 2320 habent,
1236 2257 1361 2306 nec
1381 2287 1386 2296 -
1403 2238 1561 2307 alibi
1606 2245 2009 2336 sepulturam
2060 2253 2416 2346 elegerunt.

129 2337 203 2406 ln
248 2341 362 2411 his
428 2343 796 2414 consistunt
852 2347 1006 2436 jura
1055 2349 1467 2440 parochialia
1534 2356 1631 2448 (ut
1702 2360 1953 2434 dictum
2024 2375 2119 2438 est
2195 2394 2420 2466 supra,

129 2465 350 2543 quaest.
407 2458 514 2550 1);
574 2465 638 2530 et
683 2459 946 2530 nullum
989 2482 1066 2532 ex
1117 2465 1222 2534 his
1267 2468 1353 2538 ob
1416 2473 1569 2540 novi
1622 2487 1975 2552 conventus
2028 2489 2416 2564 erectionem

129 2569 547 2660 immutatum
580 2581 693 2644 aut
725 2575 798 2646 in
823 2577 1178 2648 discrimen
1204 2582 1571 2654 adducitur.
1608 2588 1795 2660 Unde
1824 2603 1985 2667 tunc
2008 2602 2148 2671 solu
2160 2609 2423 2678 mmodo

131 2687 458 2776 appellare
495 2697 701 2782 posset
753 2692 1068 2782 parochus
1105 2695 1188 2762 ob
1235 2695 1394 2764 loesa
1432 2699 1603 2787 jura
1638 2709 2095 2802 parochialia,
2152 2723 2415 2806 quando

133 2799 498 2895 Episcopus
536 2805 792 2896 aliquod
820 2828 896 2876 ex
933 2809 1070 2877 istis
1091 2809 1352 2896 juribus
1395 2812 1479 2880 ad
1518 2833 1767 2884 novum
1810 2830 2281 2899 monasterium
2312 2835 2419 2903 de-

135 2925 312 2989 creto
359 2941 476 2988 suo
513 2923 924 3010 transferrem
982 2925 1084 2994 vel
1117 2926 1379 3015 quando
1432 2930 1585 2997 novi
1636 2939 2009 3007 monasterii
2067 2941 2258 3032 oedes,
2329 2948 2415 3018 ob

133 3032 526 3105 vicinitatem
575 3035 879 3124 nimiam,
939 3037 1148 3110 aliave
1207 3039 1286 3108 de
1340 3061 1557 3128 causa,
1614 3045 1935 3135 parochiae
2002 3053 2255 3128 aedibus
2301 3071 2411 3132 aut

129 3146 327 3220 [mdo
367 3157 845 3222 nocumentum
891 3153 1232 3242 inferrent,
1264 3156 1370 3226 vel
1414 3158 1815 3248 parochiales
1847 3164 2213 3240 functiones
2251 3197 2408 3264 per-

128 3264 482 3336 turbarent.
513 3265 659 3336 Erit
684 3271 902 3338 autem
937 3269 999 3338 is
1021 3290 1236 3357 casus,
1263 3277 1336 3340 ut
1368 3279 1567 3362 patet,
1604 3277 1997 3350 rarissimus.

215 3378 450 3451 Atvero
475 3383 652 3473 quod
693 3405 808 3475 per
849 3384 1000 3454 novi
1041 3394 1394 3456 conventus
1428 3391 1863 3462 errectionem·
1898 3401 2178 3486 parocho
2205 3411 2269 3476 et
2292 3431 2405 3502 pa-

121 3495 390 3566 rochiali
417 3497 702 3568 ecclaeiae
723 3499 1501 3593 inferanturpraejudicia
1528 3502 1893 3598 improprie
1923 3511 2128 3604 dieta,
2152 3543 2265 3590 seu
2288 3527 2403 3612 ju.

121 3609 292 3684 rium
317 3612 798 3705 parochialium
843 3635 980 3686 non
1007 3615 1244 3700 laesiva,
1278 3636 1463 3684 casus
1508 3627 1601 3688 est
1635 3619 2221 3712 frequentissimus.
2263 3633 2404 3707 Imo

119 3725 220 3796 vix
257 3729 454 3800 ullibi
507 3727 579 3798 fu
587 3729 772 3799 ndari
821 3735 1024 3820 potest
1085 3730 1489 3822 regularium
1550 3732 1757 3823 (sacro
1808 3745 2161 3830 praesertim
2211 3763 2398 3822 exer-

117 3843 325 3912 cendo
375 3843 734 3919 ministerio
785 3845 1214 3937 addictorum)
1269 3847 1534 3918 ecclesia
1581 3856 1647 3920 et
1695 3852 1957 3944 domus,
2006 3863 2167 3950 quin
2222 3867 2397 3956 ejus-

117 3957 298 4028 modi
349 3959 748 4050 praejudicia,
808 3960 954 4053 plus
1008 3964 1310 4034 minusve
1352 3965 1685 4051 notabilia,
1738 3985 2237 4066 consequantur.
2298 3983 2394 4058 Ex

119 4095 244 4164 quo
289 4073 474 4145 enim
507 4075 798 4166 exstabit,
847 4077 1018 4148 intra
1063 4079 1384 4170 parochiae
1433 4083 1862 4174 territorium,
1906 4091 2123 4182 aliqua
2170 4095 2398 4172 Domi-

119 4189 526 4282 nicanorum,
553 4191 1167 4279 Franciscanorum,
1193 4195 1552 4267 aliorumve
1578 4200 1929 4289 similium,
1959 4205 2196 4281 domus
2238 4237 2395 4287 cum

117 4307 413 4398 adjuncta
461 4309 736 4380 ecclesia
781 4331 922 4396 sua,
971 4313 1304 4383 ecclesiam
1367 4314 1536 4384 hanc
1586 4315 1801 4387 fideles
1847 4321 2211 4414 {requenter
2256 4333 2395 4406 adi-

119 4423 298 4518 bunt,
357 4429 586 4519 ibique
647 4427 912 4500 missam
965 4437 1030 4499 et
1085 4453 1296 4500 sacras
1361 4432 1700 4506 conciones
1754 4439 2057 4514 audient:
2119 4451 2389 4538 proinde
