2834 4959
1089 352 1240 400 PARS
1283 353 1523 400 unm.
2316 347 2395 404 38
2406 349 2443 404 5

130 453 666 572 congregatione
718 475 1202 566 agnoscendum
1258 480 1352 544 est
1401 477 1511 566 jus
1566 476 2069 546 conventualiter
2132 479 2443 551 existendi

131 601 208 668 in
239 594 666 674 civitatibus,
723 593 910 684 pagis
960 596 1025 662 et
1063 590 1459 660 districtibus
1507 589 1734 662 Galliae
1761 599 1824 663 et
1851 593 2087 684 Belgii,
2111 595 2183 663 in
2210 595 2447 686 quibus

135 715 312 784 olim
357 710 748 782 monasteria
796 706 1050 778 babuit.
1083 706 1278 792 Nam,
1323 729 1397 776 ex
1448 707 1753 800 probatis,
1779 712 1893 800 jus
1946 709 2135 796 illud,
2170 733 2292 782 nec
2334 734 2449 804 per

137 833 628 932 religiosorum
677 828 1170 921 dispersionem,
1219 849 1339 898 nec
1385 847 1503 918 per
1560 829 2100 900 monasteriorum
2181 829 2447 904 illorum

139 947 528 1036 legitimam
605 943 1064 1014 alienationem
1123 943 1348 1034 periit3
1407 941 1517 1012 sed
1574 946 2002 1034 permansisse
2048 947 2449 1017 censendum

145 1067 290 1148 est,
327 1064 522 1130 etiam
561 1062 636 1129 in
681 1081 818 1129 uno
845 1057 1182 1150 superstite
1224 1059 1423 1127 totius
1468 1059 1986 1151 congregationis
2027 1061 2345 1153 professo3
2386 1071 2451 1133 et

149 1179 392 1270 potuit
419 1177 611 1246 etiam
652 1175 764 1245 ille
791 1175 1030 1244 unicus
1067 1179 1388 1265 superstes
1450 1180 1513 1242 et
1550 1176 2117 1266 congregationem
2146 1199 2357 1266 suam,
2390 1187 2453 1252 et

153 1293 570 1386 praedictum
591 1292 696 1381 jus
725 1296 1125 1382 perpetuare.
1173 1288 1344 1378 Ergo
1378 1288 1573 1360 hodie
1602 1296 1872 1382 possunt
1890 1292 2067 1361 illius
2094 1315 2453 1385 congrega-

154 1408 378 1478 tionis
419 1405 684 1496 praelati,
734 1405 980 1496 absque
1033 1426 1201 1475 nova
1247 1405 1741 1477 ordinariorum
1789 1407 2079 1490 licentia,
2153 1411 2223 1478 in
2264 1411 2453 1480 dictis

156 1521 402 1592 Galliae
447 1527 514 1590 et
566 1519 772 1611 Belgii
817 1520 1206 1610 civitatibuS,
1261 1522 1443 1612 pagis
1498 1543 1573 1590 ac
1626 1522 2051 1607 districtibus,
2113 1523 2279 1592 aedes
2328 1523 2455 1592 sibi

158 1658 574 1728 comparare,
599 1643 786 1726 atque
835 1636 906 1704 in
961 1636 1054 1705 eis
1089 1636 1366 1704 instituti
1422 1637 1527 1705 sui
1584 1637 1919 1729 propriam
1965 1638 2457 1708 conventualem

160 1754 370 1822 vitam
397 1752 786 1839 instaurare,
809 1771 968 1821 cum
987 1751 1294 1820 omnibus
1316 1751 1545 1842 priscis
1562 1753 1699 1820 suis
1707 1751 1969 1842 juribus
1987 1757 2052 1821 et
2075 1753 2453 1844 privilegiis,

165 1867 447 1957 dempto
473 1866 606 1934 solo
633 1866 704 1934 in
739 1866 912 1934 bona
939 1865 1212 1934 alienata
1231 1868 1404 1954 jure.

265 1980 654 2048 Pnorosrno
677 1977 812 2048 VP.
862 1983 1018 2052 Non
1053 1992 1375 2071 poterunt
1431 1991 1653 2048 tamen
1682 1976 1885 2046 ullibi
1908 1979 2271 2069 requlares,
2303 1981 2461 2084 (ψε-

169 2117 308 2188 que
339 2093 686 2163 Ordinarii
713 2096 1212 2188 approbatione,
1240 2093 1672 2164 saecularium
1714 2093 2155 2183 confessiones
2198 2093 2457 2182 audire,

170 2215 300 2272 aut
340 2199 764 2292 praedicandi
788 2202 974 2272 verbi
1019 2202 1232 2272 divini
1260 2225 1504 2272 munus
1540 2200 1741 2270 obire.
1767 2237 1858 2254 -
1881 2198 2047 2268 Nam
2071 2205 2135 2268 et
2152 2207 2299 2269 ante
2322 2201 2461 2268 dis-

171 2320 550 2412 persionem
579 2319 660 2386 de
679 2319 828 2408 Jure
854 2321 1194 2388 communi
1241 2318 1693 2410 requirebatur
1720 2318 1933 2386 haecce
1962 2315 2463 2385 ordinariorum

175 2433 578 2527 approbatio.
615 2431 752 2503 Nec
800 2434 882 2503 ab
914 2455 990 2504 ea
1021 2433 1363 2504 obtinenda
1408 2439 1553 2526 post
1588 2431 1945 2504 concilium
1974 2429 2457 2518 Tridentinum,

176 2549 380 2618 eximi
417 2548 588 2618 soliti
616 2554 772 2616 sunt
791 2547 912 2617 ulli
943 2549 1390 2640 religiosorum
1438 2549 1717 2617 ordines.
1748 2547 1935 2617 Unde
1960 2548 2169 2638 siqua
2198 2567 2468 2638 corgre·

176 2666 354 2756 gatio
378 2664 802 2754 privilegium
841 2665 1290 2756 Apostolicum
1319 2664 1535 2754 quoad
1567 2662 1693 2732 hoc
1722 2663 2167 2752 praetenderet,
2202 2665 2325 2754 ipsi
2355 2665 2464 2732 in-

183 2779 530 2848 cumberet
580 2780 739 2850 illud
789 2780 1080 2872 probare.

276 2893 622 2964 Conausro
655 2897 855 2966 totius
880 2896 1232 2990 proesentis
1245 2891 1698 2987 paraqraplzi.
1727 2925 1813 2941 --
1850 2889 1921 2958 Si
1943 2910 2093 2958 vera
2129 2891 2237 2975 sit,
2268 2909 2465 2978 quam

179 3012 628 3102 exposuimus,
686 3013 766 3083 de
811 3012 1130 3105 religiosis
1187 3011 1493 3102 dispersis
1548 3013 1611 3078 et
1646 3006 1727 3077 ad
1784 3004 2085 3100 pristinas
2136 3025 2283 3074 suas
2338 3011 2467 3074 sta-

181 3129 396 3196 tiones
443 3128 882 3198 remeantibus
919 3130 1238 3214 doctrina,
1275 3125 1486 3218 quoad
1538 3124 1791 3217 praxim
1848 3123 1989 3192 haec
2029 3120 2469 3190 concludenda

179 3243 461 3313 veniunt
519 3267 536 3311 ε
591 3249 652 3312 1⁰
695 3242 1117 3314 Provincialis
1160 3242 1427 3313 Patrum
1457 3240 1959 3310 Carmelitarum
1991 3235 2219 3326 Belgii,
2254 3256 2471 3306 assen-

183 3360 388 3428 tiente
432 3361 630 3428 totius
687 3359 934 3430 ordinis
986 3357 1268 3451 generali
1321 3357 1673 3448 superiore,
1723 3356 1953 3445 potest,
2010 3351 2249 3442 absque
2306 3371 2471 3421 nova

183 3471 524 3542 Ordinarii
543 3473 834 3562 licentia,
861 3475 1136 3544 instituti
1171 3474 1272 3542 sui
1301 3476 1695 3542 conventum
1736 3467 2043 3536 inchoare
2090 3470 2162 3536 in
2192 3467 2471 3556 singulis

185 3589 378 3658 dictae
415 3590 699 3680 regionis
737 3589 1133 3672 civitatibus,
1171 3591 1350 3681 pagis
1390 3608 1466 3656 ac
1496 3583 1918 3667 districtibus,
1949 3581 2019 3648 in
2066 3579 2303 3669 quibus
2326 3583 2472 3646 ante

183 3705 544 3776 violentam
617 3707 1060 3798 expulsionem
1137 3711 1201 3775 et
1251 3702 1719 3796 dispersionem
1767 3698 2085 3768 exstiterat
2166 3694 2475 3762 canonice

186 3827 408 3890 erecta
433 3821 724 3911 ejusdem
745 3822 998 3892 ordinis
1023 3821 1315 3904 familia,
1296 3843 1311 3858 ·
1348 3821 1527 3909 quia,
1558 3839 1711 3888 cum
1758 3833 2101 3942 nunquam
2136 3831 2474 3900 suppressa

183 3945 248 4004 et
315 3957 658 4026 nunquam
705 3939 982 4010 extincta
1033 3936 1230 4008 fuerit
1276 3933 1687 4025 congregatio
1736 3931 1899 4014 haic,
1950 3925 2075 4018 ipsi
2131 3944 2471 4014 nunquam

189 4052 386 4142 periit
429 4057 828 4144 acquisitum
879 4055 988 4148 jus
1033 4053 1103 4124 in
1151 4053 1340 4124 dictis
1390 4052 1549 4120 locis
1584 4043 2095 4152 conventualiter
2137 4039 2469 4110 existendi.

189 4167 254 4236 2⁰
319 4167 540 4238 Potuit
587 4171 764 4242 idem
814 4149 1256 4264 provincialis,
1296 4167 1537 4258 absque
1584 4185 1751 4232 nova
1810 4159 2135 4229 Ordinarii
2186 4155 2477 4238 licentia,

191 4286 584 4356 monialium
615 4290 813 4358 etiam
838 4285 1338 4358 Carmelitarum
1367 4286 1719 4354 conventus
1749 4276 2101 4346 inchoare
2084 4297 2153 4342 in
2186 4275 2265 4342 iis
2292 4271 2473 4354 locis

193 4401 264 4469 in
295 4403 542 4492 quibus
577 4405 832 4497 pridem
876 4404 1243 4474 exstiterant
1275 4421 1499 4470 earum
1522 4388 1865 4488 virginum
1893 4387 2307 4478 monasteria,
2328 4405 2481 4480 pro-

451 4529 498 4577 ι.
2170 4510 2241 4556 ss
