<?xml version="1.0" encoding="UTF-8"?>
<!DOCTYPE html PUBLIC "-//W3C//DTD XHTML 1.0 Transitional//EN"
    "http://www.w3.org/TR/xhtml1/DTD/xhtml1-transitional.dtd">
<html xmlns="http://www.w3.org/1999/xhtml" xml:lang="en" lang="en">
 <head>
  <title>
</title>
<meta http-equiv="Content-Type" content="text/html;charset=utf-8" />
  <meta name='ocr-system' content='tesseract 3.04.00' />
  <meta name='ocr-capabilities' content='ocr_page ocr_carea ocr_par ocr_line ocrx_word'/>
</head>
<body>
  <div class='ocr_page' id='page_1' title='image "./tractatusdejure01unkngoog_0365.png"; bbox 0 0 2834 4959; ppageno 0'>
   <div class='ocr_carea' id='block_1_1' title="bbox 1110 338 2456 395">
    <p class='ocr_par' dir='ltr' id='par_1_1' title="bbox 1110 338 2456 395">
     <span class='ocr_line' id='line_1_1' title="bbox 1110 338 2456 395; baseline 0.004 -8"><span class='ocrx_word' id='word_1_1' title='bbox 1110 339 1263 387; x_wconf 62' lang='lat' dir='ltr'><strong>rans</strong></span> <span class='ocrx_word' id='word_1_2' title='bbox 1302 340 1542 387; x_wconf 70' lang='lat' dir='ltr'><strong>nam.</strong></span> <span class='ocrx_word' id='word_1_3' title='bbox 2333 338 2456 395; x_wconf 77' lang='grc'><strong>347</strong></span> 
     </span>
    </p>
   </div>
   <div class='ocr_carea' id='block_1_2' title="bbox 152 454 2530 4474">
    <p class='ocr_par' dir='ltr' id='par_1_2' title="bbox 196 454 2462 1006">
     <span class='ocr_line' id='line_1_2' title="bbox 208 454 2462 556; baseline 0.007 -35"><span class='ocrx_word' id='word_1_4' title='bbox 208 485 237 521; x_wconf 75' lang='grc' dir='ltr'><strong>α</strong></span> <span class='ocrx_word' id='word_1_5' title='bbox 277 457 515 548; x_wconf 87' lang='lat' dir='ltr'><strong>quihus</strong></span> <span class='ocrx_word' id='word_1_6' title='bbox 542 454 757 523; x_wconf 86' lang='lat' dir='ltr'><strong>adhuc</strong></span> <span class='ocrx_word' id='word_1_7' title='bbox 802 456 1091 527; x_wconf 72' lang='lat' dir='ltr'><strong>adstricti</strong></span> <span class='ocrx_word' id='word_1_8' title='bbox 1118 466 1494 543; x_wconf 82' lang='lat' dir='ltr'><strong>remanent3</strong></span> <span class='ocrx_word' id='word_1_9' title='bbox 1529 460 1640 529; x_wconf 83' lang='lat' dir='ltr'><strong>sed</strong></span> <span class='ocrx_word' id='word_1_10' title='bbox 1682 461 1894 529; x_wconf 89' lang='lat' dir='ltr'><strong>solum</strong></span> <span class='ocrx_word' id='word_1_11' title='bbox 1926 464 2018 531; x_wconf 88' lang='lat' dir='ltr'><strong>eis</strong></span> <span class='ocrx_word' id='word_1_12' title='bbox 2067 467 2462 556; x_wconf 80' lang='lat' dir='ltr'><strong>permittitur</strong></span> 
     </span>
     <span class='ocr_line' id='line_1_3' title="bbox 202 569 2458 665; baseline 0.005 -26"><span class='ocrx_word' id='word_1_13' title='bbox 202 600 233 639; x_wconf 76' lang='lat' dir='ltr'><strong>&lt;t</strong></span> <span class='ocrx_word' id='word_1_14' title='bbox 276 574 489 643; x_wconf 76' lang='lat' dir='ltr'><strong>vivere</strong></span> <span class='ocrx_word' id='word_1_15' title='bbox 536 572 607 639; x_wconf 89' lang='lat' dir='ltr'><strong>in</strong></span> <span class='ocrx_word' id='word_1_16' title='bbox 654 569 919 659; x_wconf 81' lang='lat' dir='ltr'><strong>saecnlo,</strong></span> <span class='ocrx_word' id='word_1_17' title='bbox 967 579 1031 641; x_wconf 88' lang='lat' dir='ltr'><strong>et</strong></span> <span class='ocrx_word' id='word_1_18' title='bbox 1074 575 1147 642; x_wconf 89' lang='lat' dir='ltr'><strong>in</strong></span> <span class='ocrx_word' id='word_1_19' title='bbox 1196 574 1424 643; x_wconf 83' lang='lat' dir='ltr'><strong>habitu</strong></span> <span class='ocrx_word' id='word_1_20' title='bbox 1477 574 1696 645; x_wconf 85' lang='lat' dir='ltr'><strong>clerici</strong></span> <span class='ocrx_word' id='word_1_21' title='bbox 1739 577 2085 665; x_wconf 61' lang='lat' dir='ltr'><strong>saecularis,</strong></span> <span class='ocrx_word' id='word_1_22' title='bbox 2133 582 2256 649; x_wconf 88' lang='lat' dir='ltr'><strong>sub</strong></span> <span class='ocrx_word' id='word_1_23' title='bbox 2307 582 2458 651; x_wconf 89' lang='lat' dir='ltr'><strong>obe-</strong></span> 
     </span>
     <span class='ocr_line' id='line_1_4' title="bbox 200 684 2458 781; baseline 0.004 -23"><span class='ocrx_word' id='word_1_24' title='bbox 200 717 231 757; x_wconf 72' lang='lat'>«</span> <span class='ocrx_word' id='word_1_25' title='bbox 270 688 509 758; x_wconf 88' lang='lat' dir='ltr'><strong>dientia</strong></span> <span class='ocrx_word' id='word_1_26' title='bbox 574 684 947 771; x_wconf 79' lang='lat' dir='ltr'><strong>Ordinarii3</strong></span> <span class='ocrx_word' id='word_1_27' title='bbox 1017 708 1097 759; x_wconf 81' lang='lat' dir='ltr'><strong>ex</strong></span> <span class='ocrx_word' id='word_1_28' title='bbox 1155 688 1235 757; x_wconf 87' lang='lat' dir='ltr'><strong>iis</strong></span> <span class='ocrx_word' id='word_1_29' title='bbox 1300 711 1472 781; x_wconf 82' lang='lat' dir='ltr'><strong>quae,</strong></span> <span class='ocrx_word' id='word_1_30' title='bbox 1529 690 1774 761; x_wconf 82' lang='lat' dir='ltr'><strong>caeteris</strong></span> <span class='ocrx_word' id='word_1_31' title='bbox 1837 692 2077 779; x_wconf 82' lang='lat' dir='ltr'><strong>relatis,</strong></span> <span class='ocrx_word' id='word_1_32' title='bbox 2137 694 2458 767; x_wconf 89' lang='lat' dir='ltr'><strong>habentur</strong></span> 
     </span>
     <span class='ocr_line' id='line_1_5' title="bbox 196 801 2452 903; baseline 0.006 -34"><span class='ocrx_word' id='word_1_33' title='bbox 196 830 227 869; x_wconf 72' lang='grc' dir='ltr'><em>α</em></span> <span class='ocrx_word' id='word_1_34' title='bbox 270 804 437 895; x_wconf 90' lang='lat' dir='ltr'><strong>apud</strong></span> <span class='ocrx_word' id='word_1_35' title='bbox 466 801 825 889; x_wconf 80' lang='lat' dir='ltr'><strong>Donatum,</strong></span> <span class='ocrx_word' id='word_1_36' title='bbox 854 804 1100 873; x_wconf 78' lang='lat' dir='ltr'><strong>Rerum</strong></span> <span class='ocrx_word' id='word_1_37' title='bbox 1128 805 1543 894; x_wconf 74' lang='lat' dir='ltr'><strong>reqularium</strong></span> <span class='ocrx_word' id='word_1_38' title='bbox 1557 812 1736 876; x_wconf 88' lang='lat' dir='ltr'><strong>tomo</strong></span> <span class='ocrx_word' id='word_1_39' title='bbox 1766 812 1832 897; x_wconf 84' lang='lat'><strong>1,</strong></span> <span class='ocrx_word' id='word_1_40' title='bbox 1853 814 2124 879; x_wconf 83' lang='lat' dir='ltr'><strong>tractatu</strong></span> <span class='ocrx_word' id='word_1_41' title='bbox 2153 811 2219 897; x_wconf 88' lang='lat'><strong>8,</strong></span> <span class='ocrx_word' id='word_1_42' title='bbox 2245 835 2310 903; x_wconf 87' lang='lat' dir='ltr'><strong>q.</strong></span> <span class='ocrx_word' id='word_1_43' title='bbox 2341 812 2452 899; x_wconf 89' lang='lat'><strong>30,</strong></span> 
     </span>
     <span class='ocr_line' id='line_1_6' title="bbox 199 916 831 1006; baseline 0 -23"><span class='ocrx_word' id='word_1_44' title='bbox 199 944 231 983; x_wconf 75' lang='grc' dir='ltr'><strong>α</strong></span> <span class='ocrx_word' id='word_1_45' title='bbox 274 939 343 985; x_wconf 88' lang='lat' dir='ltr'><strong>n.</strong></span> <span class='ocrx_word' id='word_1_46' title='bbox 374 916 525 998; x_wconf 57' lang='lat' dir='ltr'><strong>Zet</strong></span> <span class='ocrx_word' id='word_1_47' title='bbox 550 937 619 1006; x_wconf 87' lang='lat' dir='ltr'><strong>q.</strong></span> <span class='ocrx_word' id='word_1_48' title='bbox 652 916 765 985; x_wconf 76' lang='lat'><strong>48.</strong></span> <span class='ocrx_word' id='word_1_49' title='bbox 794 939 831 983; x_wconf 68' lang='lat' dir='ltr'><strong>n</strong></span> 
     </span>
    </p>

    <p class='ocr_par' dir='ltr' id='par_1_3' title="bbox 186 1030 2456 2162">
     <span class='ocr_line' id='line_1_7' title="bbox 274 1030 2456 1129; baseline 0.005 -28"><span class='ocrx_word' id='word_1_50' title='bbox 274 1030 528 1102; x_wconf 77' lang='lat' dir='ltr'><strong>Frustra</strong></span> <span class='ocrx_word' id='word_1_51' title='bbox 588 1052 743 1122; x_wconf 84' lang='lat' dir='ltr'><strong>ergo</strong></span> <span class='ocrx_word' id='word_1_52' title='bbox 779 1033 1101 1123; x_wconf 83' lang='lat' dir='ltr'><strong>ejusmodi</strong></span> <span class='ocrx_word' id='word_1_53' title='bbox 1144 1034 1471 1127; x_wconf 74' lang='lat' dir='ltr'>regulares</span> <span class='ocrx_word' id='word_1_54' title='bbox 1517 1036 1788 1129; x_wconf 87' lang='lat' dir='ltr'><strong>dispersi</strong></span> <span class='ocrx_word' id='word_1_55' title='bbox 1833 1046 2134 1110; x_wconf 81' lang='lat' dir='ltr'><strong>votorum</strong></span> <span class='ocrx_word' id='word_1_56' title='bbox 2185 1063 2456 1113; x_wconf 84' lang='lat' dir='ltr'><strong>suorum</strong></span> 
     </span>
     <span class='ocr_line' id='line_1_8' title="bbox 188 1146 2449 1247; baseline 0.005 -32"><span class='ocrx_word' id='word_1_57' title='bbox 188 1146 565 1215; x_wconf 80' lang='lat' dir='ltr'><strong>solemnium</strong></span> <span class='ocrx_word' id='word_1_58' title='bbox 644 1148 1187 1237; x_wconf 74' lang='lat' dir='ltr'><strong>dispensationem</strong></span> <span class='ocrx_word' id='word_1_59' title='bbox 1266 1150 1349 1219; x_wconf 87' lang='lat' dir='ltr'><strong>ab</strong></span> <span class='ocrx_word' id='word_1_60' title='bbox 1429 1150 1743 1245; x_wconf 81' lang='lat' dir='ltr'><strong>Episcopo</strong></span> <span class='ocrx_word' id='word_1_61' title='bbox 1827 1155 1954 1225; x_wconf 88' lang='lat' dir='ltr'><strong>loci</strong></span> <span class='ocrx_word' id='word_1_62' title='bbox 2028 1158 2449 1247; x_wconf 79' lang='lat' dir='ltr'><strong>postularent.</strong></span> 
     </span>
     <span class='ocr_line' id='line_1_9' title="bbox 186 1260 2455 1364; baseline 0.004 -31"><span class='ocrx_word' id='word_1_63' title='bbox 186 1266 383 1353; x_wconf 75' lang='lat' dir='ltr'><strong>Atque</strong></span> <span class='ocrx_word' id='word_1_64' title='bbox 421 1262 595 1333; x_wconf 85' lang='lat' dir='ltr'><strong>hanc</strong></span> <span class='ocrx_word' id='word_1_65' title='bbox 640 1262 699 1331; x_wconf 87' lang='lat' dir='ltr'><strong>si</strong></span> <span class='ocrx_word' id='word_1_66' title='bbox 723 1260 1079 1353; x_wconf 75' lang='lat' dir='ltr'><strong>Episcopus</strong></span> <span class='ocrx_word' id='word_1_67' title='bbox 1108 1266 1508 1348; x_wconf 77' lang='lat' dir='ltr'><strong>concederet,</strong></span> <span class='ocrx_word' id='word_1_68' title='bbox 1555 1269 1735 1337; x_wconf 90' lang='lat' dir='ltr'><strong>nulla</strong></span> <span class='ocrx_word' id='word_1_69' title='bbox 1779 1292 2042 1361; x_wconf 87' lang='lat' dir='ltr'><strong>prorsus</strong></span> <span class='ocrx_word' id='word_1_70' title='bbox 2069 1272 2232 1342; x_wconf 80' lang='lat' dir='ltr'><strong>foret</strong></span> <span class='ocrx_word' id='word_1_71' title='bbox 2265 1280 2455 1364; x_wconf 89' lang='lat' dir='ltr'><strong>atque</strong></span> 
     </span>
     <span class='ocr_line' id='line_1_10' title="bbox 186 1379 2448 1469; baseline 0.006 -23"><span class='ocrx_word' id='word_1_72' title='bbox 186 1379 361 1447; x_wconf 80' lang='lat' dir='ltr'><strong>irrita</strong></span> <span class='ocrx_word' id='word_1_73' title='bbox 408 1379 775 1458; x_wconf 80' lang='lat' dir='ltr'><strong>eoncessi03</strong></span> <span class='ocrx_word' id='word_1_74' title='bbox 829 1384 1023 1469; x_wconf 86' lang='lat' dir='ltr'><strong>prout</strong></span> <span class='ocrx_word' id='word_1_75' title='bbox 1066 1380 1139 1448; x_wconf 90' lang='lat' dir='ltr'><strong>in</strong></span> <span class='ocrx_word' id='word_1_76' title='bbox 1180 1382 1374 1451; x_wconf 83' lang='lat' dir='ltr'><strong>citato</strong></span> <span class='ocrx_word' id='word_1_77' title='bbox 1421 1382 1605 1453; x_wconf 77' lang='lat' dir='ltr'><strong>brevi</strong></span> <span class='ocrx_word' id='word_1_78' title='bbox 1643 1385 1825 1454; x_wconf 88' lang='lat' dir='ltr'><strong>docet</strong></span> <span class='ocrx_word' id='word_1_79' title='bbox 1870 1386 2068 1456; x_wconf 86' lang='lat' dir='ltr'><strong>etiam</strong></span> <span class='ocrx_word' id='word_1_80' title='bbox 2117 1386 2272 1457; x_wconf 87' lang='lat' dir='ltr'><strong>Pius</strong></span> <span class='ocrx_word' id='word_1_81' title='bbox 2315 1388 2448 1459; x_wconf 82' lang='lat' dir='ltr'><strong>Vl:</strong></span> 
     </span>
     <span class='ocr_line' id='line_1_11' title="bbox 196 1491 2452 1592; baseline 0.006 -34"><span class='ocrx_word' id='word_1_82' title='bbox 196 1518 229 1558; x_wconf 75' lang='grc' dir='ltr'><strong>α</strong></span> <span class='ocrx_word' id='word_1_83' title='bbox 266 1491 433 1562; x_wconf 90' lang='lat' dir='ltr'><strong>Hinc</strong></span> <span class='ocrx_word' id='word_1_84' title='bbox 474 1492 663 1561; x_wconf 80' lang='lat' dir='ltr'><strong>facile</strong></span> <span class='ocrx_word' id='word_1_85' title='bbox 707 1492 1053 1581; x_wconf 76' lang='lat' dir='ltr'><strong>intelliges,</strong></span> <span class='ocrx_word' id='word_1_86' title='bbox 1086 1495 1327 1587; x_wconf 86' lang='lat' dir='ltr'><strong>inquit,</strong></span> <span class='ocrx_word' id='word_1_87' title='bbox 1370 1519 1492 1568; x_wconf 88' lang='lat' dir='ltr'><strong>nos</strong></span> <span class='ocrx_word' id='word_1_88' title='bbox 1525 1499 1804 1569; x_wconf 88' lang='lat' dir='ltr'><strong>minime</strong></span> <span class='ocrx_word' id='word_1_89' title='bbox 1828 1500 1908 1569; x_wconf 87' lang='lat' dir='ltr'><strong>iis</strong></span> <span class='ocrx_word' id='word_1_90' title='bbox 1956 1502 2276 1588; x_wconf 82' lang='lat' dir='ltr'><strong>assentiri,</strong></span> <span class='ocrx_word' id='word_1_91' title='bbox 2334 1507 2452 1592; x_wconf 89' lang='lat' dir='ltr'><strong>qui</strong></span> 
     </span>
     <span class='ocr_line' id='line_1_12' title="bbox 194 1607 2453 1707; baseline 0.006 -36"><span class='ocrx_word' id='word_1_92' title='bbox 194 1632 225 1671; x_wconf 75' lang='grc' dir='ltr'><strong>«ι</strong></span> <span class='ocrx_word' id='word_1_93' title='bbox 264 1607 805 1699; x_wconf 77' lang='lat' dir='ltr'><strong>dispensationem</strong></span> <span class='ocrx_word' id='word_1_94' title='bbox 848 1628 889 1675; x_wconf 89' lang='lat' dir='ltr'><strong>a</strong></span> <span class='ocrx_word' id='word_1_95' title='bbox 941 1610 1104 1679; x_wconf 75' lang='lat' dir='ltr'><strong>votis</strong></span> <span class='ocrx_word' id='word_1_96' title='bbox 1153 1610 1556 1681; x_wconf 86' lang='lat' dir='ltr'><strong>solemnibus</strong></span> <span class='ocrx_word' id='word_1_97' title='bbox 1587 1614 1990 1703; x_wconf 88' lang='lat' dir='ltr'><strong>postulant...</strong></span> <span class='ocrx_word' id='word_1_98' title='bbox 2041 1614 2210 1685; x_wconf 74' lang='lat' dir='ltr'><strong>Cave</strong></span> <span class='ocrx_word' id='word_1_99' title='bbox 2251 1618 2453 1707; x_wconf 80' lang='lat' dir='ltr'><strong>igitur</strong></span> 
     </span>
     <span class='ocr_line' id='line_1_13' title="bbox 189 1723 2452 1818; baseline 0.006 -32"><span class='ocrx_word' id='word_1_100' title='bbox 189 1746 221 1786; x_wconf 84' lang='lat'>«</span> <span class='ocrx_word' id='word_1_101' title='bbox 256 1744 340 1793; x_wconf 90' lang='lat' dir='ltr'><strong>ne</strong></span> <span class='ocrx_word' id='word_1_102' title='bbox 380 1723 771 1813; x_wconf 83' lang='lat' dir='ltr'><strong>dispensatio</strong></span> <span class='ocrx_word' id='word_1_103' title='bbox 818 1724 1229 1815; x_wconf 86' lang='lat' dir='ltr'><strong>hujusmodi,</strong></span> <span class='ocrx_word' id='word_1_104' title='bbox 1280 1748 1413 1816; x_wconf 85' lang='lat' dir='ltr'><strong>qua</strong></span> <span class='ocrx_word' id='word_1_105' title='bbox 1439 1728 1632 1796; x_wconf 86' lang='lat' dir='ltr'><strong>decor</strong></span> <span class='ocrx_word' id='word_1_106' title='bbox 1659 1735 1723 1797; x_wconf 88' lang='lat' dir='ltr'><strong>et</strong></span> <span class='ocrx_word' id='word_1_107' title='bbox 1763 1729 2184 1818; x_wconf 81' lang='lat' dir='ltr'><strong>pulchritudo</strong></span> <span class='ocrx_word' id='word_1_108' title='bbox 2217 1728 2452 1799; x_wconf 88' lang='lat' dir='ltr'><strong>domus</strong></span> 
     </span>
     <span class='ocr_line' id='line_1_14' title="bbox 189 1836 2454 1937; baseline 0.005 -36"><span class='ocrx_word' id='word_1_109' title='bbox 189 1864 221 1901; x_wconf 72' lang='grc' dir='ltr'>α</span> <span class='ocrx_word' id='word_1_110' title='bbox 260 1836 378 1905; x_wconf 88' lang='lat' dir='ltr'><strong>Dei</strong></span> <span class='ocrx_word' id='word_1_111' title='bbox 400 1839 821 1929; x_wconf 86' lang='lat' dir='ltr'><strong>pollueretur,</strong></span> <span class='ocrx_word' id='word_1_112' title='bbox 852 1840 1063 1909; x_wconf 85' lang='lat' dir='ltr'><strong>audiri</strong></span> <span class='ocrx_word' id='word_1_113' title='bbox 1100 1840 1432 1931; x_wconf 82' lang='lat' dir='ltr'><strong>contingat</strong></span> <span class='ocrx_word' id='word_1_114' title='bbox 1466 1843 1536 1909; x_wconf 89' lang='lat' dir='ltr'><strong>in</strong></span> <span class='ocrx_word' id='word_1_115' title='bbox 1563 1842 1875 1918; x_wconf 81' lang='lat' dir='ltr'><strong>Ecclesia.</strong></span> <span class='ocrx_word' id='word_1_116' title='bbox 1910 1847 2136 1935; x_wconf 81' lang='lat' dir='ltr'><strong>Neque</strong></span> <span class='ocrx_word' id='word_1_117' title='bbox 2169 1856 2244 1912; x_wconf 83' lang='lat' dir='ltr'><strong>tu</strong></span> <span class='ocrx_word' id='word_1_118' title='bbox 2257 1859 2454 1937; x_wconf 76' lang='lat' dir='ltr'><strong>potes</strong></span> 
     </span>
     <span class='ocr_line' id='line_1_15' title="bbox 192 1952 2454 2047; baseline 0.004 -32"><span class='ocrx_word' id='word_1_119' title='bbox 192 1976 229 2015; x_wconf 71' lang='grc' dir='ltr'>α</span> <span class='ocrx_word' id='word_1_120' title='bbox 257 1954 414 2041; x_wconf 80' lang='lat' dir='ltr'><strong>jure</strong></span> <span class='ocrx_word' id='word_1_121' title='bbox 464 1952 803 2023; x_wconf 76' lang='lat' dir='ltr'><strong>ordinario</strong></span> <span class='ocrx_word' id='word_1_122' title='bbox 846 1954 1211 2044; x_wconf 79' lang='lat' dir='ltr'><strong>concedere,</strong></span> <span class='ocrx_word' id='word_1_123' title='bbox 1264 1964 1335 2023; x_wconf 90' lang='lat' dir='ltr'><strong>ut</strong></span> <span class='ocrx_word' id='word_1_124' title='bbox 1377 1962 1547 2025; x_wconf 86' lang='lat' dir='ltr'><strong>reete</strong></span> <span class='ocrx_word' id='word_1_125' title='bbox 1595 1958 1860 2045; x_wconf 78' lang='lat' dir='ltr'><strong>cogitas,</strong></span> <span class='ocrx_word' id='word_1_126' title='bbox 1909 1978 2124 2047; x_wconf 84' lang='lat' dir='ltr'><strong>neque</strong></span> <span class='ocrx_word' id='word_1_127' title='bbox 2173 1978 2290 2026; x_wconf 89' lang='lat' dir='ltr'><strong>nos</strong></span> <span class='ocrx_word' id='word_1_128' title='bbox 2336 1959 2454 2025; x_wconf 87' lang='lat' dir='ltr'><strong>tibi</strong></span> 
     </span>
     <span class='ocr_line' id='line_1_16' title="bbox 190 2067 1908 2162; baseline 0.004 -32"><span class='ocrx_word' id='word_1_129' title='bbox 190 2090 225 2130; x_wconf 74' lang='grc' dir='ltr'><strong>α</strong></span> <span class='ocrx_word' id='word_1_130' title='bbox 264 2068 401 2154; x_wconf 72' lang='lat' dir='ltr'><strong>eJus</strong></span> <span class='ocrx_word' id='word_1_131' title='bbox 433 2067 781 2139; x_wconf 57' lang='lat' dir='ltr'><strong>tribuendae</strong></span> <span class='ocrx_word' id='word_1_132' title='bbox 797 2072 908 2161; x_wconf 83' lang='lat' dir='ltr'><strong>jus</strong></span> <span class='ocrx_word' id='word_1_133' title='bbox 930 2073 1025 2141; x_wconf 82' lang='lat' dir='ltr'><strong>vel</strong></span> <span class='ocrx_word' id='word_1_134' title='bbox 1048 2077 1420 2161; x_wconf 83' lang='lat' dir='ltr'><strong>potestatem</strong></span> <span class='ocrx_word' id='word_1_135' title='bbox 1445 2070 1840 2162; x_wconf 85' lang='lat' dir='ltr'><strong>delegamus.</strong></span> <span class='ocrx_word' id='word_1_136' title='bbox 1872 2096 1908 2137; x_wconf 71' lang='lat' dir='ltr'><strong>n</strong></span> 
     </span>
    </p>

    <p class='ocr_par' dir='ltr' id='par_1_4' title="bbox 162 2180 2451 3666">
     <span class='ocr_line' id='line_1_17' title="bbox 259 2180 2451 2279; baseline 0.003 -30"><span class='ocrx_word' id='word_1_137' title='bbox 259 2180 631 2253; x_wconf 76' lang='lat' dir='ltr'><strong>Pnorosrno</strong></span> <span class='ocrx_word' id='word_1_138' title='bbox 664 2184 773 2255; x_wconf 90' lang='lat' dir='ltr'><strong>ll·.</strong></span> <span class='ocrx_word' id='word_1_139' title='bbox 804 2222 895 2237; x_wconf 91' lang='lat'>—</span> <span class='ocrx_word' id='word_1_140' title='bbox 934 2185 1184 2277; x_wconf 79' lang='lat' dir='ltr'><strong>Nequit</strong></span> <span class='ocrx_word' id='word_1_141' title='bbox 1230 2187 1602 2279; x_wconf 75' lang='lat' dir='ltr'><strong>Episcopus</strong></span> <span class='ocrx_word' id='word_1_142' title='bbox 1639 2186 1966 2279; x_wconf 75' lang='lat' dir='ltr'><strong>dispersos</strong></span> <span class='ocrx_word' id='word_1_143' title='bbox 2001 2186 2290 2257; x_wconf 64' lang='lat' dir='ltr'><strong>diaecesis</strong></span> <span class='ocrx_word' id='word_1_144' title='bbox 2315 2209 2451 2257; x_wconf 79' lang='lat' dir='ltr'><strong>suoe</strong></span> 
     </span>
     <span class='ocr_line' id='line_1_18' title="bbox 178 2300 2449 2395; baseline 0.004 -33"><span class='ocrx_word' id='word_1_145' title='bbox 178 2300 495 2389; x_wconf 77' lang='lat' dir='ltr'><strong>reqalares</strong></span> <span class='ocrx_word' id='word_1_146' title='bbox 529 2300 601 2367; x_wconf 83' lang='lat' dir='ltr'><strong>in</strong></span> <span class='ocrx_word' id='word_1_147' title='bbox 632 2312 813 2369; x_wconf 82' lang='lat' dir='ltr'><strong>statu</strong></span> <span class='ocrx_word' id='word_1_148' title='bbox 838 2314 903 2369; x_wconf 87' lang='lat' dir='ltr'><strong>et</strong></span> <span class='ocrx_word' id='word_1_149' title='bbox 940 2301 1318 2371; x_wconf 75' lang='lat' dir='ltr'><strong>conditione</strong></span> <span class='ocrx_word' id='word_1_150' title='bbox 1332 2305 1873 2395; x_wconf 77' lang='lat' dir='ltr'><strong>presbyterorum</strong></span> <span class='ocrx_word' id='word_1_151' title='bbox 1899 2302 2324 2375; x_wconf 64' lang='lat' dir='ltr'><strong>saecularium</strong></span> <span class='ocrx_word' id='word_1_152' title='bbox 2351 2307 2449 2373; x_wconf 81' lang='lat' dir='ltr'><strong>ita</strong></span> 
     </span>
     <span class='ocr_line' id='line_1_19' title="bbox 176 2398 2449 2513; baseline 0.002 -30"><span class='ocrx_word' id='word_1_153' title='bbox 176 2416 577 2500; x_wconf 74' lang='lat' dir='ltr'><strong>constituere,</strong></span> <span class='ocrx_word' id='word_1_154' title='bbox 610 2427 687 2483; x_wconf 84' lang='lat' dir='ltr'><strong>ut</strong></span> <span class='ocrx_word' id='word_1_155' title='bbox 709 2416 1091 2487; x_wconf 61' lang='lat' dir='ltr'><strong>emimontur</strong></span> <span class='ocrx_word' id='word_1_156' title='bbox 1116 2417 1203 2486; x_wconf 82' lang='lat' dir='ltr'><strong>ab</strong></span> <span class='ocrx_word' id='word_1_157' title='bbox 1228 2420 1538 2491; x_wconf 75' lang='lat' dir='ltr'><strong>instituti</strong></span> <span class='ocrx_word' id='word_1_158' title='bbox 1563 2422 1671 2491; x_wconf 78' lang='lat' dir='ltr'><strong>sui</strong></span> <span class='ocrx_word' id='word_1_159' title='bbox 1701 2398 2228 2513; x_wconf 63' lang='lat' dir='ltr'><strong>obliqationibus</strong></span> <span class='ocrx_word' id='word_1_160' title='bbox 2249 2432 2314 2489; x_wconf 83' lang='lat' dir='ltr'><strong>et</strong></span> <span class='ocrx_word' id='word_1_161' title='bbox 2339 2420 2449 2489; x_wconf 85' lang='lat' dir='ltr'><strong>ob-</strong></span> 
     </span>
     <span class='ocr_line' id='line_1_20' title="bbox 175 2530 2442 2625; baseline 0.003 -30"><span class='ocrx_word' id='word_1_162' title='bbox 175 2532 539 2617; x_wconf 78' lang='lat' dir='ltr'><strong>servantiis,</strong></span> <span class='ocrx_word' id='word_1_163' title='bbox 558 2554 713 2601; x_wconf 83' lang='lat' dir='ltr'><strong>eum</strong></span> <span class='ocrx_word' id='word_1_164' title='bbox 738 2544 926 2601; x_wconf 81' lang='lat' dir='ltr'><strong>statu</strong></span> <span class='ocrx_word' id='word_1_165' title='bbox 946 2530 1371 2624; x_wconf 79' lang='lat' dir='ltr'><strong>dispersionis</strong></span> <span class='ocrx_word' id='word_1_166' title='bbox 1398 2535 2056 2625; x_wconf 79' lang='lat' dir='ltr'><strong>compatibilihus.-</strong></span> <span class='ocrx_word' id='word_1_167' title='bbox 2073 2534 2244 2604; x_wconf 87' lang='lat' dir='ltr'><strong>Nam</strong></span> <span class='ocrx_word' id='word_1_168' title='bbox 2269 2534 2442 2603; x_wconf 89' lang='lat' dir='ltr'><strong>obli-</strong></span> 
     </span>
     <span class='ocr_line' id='line_1_21' title="bbox 177 2644 2443 2741; baseline 0.003 -28"><span class='ocrx_word' id='word_1_169' title='bbox 177 2644 453 2732; x_wconf 83' lang='lat' dir='ltr'><strong>gationes</strong></span> <span class='ocrx_word' id='word_1_170' title='bbox 480 2646 613 2717; x_wconf 81' lang='lat' dir='ltr'><strong>illae</strong></span> <span class='ocrx_word' id='word_1_171' title='bbox 645 2654 1033 2739; x_wconf 77' lang='lat' dir='ltr'><strong>sequuntur,</strong></span> <span class='ocrx_word' id='word_1_172' title='bbox 1064 2672 1141 2719; x_wconf 84' lang='lat' dir='ltr'><strong>ex</strong></span> <span class='ocrx_word' id='word_1_173' title='bbox 1154 2651 1451 2739; x_wconf 80' lang='lat' dir='ltr'><strong>religiosa</strong></span> <span class='ocrx_word' id='word_1_174' title='bbox 1478 2672 1706 2719; x_wconf 88' lang='lat' dir='ltr'><strong>eorum</strong></span> <span class='ocrx_word' id='word_1_175' title='bbox 1740 2655 2156 2740; x_wconf 80' lang='lat' dir='ltr'><strong>professione,</strong></span> <span class='ocrx_word' id='word_1_176' title='bbox 2188 2675 2352 2741; x_wconf 67' lang='lat' dir='ltr'><strong>quae,</strong></span> <span class='ocrx_word' id='word_1_177' title='bbox 2373 2650 2443 2719; x_wconf 90' lang='lat' dir='ltr'><strong>in</strong></span> 
     </span>
     <span class='ocr_line' id='line_1_22' title="bbox 176 2762 2446 2851; baseline 0.003 -26"><span class='ocrx_word' id='word_1_178' title='bbox 176 2780 291 2827; x_wconf 85' lang='lat' dir='ltr'><strong>suo</strong></span> <span class='ocrx_word' id='word_1_179' title='bbox 337 2762 559 2832; x_wconf 84' lang='lat' dir='ltr'><strong>robore</strong></span> <span class='ocrx_word' id='word_1_180' title='bbox 599 2771 841 2835; x_wconf 85' lang='lat' dir='ltr'><strong>manet.</strong></span> <span class='ocrx_word' id='word_1_181' title='bbox 894 2762 1081 2835; x_wconf 85' lang='lat' dir='ltr'><strong>Unde</strong></span> <span class='ocrx_word' id='word_1_182' title='bbox 1116 2769 1179 2833; x_wconf 87' lang='lat' dir='ltr'><strong>et</strong></span> <span class='ocrx_word' id='word_1_183' title='bbox 1226 2765 1297 2831; x_wconf 91' lang='lat' dir='ltr'><strong>in</strong></span> <span class='ocrx_word' id='word_1_184' title='bbox 1344 2769 1510 2833; x_wconf 83' lang='lat' dir='ltr'><strong>statu</strong></span> <span class='ocrx_word' id='word_1_185' title='bbox 1547 2762 1964 2851; x_wconf 86' lang='lat' dir='ltr'><strong>dispersionis</strong></span> <span class='ocrx_word' id='word_1_186' title='bbox 2005 2766 2086 2832; x_wconf 88' lang='lat' dir='ltr'><strong>iis</strong></span> <span class='ocrx_word' id='word_1_187' title='bbox 2123 2766 2446 2833; x_wconf 87' lang='lat' dir='ltr'><strong>constrin-</strong></span> 
     </span>
     <span class='ocr_line' id='line_1_23' title="bbox 172 2877 2440 2969; baseline 0 -26"><span class='ocrx_word' id='word_1_188' title='bbox 172 2882 416 2963; x_wconf 81' lang='lat' dir='ltr'><strong>guntur</strong></span> <span class='ocrx_word' id='word_1_189' title='bbox 474 2878 795 2969; x_wconf 79' lang='lat' dir='ltr'><strong>religiosi,</strong></span> <span class='ocrx_word' id='word_1_190' title='bbox 849 2880 981 2949; x_wconf 88' lang='lat' dir='ltr'><strong>nisi</strong></span> <span class='ocrx_word' id='word_1_191' title='bbox 1030 2885 1287 2951; x_wconf 80' lang='lat' dir='ltr'><strong>excuset</strong></span> <span class='ocrx_word' id='word_1_192' title='bbox 1341 2878 1608 2951; x_wconf 87' lang='lat' dir='ltr'><strong>moralis</strong></span> <span class='ocrx_word' id='word_1_193' title='bbox 1643 2877 2155 2969; x_wconf 85' lang='lat' dir='ltr'><strong>impossibilitas,</strong></span> <span class='ocrx_word' id='word_1_194' title='bbox 2209 2878 2276 2943; x_wconf 89' lang='lat' dir='ltr'><strong>id</strong></span> <span class='ocrx_word' id='word_1_195' title='bbox 2320 2884 2440 2957; x_wconf 87' lang='lat' dir='ltr'><strong>est,</strong></span> 
     </span>
     <span class='ocr_line' id='line_1_24' title="bbox 172 2992 2446 3085; baseline 0.001 -28"><span class='ocrx_word' id='word_1_196' title='bbox 172 2992 459 3063; x_wconf 86' lang='lat' dir='ltr'><strong>notabilis</strong></span> <span class='ocrx_word' id='word_1_197' title='bbox 499 2994 869 3065; x_wconf 86' lang='lat' dir='ltr'><strong>difficultas.</strong></span> <span class='ocrx_word' id='word_1_198' title='bbox 918 2993 1003 3063; x_wconf 89' lang='lat' dir='ltr'><strong>Et</strong></span> <span class='ocrx_word' id='word_1_199' title='bbox 1050 2996 1225 3065; x_wconf 86' lang='lat' dir='ltr'><strong>sicut</strong></span> <span class='ocrx_word' id='word_1_200' title='bbox 1265 3000 1413 3064; x_wconf 85' lang='lat' dir='ltr'><strong>ante</strong></span> <span class='ocrx_word' id='word_1_201' title='bbox 1449 2993 1912 3085; x_wconf 88' lang='lat' dir='ltr'><strong>dispersionem</strong></span> <span class='ocrx_word' id='word_1_202' title='bbox 1955 3012 2088 3060; x_wconf 89' lang='lat' dir='ltr'><strong>non</strong></span> <span class='ocrx_word' id='word_1_203' title='bbox 2140 2994 2446 3083; x_wconf 87' lang='lat' dir='ltr'><strong>potuisset</strong></span> 
     </span>
     <span class='ocr_line' id='line_1_25' title="bbox 169 3106 2440 3202; baseline 0 -27"><span class='ocrx_word' id='word_1_204' title='bbox 169 3106 517 3202; x_wconf 68' lang='lat' dir='ltr'><strong>Epismpus</strong></span> <span class='ocrx_word' id='word_1_205' title='bbox 558 3111 933 3181; x_wconf 80' lang='lat' dir='ltr'><strong>institutum</strong></span> <span class='ocrx_word' id='word_1_206' title='bbox 974 3110 1255 3196; x_wconf 85' lang='lat' dir='ltr'><strong>alicujus</strong></span> <span class='ocrx_word' id='word_1_207' title='bbox 1281 3111 1653 3180; x_wconf 84' lang='lat' dir='ltr'><strong>monasterii</strong></span> <span class='ocrx_word' id='word_1_208' title='bbox 1682 3132 1720 3179; x_wconf 88' lang='lat' dir='ltr'><strong>a</strong></span> <span class='ocrx_word' id='word_1_209' title='bbox 1745 3110 1893 3179; x_wconf 88' lang='lat' dir='ltr'><strong>sede</strong></span> <span class='ocrx_word' id='word_1_210' title='bbox 1926 3108 2294 3200; x_wconf 86' lang='lat' dir='ltr'><strong>Apostolica</strong></span> <span class='ocrx_word' id='word_1_211' title='bbox 2323 3131 2440 3197; x_wconf 83' lang='lat' dir='ltr'><strong>ap-</strong></span> 
     </span>
     <span class='ocr_line' id='line_1_26' title="bbox 172 3221 2440 3315; baseline -0.003 -20"><span class='ocrx_word' id='word_1_212' title='bbox 172 3224 509 3311; x_wconf 84' lang='lat' dir='ltr'><strong>probatum</strong></span> <span class='ocrx_word' id='word_1_213' title='bbox 550 3232 830 3312; x_wconf 87' lang='lat' dir='ltr'><strong>mutare,</strong></span> <span class='ocrx_word' id='word_1_214' title='bbox 868 3224 1199 3315; x_wconf 80' lang='lat' dir='ltr'><strong>religiosos</strong></span> <span class='ocrx_word' id='word_1_215' title='bbox 1224 3225 1568 3295; x_wconf 84' lang='lat' dir='ltr'><strong>eximendo</strong></span> <span class='ocrx_word' id='word_1_216' title='bbox 1601 3225 1686 3295; x_wconf 87' lang='lat' dir='ltr'><strong>ab</strong></span> <span class='ocrx_word' id='word_1_217' title='bbox 1734 3224 2010 3295; x_wconf 86' lang='lat' dir='ltr'><strong>instituti</strong></span> <span class='ocrx_word' id='word_1_218' title='bbox 2047 3222 2248 3313; x_wconf 86' lang='lat' dir='ltr'><strong>hujus</strong></span> <span class='ocrx_word' id='word_1_219' title='bbox 2272 3221 2440 3290; x_wconf 89' lang='lat' dir='ltr'><strong>obli-</strong></span> 
     </span>
     <span class='ocr_line' id='line_1_27' title="bbox 166 3338 2435 3435; baseline -0.001 -26"><span class='ocrx_word' id='word_1_220' title='bbox 166 3342 523 3427; x_wconf 78' lang='lat' dir='ltr'><strong>gationibus</strong></span> <span class='ocrx_word' id='word_1_221' title='bbox 544 3395 563 3431; x_wconf 92' lang='lat'><strong>,</strong></span> <span class='ocrx_word' id='word_1_222' title='bbox 635 3342 735 3413; x_wconf 85' lang='lat' dir='ltr'><strong>ita·</strong></span> <span class='ocrx_word' id='word_1_223' title='bbox 788 3362 1001 3433; x_wconf 87' lang='lat' dir='ltr'><strong>neque</strong></span> <span class='ocrx_word' id='word_1_224' title='bbox 1053 3343 1117 3411; x_wconf 90' lang='lat' dir='ltr'><strong>id</strong></span> <span class='ocrx_word' id='word_1_225' title='bbox 1176 3350 1379 3435; x_wconf 75' lang='lat' dir='ltr'><strong>potest</strong></span> <span class='ocrx_word' id='word_1_226' title='bbox 1447 3341 1936 3433; x_wconf 80' lang='lat' dir='ltr'><strong>superveniente</strong></span> <span class='ocrx_word' id='word_1_227' title='bbox 2008 3338 2435 3433; x_wconf 87' lang='lat' dir='ltr'><strong>dispersione:</strong></span> 
     </span>
     <span class='ocr_line' id='line_1_28' title="bbox 167 3454 2442 3543; baseline -0.001 -20"><span class='ocrx_word' id='word_1_228' title='bbox 167 3454 307 3541; x_wconf 80' lang='lat' dir='ltr'><strong>sed,</strong></span> <span class='ocrx_word' id='word_1_229' title='bbox 364 3465 433 3527; x_wconf 86' lang='lat' dir='ltr'><strong>ut</strong></span> <span class='ocrx_word' id='word_1_230' title='bbox 498 3460 775 3543; x_wconf 88' lang='lat' dir='ltr'><strong>dictum,</strong></span> <span class='ocrx_word' id='word_1_231' title='bbox 838 3480 921 3529; x_wconf 72' lang='lat' dir='ltr'><strong>ex.</strong></span> <span class='ocrx_word' id='word_1_232' title='bbox 978 3458 1113 3527; x_wconf 89' lang='lat' dir='ltr'><strong>sola</strong></span> <span class='ocrx_word' id='word_1_233' title='bbox 1160 3458 1393 3528; x_wconf 87' lang='lat' dir='ltr'><strong>morali</strong></span> <span class='ocrx_word' id='word_1_234' title='bbox 1466 3456 1864 3541; x_wconf 84' lang='lat' dir='ltr'><strong>difficultate,</strong></span> <span class='ocrx_word' id='word_1_235' title='bbox 1920 3456 2022 3525; x_wconf 85' lang='lat' dir='ltr'><strong>vel</strong></span> <span class='ocrx_word' id='word_1_236' title='bbox 2071 3457 2442 3525; x_wconf 84' lang='lat' dir='ltr'><strong>auctoritate</strong></span> 
     </span>
     <span class='ocr_line' id='line_1_29' title="bbox 162 3568 1658 3666; baseline 0.002 -29"><span class='ocrx_word' id='word_1_237' title='bbox 162 3568 520 3660; x_wconf 88' lang='lat' dir='ltr'><strong>Pontificia‚</strong></span> <span class='ocrx_word' id='word_1_238' title='bbox 554 3574 867 3666; x_wconf 82' lang='lat' dir='ltr'><strong>exemptio</strong></span> <span class='ocrx_word' id='word_1_239' title='bbox 893 3572 1035 3644; x_wconf 83' lang='lat' dir='ltr'><strong>haec</strong></span> <span class='ocrx_word' id='word_1_240' title='bbox 1063 3574 1401 3665; x_wconf 81' lang='lat' dir='ltr'><strong>provenire</strong></span> <span class='ocrx_word' id='word_1_241' title='bbox 1435 3579 1658 3662; x_wconf 87' lang='lat' dir='ltr'><strong>potest.</strong></span> 
     </span>
    </p>

    <p class='ocr_par' dir='ltr' id='par_1_5' title="bbox 152 3682 2530 4474">
     <span class='ocr_line' id='line_1_30' title="bbox 250 3682 2530 3790; baseline -0.004 -31"><span class='ocrx_word' id='word_1_242' title='bbox 250 3689 457 3781; x_wconf 83' lang='lat' dir='ltr'><strong>Atque</strong></span> <span class='ocrx_word' id='word_1_243' title='bbox 488 3689 555 3759; x_wconf 88' lang='lat' dir='ltr'><strong>id</strong></span> <span class='ocrx_word' id='word_1_244' title='bbox 580 3691 733 3759; x_wconf 87' lang='lat' dir='ltr'><strong>satis</strong></span> <span class='ocrx_word' id='word_1_245' title='bbox 760 3690 1187 3790; x_wconf 44' lang='lat' dir='ltr'><strong>clare‘ainnuit</strong></span> <span class='ocrx_word' id='word_1_246' title='bbox 1228 3688 1381 3759; x_wconf 89' lang='lat' dir='ltr'><strong>Pius</strong></span> <span class='ocrx_word' id='word_1_247' title='bbox 1413 3688 1540 3775; x_wconf 86' lang='lat' dir='ltr'><strong>VJ,</strong></span> <span class='ocrx_word' id='word_1_248' title='bbox 1579 3689 1649 3756; x_wconf 87' lang='lat' dir='ltr'><strong>in</strong></span> <span class='ocrx_word' id='word_1_249' title='bbox 1700 3708 1898 3779; x_wconf 87' lang='lat' dir='ltr'><strong>supra</strong></span> <span class='ocrx_word' id='word_1_250' title='bbox 1931 3686 2122 3755; x_wconf 84' lang='lat' dir='ltr'><strong>citato</strong></span> <span class='ocrx_word' id='word_1_251' title='bbox 2157 3684 2337 3752; x_wconf 82' lang='lat' dir='ltr'><strong>brevi</strong></span> <span class='ocrx_word' id='word_1_252' title='bbox 2361 3682 2439 3751; x_wconf 90' lang='lat' dir='ltr'><strong>ad</strong></span> <span class='ocrx_word' id='word_1_253' title='bbox 2523 3742 2530 3749; x_wconf 84' lang='lat'><strong>.</strong></span> 
     </span>
     <span class='ocr_line' id='line_1_31' title="bbox 160 3799 2436 3903; baseline -0 -36"><span class='ocrx_word' id='word_1_254' title='bbox 160 3800 603 3881; x_wconf 84' lang='lat' dir='ltr'><strong>Brunensium</strong></span> <span class='ocrx_word' id='word_1_255' title='bbox 656 3804 1077 3903; x_wconf 79' lang='lat' dir='ltr'><strong>Episcopum.</strong></span> <span class='ocrx_word' id='word_1_256' title='bbox 1128 3804 1251 3878; x_wconf 88' lang='lat' dir='ltr'><strong>Hic</strong></span> <span class='ocrx_word' id='word_1_257' title='bbox 1310 3826 1544 3897; x_wconf 86' lang='lat' dir='ltr'><strong>nempe</strong></span> <span class='ocrx_word' id='word_1_258' title='bbox 1613 3802 1904 3876; x_wconf 85' lang='lat' dir='ltr'><strong>dioecesis</strong></span> <span class='ocrx_word' id='word_1_259' title='bbox 1966 3823 2100 3871; x_wconf 82' lang='lat' dir='ltr'><strong>suae</strong></span> <span class='ocrx_word' id='word_1_260' title='bbox 2155 3799 2436 3867; x_wconf 85' lang='lat' dir='ltr'><strong>Carthu-</strong></span> 
     </span>
     <span class='ocr_line' id='line_1_32' title="bbox 156 3912 2440 4010; baseline -0.001 -27"><span class='ocrx_word' id='word_1_261' title='bbox 156 3917 395 4004; x_wconf 76' lang='lat' dir='ltr'><strong>sianoS,</strong></span> <span class='ocrx_word' id='word_1_262' title='bbox 440 3921 520 3989; x_wconf 84' lang='lat' dir='ltr'><strong>ad</strong></span> <span class='ocrx_word' id='word_1_263' title='bbox 562 3921 1023 4010; x_wconf 88' lang='lat' dir='ltr'><strong>dispersionem</strong></span> <span class='ocrx_word' id='word_1_264' title='bbox 1074 3920 1355 4007; x_wconf 82' lang='lat' dir='ltr'><strong>adactos,</strong></span> <span class='ocrx_word' id='word_1_265' title='bbox 1412 3940 1450 3988; x_wconf 89' lang='lat' dir='ltr'><strong>a</strong></span> <span class='ocrx_word' id='word_1_266' title='bbox 1477 3920 1725 3991; x_wconf 86' lang='lat' dir='ltr'><strong>statutis</strong></span> <span class='ocrx_word' id='word_1_267' title='bbox 1769 3920 1906 3989; x_wconf 86' lang='lat' dir='ltr'><strong>suis</strong></span> <span class='ocrx_word' id='word_1_268' title='bbox 1951 3913 2189 3987; x_wconf 73' lang='lat' dir='ltr'><strong>liberos</strong></span> <span class='ocrx_word' id='word_1_269' title='bbox 2229 3912 2440 3981; x_wconf 88' lang='lat' dir='ltr'><strong>decla-</strong></span> 
     </span>
     <span class='ocr_line' id='line_1_33' title="bbox 156 4032 2438 4123; baseline -0.001 -23"><span class='ocrx_word' id='word_1_270' title='bbox 156 4042 427 4123; x_wconf 82' lang='lat' dir='ltr'><strong>raverat,</strong></span> <span class='ocrx_word' id='word_1_271' title='bbox 475 4042 540 4107; x_wconf 87' lang='lat' dir='ltr'><strong>et</strong></span> <span class='ocrx_word' id='word_1_272' title='bbox 595 4036 765 4106; x_wconf 84' lang='lat' dir='ltr'><strong>clero</strong></span> <span class='ocrx_word' id='word_1_273' title='bbox 810 4058 928 4105; x_wconf 87' lang='lat' dir='ltr'><strong>suo</strong></span> <span class='ocrx_word' id='word_1_274' title='bbox 970 4036 1267 4107; x_wconf 67' lang='lat' dir='ltr'><strong>saeculari</strong></span> <span class='ocrx_word' id='word_1_275' title='bbox 1314 4036 1760 4107; x_wconf 86' lang='lat' dir='ltr'><strong>adcensuerat.</strong></span> <span class='ocrx_word' id='word_1_276' title='bbox 1819 4032 1914 4103; x_wconf 92' lang='lat' dir='ltr'><strong>De</strong></span> <span class='ocrx_word' id='word_1_277' title='bbox 1955 4053 2089 4123; x_wconf 88' lang='lat' dir='ltr'><strong>quo</strong></span> <span class='ocrx_word' id='word_1_278' title='bbox 2131 4050 2288 4099; x_wconf 88' lang='lat' dir='ltr'><strong>eum</strong></span> <span class='ocrx_word' id='word_1_279' title='bbox 2340 4050 2438 4098; x_wconf 88' lang='lat' dir='ltr'><strong>re-</strong></span> 
     </span>
     <span class='ocr_line' id='line_1_34' title="bbox 152 4149 2438 4243; baseline -0.004 -22"><span class='ocrx_word' id='word_1_280' title='bbox 152 4152 498 4243; x_wconf 77' lang='lat' dir='ltr'><strong>prehendit</strong></span> <span class='ocrx_word' id='word_1_281' title='bbox 545 4152 702 4222; x_wconf 85' lang='lat' dir='ltr'><strong>Pius</strong></span> <span class='ocrx_word' id='word_1_282' title='bbox 730 4150 819 4221; x_wconf 80' lang='lat' dir='ltr'><strong>vl</strong></span> <span class='ocrx_word' id='word_1_283' title='bbox 844 4157 919 4223; x_wconf 88' lang='lat' dir='ltr'><strong>in</strong></span> <span class='ocrx_word' id='word_1_284' title='bbox 945 4154 1127 4221; x_wconf 87' lang='lat' dir='ltr'><strong>hunc</strong></span> <span class='ocrx_word' id='word_1_285' title='bbox 1152 4151 1466 4235; x_wconf 79' lang='lat' dir='ltr'><strong>modum:</strong></span> <span class='ocrx_word' id='word_1_286' title='bbox 1523 4174 1556 4216; x_wconf 77' lang='grc' dir='ltr'><strong>α</strong></span> <span class='ocrx_word' id='word_1_287' title='bbox 1597 4149 1808 4219; x_wconf 88' lang='lat' dir='ltr'><strong>Nimis</strong></span> <span class='ocrx_word' id='word_1_288' title='bbox 1838 4166 2205 4239; x_wconf 87' lang='lat' dir='ltr'><strong>properasse</strong></span> <span class='ocrx_word' id='word_1_289' title='bbox 2231 4152 2293 4213; x_wconf 87' lang='lat' dir='ltr'><strong>te</strong></span> <span class='ocrx_word' id='word_1_290' title='bbox 2333 4166 2438 4212; x_wconf 82' lang='lat' dir='ltr'><strong>ar-</strong></span> 
     </span>
     <span class='ocr_line' id='line_1_35' title="bbox 160 4263 2436 4359; baseline -0.004 -24"><span class='ocrx_word' id='word_1_291' title='bbox 160 4292 197 4335; x_wconf 73' lang='lat' dir='ltr'><strong>c</strong></span> <span class='ocrx_word' id='word_1_292' title='bbox 234 4267 557 4339; x_wconf 85' lang='lat' dir='ltr'><strong>bitramur</strong></span> <span class='ocrx_word' id='word_1_293' title='bbox 594 4291 670 4339; x_wconf 88' lang='lat' dir='ltr'><strong>ea</strong></span> <span class='ocrx_word' id='word_1_294' title='bbox 712 4268 1164 4355; x_wconf 84' lang='lat' dir='ltr'><strong>declaratione,</strong></span> <span class='ocrx_word' id='word_1_295' title='bbox 1214 4288 1363 4359; x_wconf 84' lang='lat' dir='ltr'><strong>quae</strong></span> <span class='ocrx_word' id='word_1_296' title='bbox 1404 4266 1758 4339; x_wconf 87' lang='lat' dir='ltr'><strong>monachos</strong></span> <span class='ocrx_word' id='word_1_297' title='bbox 1795 4263 2278 4342; x_wconf 85' lang='lat' dir='ltr'><strong>Carthusianos,</strong></span> <span class='ocrx_word' id='word_1_298' title='bbox 2327 4268 2436 4328; x_wconf 85' lang='lat' dir='ltr'><strong>tua</strong></span> 
     </span>
     <span class='ocr_line' id='line_1_36' title="bbox 158 4376 2434 4474; baseline -0.003 -23"><span class='ocrx_word' id='word_1_299' title='bbox 158 4410 194 4451; x_wconf 70' lang='lat' dir='ltr'><strong>s</strong></span> <span class='ocrx_word' id='word_1_300' title='bbox 243 4384 319 4453; x_wconf 90' lang='lat' dir='ltr'><strong>in</strong></span> <span class='ocrx_word' id='word_1_301' title='bbox 340 4383 627 4470; x_wconf 84' lang='lat' dir='ltr'><strong>dioecesi,</strong></span> <span class='ocrx_word' id='word_1_302' title='bbox 654 4384 871 4455; x_wconf 88' lang='lat' dir='ltr'><strong>statim</strong></span> <span class='ocrx_word' id='word_1_303' title='bbox 892 4406 929 4453; x_wconf 90' lang='lat' dir='ltr'><strong>a</strong></span> <span class='ocrx_word' id='word_1_304' title='bbox 960 4384 1239 4474; x_wconf 86' lang='lat' dir='ltr'><strong>propriis</strong></span> <span class='ocrx_word' id='word_1_305' title='bbox 1284 4382 1540 4473; x_wconf 85' lang='lat' dir='ltr'><strong>iegibus</strong></span> <span class='ocrx_word' id='word_1_306' title='bbox 1579 4378 1957 4469; x_wconf 86' lang='lat' dir='ltr'><strong>statutisque</strong></span> <span class='ocrx_word' id='word_1_307' title='bbox 1987 4378 2222 4447; x_wconf 85' lang='lat' dir='ltr'><strong>liberos</strong></span> <span class='ocrx_word' id='word_1_308' title='bbox 2266 4376 2434 4445; x_wconf 87' lang='lat' dir='ltr'><strong>solu-</strong></span> 
     </span>
    </p>
   </div>
  </div>
 </body>
</html>
