<?xml version="1.0" encoding="UTF-8"?>
<!DOCTYPE html PUBLIC "-//W3C//DTD XHTML 1.0 Transitional//EN"
    "http://www.w3.org/TR/xhtml1/DTD/xhtml1-transitional.dtd">
<html xmlns="http://www.w3.org/1999/xhtml" xml:lang="en" lang="en">
 <head>
  <title>
</title>
<meta http-equiv="Content-Type" content="text/html;charset=utf-8" />
  <meta name='ocr-system' content='tesseract 3.04.00' />
  <meta name='ocr-capabilities' content='ocr_page ocr_carea ocr_par ocr_line ocrx_word'/>
</head>
<body>
  <div class='ocr_page' id='page_1' title='image "./tractatusdejure01unkngoog_0392.png"; bbox 0 0 2834 4959; ppageno 0'>
   <div class='ocr_carea' id='block_1_1' title="bbox 373 261 2050 324">
    <p class='ocr_par' dir='ltr' id='par_1_1' title="bbox 373 261 2050 324">
     <span class='ocr_line' id='line_1_1' title="bbox 373 261 2050 324; baseline -0.008 -2"><span class='ocrx_word' id='word_1_1' title='bbox 373 267 496 324; x_wconf 69' lang='grc'>374</span> <span class='ocrx_word' id='word_1_2' title='bbox 936 266 1274 316; x_wconf 71' lang='lat' dir='ltr'>Tmcu‘ms</span> <span class='ocrx_word' id='word_1_3' title='bbox 1319 265 1398 313; x_wconf 77' lang='lat' dir='ltr'>DE</span> <span class='ocrx_word' id='word_1_4' title='bbox 1444 265 1595 313; x_wconf 70' lang='lat' dir='ltr'>man</span> <span class='ocrx_word' id='word_1_5' title='bbox 1634 261 2050 311; x_wconf 59' lang='lat' dir='ltr'>excommmu-</span> 
     </span>
    </p>
   </div>
   <div class='ocr_carea' id='block_1_2' title="bbox 313 381 2715 4066">
    <p class='ocr_par' dir='ltr' id='par_1_2' title="bbox 315 381 2715 1397">
     <span class='ocr_line' id='line_1_2' title="bbox 385 381 2715 475; baseline -0.002 -17"><span class='ocrx_word' id='word_1_6' title='bbox 385 419 419 459; x_wconf 72' lang='grc' dir='ltr'>(ι</span> <span class='ocrx_word' id='word_1_7' title='bbox 442 411 606 462; x_wconf 84' lang='lat' dir='ltr'>nova</span> <span class='ocrx_word' id='word_1_8' title='bbox 643 387 1140 458; x_wconf 79' lang='lat' dir='ltr'>ordinariorum</span> <span class='ocrx_word' id='word_1_9' title='bbox 1181 383 1638 475; x_wconf 81' lang='lat' dir='ltr'>approbatione</span> <span class='ocrx_word' id='word_1_10' title='bbox 1682 389 1794 450; x_wconf 91' lang='lat' dir='ltr'>aut</span> <span class='ocrx_word' id='word_1_11' title='bbox 1833 381 2118 471; x_wconf 86' lang='lat' dir='ltr'>licentia,</span> <span class='ocrx_word' id='word_1_12' title='bbox 2162 382 2509 454; x_wconf 66' lang='lat' dir='ltr'>aedificare</span> <span class='ocrx_word' id='word_1_13' title='bbox 2568 395 2715 456; x_wconf 82' lang='lat' dir='ltr'>aut</span> 
     </span>
     <span class='ocr_line' id='line_1_3' title="bbox 382 496 2713 592; baseline -0.008 -18"><span class='ocrx_word' id='word_1_14' title='bbox 382 533 418 574; x_wconf 73' lang='grc' dir='ltr'><strong>α</strong></span> <span class='ocrx_word' id='word_1_15' title='bbox 445 506 808 577; x_wconf 90' lang='lat' dir='ltr'>conducere</span> <span class='ocrx_word' id='word_1_16' title='bbox 849 503 1078 577; x_wconf 87' lang='lat' dir='ltr'>domos</span> <span class='ocrx_word' id='word_1_17' title='bbox 1122 499 1484 586; x_wconf 83' lang='lat' dir='ltr'>saeculares,</span> <span class='ocrx_word' id='word_1_18' title='bbox 1536 499 1607 566; x_wconf 89' lang='lat' dir='ltr'>in</span> <span class='ocrx_word' id='word_1_19' title='bbox 1652 496 1919 588; x_wconf 85' lang='lat' dir='ltr'>quibus,</span> <span class='ocrx_word' id='word_1_20' title='bbox 1972 497 2099 566; x_wconf 87' lang='lat' dir='ltr'>sub</span> <span class='ocrx_word' id='word_1_21' title='bbox 2152 499 2447 588; x_wconf 79' lang='lat' dir='ltr'>regulari</span> <span class='ocrx_word' id='word_1_22' title='bbox 2500 523 2713 592; x_wconf 52' lang='grc' dir='ltr'>μω..</span> 
     </span>
     <span class='ocr_line' id='line_1_4' title="bbox 396 613 2704 704; baseline -0.002 -13"><span class='ocrx_word' id='word_1_23' title='bbox 396 649 430 690; x_wconf 75' lang='grc' dir='ltr'><strong>α</strong></span> <span class='ocrx_word' id='word_1_24' title='bbox 459 623 670 690; x_wconf 85' lang='lat' dir='ltr'>lato...</span> <span class='ocrx_word' id='word_1_25' title='bbox 729 638 996 689; x_wconf 88' lang='lat' dir='ltr'>suarum</span> <span class='ocrx_word' id='word_1_26' title='bbox 1045 615 1439 704; x_wconf 82' lang='lat' dir='ltr'>religionum</span> <span class='ocrx_word' id='word_1_27' title='bbox 1492 613 1855 684; x_wconf 81' lang='lat' dir='ltr'>functiones</span> <span class='ocrx_word' id='word_1_28' title='bbox 1908 621 2272 700; x_wconf 80' lang='lat' dir='ltr'>exerceant,</span> <span class='ocrx_word' id='word_1_29' title='bbox 2322 621 2388 682; x_wconf 89' lang='lat' dir='ltr'>et</span> <span class='ocrx_word' id='word_1_30' title='bbox 2444 637 2548 685; x_wconf 85' lang='lat' dir='ltr'>an</span> <span class='ocrx_word' id='word_1_31' title='bbox 2618 619 2704 686; x_wconf 88' lang='lat' dir='ltr'>in</span> 
     </span>
     <span class='ocr_line' id='line_1_5' title="bbox 399 725 2700 820; baseline -0 -19"><span class='ocrx_word' id='word_1_32' title='bbox 399 761 433 801; x_wconf 76' lang='grc' dir='ltr'><strong>α</strong></span> <span class='ocrx_word' id='word_1_33' title='bbox 460 733 691 803; x_wconf 87' lang='lat' dir='ltr'>iisdem</span> <span class='ocrx_word' id='word_1_34' title='bbox 717 732 1013 800; x_wconf 84' lang='lat' dir='ltr'>domibus</span> <span class='ocrx_word' id='word_1_35' title='bbox 1056 728 1372 820; x_wconf 78' lang='lat' dir='ltr'>gaudeant</span> <span class='ocrx_word' id='word_1_36' title='bbox 1405 728 1541 796; x_wconf 89' lang='lat' dir='ltr'>suis</span> <span class='ocrx_word' id='word_1_37' title='bbox 1564 725 1915 818; x_wconf 88' lang='lat' dir='ltr'>privilegiis</span> <span class='ocrx_word' id='word_1_38' title='bbox 1942 733 2007 794; x_wconf 89' lang='lat' dir='ltr'>et</span> <span class='ocrx_word' id='word_1_39' title='bbox 2026 725 2483 816; x_wconf 74' lang='lat' dir='ltr'>indulgentiis,</span> <span class='ocrx_word' id='word_1_40' title='bbox 2516 739 2700 800; x_wconf 85' lang='lat' dir='ltr'>tan-</span> 
     </span>
     <span class='ocr_line' id='line_1_6' title="bbox 393 839 2691 940; baseline -0.003 -21"><span class='ocrx_word' id='word_1_41' title='bbox 393 877 428 918; x_wconf 80' lang='lat'>«</span> <span class='ocrx_word' id='word_1_42' title='bbox 455 871 654 940; x_wconf 83' lang='lat' dir='ltr'>quam</span> <span class='ocrx_word' id='word_1_43' title='bbox 683 848 738 917; x_wconf 89' lang='lat' dir='ltr'>si</span> <span class='ocrx_word' id='word_1_44' title='bbox 761 849 828 916; x_wconf 89' lang='lat' dir='ltr'>in</span> <span class='ocrx_word' id='word_1_45' title='bbox 851 845 1128 937; x_wconf 90' lang='lat' dir='ltr'>propriis</span> <span class='ocrx_word' id='word_1_46' title='bbox 1154 842 1557 914; x_wconf 82' lang='lat' dir='ltr'>monasteriis</span> <span class='ocrx_word' id='word_1_47' title='bbox 1598 839 1908 912; x_wconf 79' lang='lat' dir='ltr'>fuissent?</span> <span class='ocrx_word' id='word_1_48' title='bbox 1928 867 1964 907; x_wconf 68' lang='grc' dir='ltr'>ι»</span> <span class='ocrx_word' id='word_1_49' title='bbox 2004 839 2206 912; x_wconf 89' lang='lat' dir='ltr'>Porro</span> <span class='ocrx_word' id='word_1_50' title='bbox 2238 843 2565 932; x_wconf 75' lang='lat' dir='ltr'>agebatur</span> <span class='ocrx_word' id='word_1_51' title='bbox 2603 847 2691 913; x_wconf 88' lang='lat' dir='ltr'>in</span> 
     </span>
     <span class='ocr_line' id='line_1_7' title="bbox 396 955 2687 1050; baseline -0.003 -17"><span class='ocrx_word' id='word_1_52' title='bbox 396 966 517 1035; x_wconf 82' lang='lat' dir='ltr'>hac</span> <span class='ocrx_word' id='word_1_53' title='bbox 546 963 1010 1034; x_wconf 86' lang='lat' dir='ltr'>consultatione</span> <span class='ocrx_word' id='word_1_54' title='bbox 1043 961 1125 1030; x_wconf 92' lang='lat' dir='ltr'>de</span> <span class='ocrx_word' id='word_1_55' title='bbox 1155 959 1563 1050; x_wconf 77' lang='lat' dir='ltr'>regularibus</span> <span class='ocrx_word' id='word_1_56' title='bbox 1607 957 1865 1048; x_wconf 82' lang='lat' dir='ltr'>Angliae</span> <span class='ocrx_word' id='word_1_57' title='bbox 1888 963 1951 1025; x_wconf 91' lang='lat' dir='ltr'>et</span> <span class='ocrx_word' id='word_1_58' title='bbox 1976 955 2335 1038; x_wconf 73' lang='lat' dir='ltr'>Hiberniae,</span> <span class='ocrx_word' id='word_1_59' title='bbox 2364 979 2687 1048; x_wconf 85' lang='lat' dir='ltr'>quorum</span> 
     </span>
     <span class='ocr_line' id='line_1_8' title="bbox 315 1071 2685 1166; baseline -0.005 -15"><span class='ocrx_word' id='word_1_60' title='bbox 315 1099 320 1102; x_wconf 87' lang='grc'><strong><em>·</em></strong></span> <span class='ocrx_word' id='word_1_61' title='bbox 385 1078 770 1150; x_wconf 78' lang='lat' dir='ltr'>monasteria</span> <span class='ocrx_word' id='word_1_62' title='bbox 814 1077 978 1146; x_wconf 87' lang='lat' dir='ltr'>sedis</span> <span class='ocrx_word' id='word_1_63' title='bbox 1025 1073 1410 1166; x_wconf 82' lang='lat' dir='ltr'>Apostolicae</span> <span class='ocrx_word' id='word_1_64' title='bbox 1468 1075 1844 1142; x_wconf 87' lang='lat' dir='ltr'>auctoritate</span> <span class='ocrx_word' id='word_1_65' title='bbox 1906 1071 2163 1140; x_wconf 80' lang='lat' dir='ltr'>fuerant</span> <span class='ocrx_word' id='word_1_66' title='bbox 2218 1071 2531 1141; x_wconf 76' lang='lat' dir='ltr'>alienata.</span> <span class='ocrx_word' id='word_1_67' title='bbox 2588 1073 2685 1140; x_wconf 86' lang='lat' dir='ltr'>Et</span> 
     </span>
     <span class='ocr_line' id='line_1_9' title="bbox 385 1185 2683 1268; baseline -0.004 -3"><span class='ocrx_word' id='word_1_68' title='bbox 385 1203 603 1267; x_wconf 87' lang='lat' dir='ltr'>tamen</span> <span class='ocrx_word' id='word_1_69' title='bbox 631 1217 764 1264; x_wconf 88' lang='lat' dir='ltr'>non</span> <span class='ocrx_word' id='word_1_70' title='bbox 803 1193 1090 1262; x_wconf 81' lang='lat' dir='ltr'>obstante</span> <span class='ocrx_word' id='word_1_71' title='bbox 1115 1192 1242 1259; x_wconf 89' lang='lat' dir='ltr'>hac</span> <span class='ocrx_word' id='word_1_72' title='bbox 1277 1188 1784 1268; x_wconf 83' lang='lat' dir='ltr'>circumstantia,</span> <span class='ocrx_word' id='word_1_73' title='bbox 1824 1208 1943 1256; x_wconf 88' lang='lat' dir='ltr'>nec</span> <span class='ocrx_word' id='word_1_74' title='bbox 1982 1187 2065 1256; x_wconf 89' lang='lat' dir='ltr'>de</span> <span class='ocrx_word' id='word_1_75' title='bbox 2106 1185 2217 1256; x_wconf 91' lang='lat' dir='ltr'>illa</span> <span class='ocrx_word' id='word_1_76' title='bbox 2250 1188 2683 1258; x_wconf 84' lang='lat' dir='ltr'>mentionem</span> 
     </span>
     <span class='ocr_line' id='line_1_10' title="bbox 385 1302 2275 1397; baseline -0.002 -17"><span class='ocrx_word' id='word_1_77' title='bbox 385 1312 685 1382; x_wconf 80' lang='lat' dir='ltr'>facientes</span> <span class='ocrx_word' id='word_1_78' title='bbox 711 1308 1087 1380; x_wconf 83' lang='lat' dir='ltr'>affirmative</span> <span class='ocrx_word' id='word_1_79' title='bbox 1111 1305 1584 1397; x_wconf 88' lang='lat' dir='ltr'>responderunt</span> <span class='ocrx_word' id='word_1_80' title='bbox 1612 1303 1857 1395; x_wconf 78' lang='lat' dir='ltr'>praefati</span> <span class='ocrx_word' id='word_1_81' title='bbox 1885 1302 2195 1372; x_wconf 87' lang='lat' dir='ltr'>doctores.</span> <span class='ocrx_word' id='word_1_82' title='bbox 2269 1369 2275 1376; x_wconf 80' lang='grc'>,</span> 
     </span>
    </p>

    <p class='ocr_par' dir='ltr' id='par_1_3' title="bbox 313 1418 2687 4066">
     <span class='ocr_line' id='line_1_11' title="bbox 463 1418 2685 1512; baseline -0.002 -19"><span class='ocrx_word' id='word_1_83' title='bbox 463 1425 800 1494; x_wconf 82' lang='lat' dir='ltr'>Probatur</span> <span class='ocrx_word' id='word_1_84' title='bbox 847 1425 912 1491; x_wconf 78' lang='lat'>4⁰</span> <span class='ocrx_word' id='word_1_85' title='bbox 974 1445 1056 1491; x_wconf 74' lang='lat' dir='ltr'>ex</span> <span class='ocrx_word' id='word_1_86' title='bbox 1099 1421 1414 1512; x_wconf 81' lang='lat' dir='ltr'>rescripto</span> <span class='ocrx_word' id='word_1_87' title='bbox 1468 1418 1759 1511; x_wconf 82' lang='lat' dir='ltr'>quodam</span> <span class='ocrx_word' id='word_1_88' title='bbox 1818 1421 2042 1488; x_wconf 81' lang='lat' dir='ltr'>Sacroe</span> <span class='ocrx_word' id='word_1_89' title='bbox 2110 1419 2685 1509; x_wconf 70' lang='lat' dir='ltr'>Conqreqationis</span> 
     </span>
     <span class='ocr_line' id='line_1_12' title="bbox 387 1532 2687 1634; baseline -0.003 -24"><span class='ocrx_word' id='word_1_90' title='bbox 387 1541 879 1631; x_wconf 81' lang='lat' dir='ltr'>Episcoporum</span> <span class='ocrx_word' id='word_1_91' title='bbox 919 1549 982 1607; x_wconf 86' lang='lat' dir='ltr'>et</span> <span class='ocrx_word' id='word_1_92' title='bbox 1017 1535 1452 1629; x_wconf 76' lang='lat' dir='ltr'>reqularium.</span> <span class='ocrx_word' id='word_1_93' title='bbox 1488 1573 1577 1590; x_wconf 91' lang='lat'>-</span> <span class='ocrx_word' id='word_1_94' title='bbox 1616 1534 1908 1634; x_wconf 85' lang='lat' dir='ltr'>Existens</span> <span class='ocrx_word' id='word_1_95' title='bbox 1944 1533 2101 1602; x_wconf 88' lang='lat' dir='ltr'>olim</span> <span class='ocrx_word' id='word_1_96' title='bbox 2138 1532 2353 1623; x_wconf 88' lang='lat' dir='ltr'>Ypris,</span> <span class='ocrx_word' id='word_1_97' title='bbox 2382 1534 2687 1602; x_wconf 77' lang='lat' dir='ltr'>civitate</span> 
     </span>
     <span class='ocr_line' id='line_1_13' title="bbox 371 1649 2683 1745; baseline -0.001 -23"><span class='ocrx_word' id='word_1_98' title='bbox 371 1655 746 1745; x_wconf 84' lang='lat' dir='ltr'>Brugensis</span> <span class='ocrx_word' id='word_1_99' title='bbox 774 1652 1065 1724; x_wconf 83' lang='lat' dir='ltr'>dioecesis</span> <span class='ocrx_word' id='word_1_100' title='bbox 1091 1654 1163 1720; x_wconf 91' lang='lat' dir='ltr'>in</span> <span class='ocrx_word' id='word_1_101' title='bbox 1204 1651 1457 1742; x_wconf 89' lang='lat' dir='ltr'>Belgio,</span> <span class='ocrx_word' id='word_1_102' title='bbox 1488 1649 2335 1742; x_wconf 22' lang='lat' dir='ltr'>virginumsGarmelitarum</span> <span class='ocrx_word' id='word_1_103' title='bbox 2378 1669 2683 1719; x_wconf 83' lang='lat' dir='ltr'>monas—</span> 
     </span>
     <span class='ocr_line' id='line_1_14' title="bbox 313 1764 2683 1861; baseline -0.003 -23"><span class='ocrx_word' id='word_1_104' title='bbox 313 1795 321 1802; x_wconf 85' lang='lat'><em>·</em></span> <span class='ocrx_word' id='word_1_105' title='bbox 395 1771 658 1857; x_wconf 86' lang='lat' dir='ltr'>terium,</span> <span class='ocrx_word' id='word_1_106' title='bbox 695 1770 1036 1840; x_wconf 87' lang='lat' dir='ltr'>communi</span> <span class='ocrx_word' id='word_1_107' title='bbox 1081 1766 1307 1838; x_wconf 82' lang='lat' dir='ltr'>Galliae</span> <span class='ocrx_word' id='word_1_108' title='bbox 1352 1773 1415 1836; x_wconf 91' lang='lat' dir='ltr'>et</span> <span class='ocrx_word' id='word_1_109' title='bbox 1454 1765 1661 1858; x_wconf 85' lang='lat' dir='ltr'>Belgii</span> <span class='ocrx_word' id='word_1_110' title='bbox 1696 1769 2139 1836; x_wconf 79' lang='lat' dir='ltr'>conventuum</span> <span class='ocrx_word' id='word_1_111' title='bbox 2177 1764 2365 1832; x_wconf 85' lang='lat' dir='ltr'>ruina</span> <span class='ocrx_word' id='word_1_112' title='bbox 2410 1770 2477 1861; x_wconf 83' lang='lat' dir='ltr'>et</span> <span class='ocrx_word' id='word_1_113' title='bbox 2508 1785 2683 1855; x_wconf 87' lang='lat' dir='ltr'>pro-</span> 
     </span>
     <span class='ocr_line' id='line_1_15' title="bbox 395 1878 2675 1976; baseline -0.004 -20"><span class='ocrx_word' id='word_1_114' title='bbox 395 1886 744 1976; x_wconf 85' lang='lat' dir='ltr'>scriptione</span> <span class='ocrx_word' id='word_1_115' title='bbox 768 1885 1120 1954; x_wconf 83' lang='lat' dir='ltr'>alienatum</span> <span class='ocrx_word' id='word_1_116' title='bbox 1139 1883 1348 1952; x_wconf 79' lang='lat' dir='ltr'>fuerat</span> <span class='ocrx_word' id='word_1_117' title='bbox 1367 1889 1559 1972; x_wconf 82' lang='lat' dir='ltr'>atque</span> <span class='ocrx_word' id='word_1_118' title='bbox 1581 1880 2097 1950; x_wconf 86' lang='lat' dir='ltr'>deletum.Anno</span> <span class='ocrx_word' id='word_1_119' title='bbox 2126 1878 2301 1948; x_wconf 82' lang='lat'>1834</span> <span class='ocrx_word' id='word_1_120' title='bbox 2326 1883 2547 1948; x_wconf 88' lang='lat' dir='ltr'>actum</span> <span class='ocrx_word' id='word_1_121' title='bbox 2566 1885 2675 1947; x_wconf 80' lang='lat' dir='ltr'>est</span> 
     </span>
     <span class='ocr_line' id='line_1_16' title="bbox 384 1991 2672 2086; baseline -0.004 -16"><span class='ocrx_word' id='word_1_122' title='bbox 384 2002 462 2071; x_wconf 91' lang='lat' dir='ltr'>de</span> <span class='ocrx_word' id='word_1_123' title='bbox 509 2001 840 2070; x_wconf 85' lang='lat' dir='ltr'>excitando</span> <span class='ocrx_word' id='word_1_124' title='bbox 884 2000 952 2068; x_wconf 93' lang='lat' dir='ltr'>in</span> <span class='ocrx_word' id='word_1_125' title='bbox 997 1999 1170 2069; x_wconf 90' lang='lat' dir='ltr'>dicta</span> <span class='ocrx_word' id='word_1_126' title='bbox 1217 1998 1472 2066; x_wconf 86' lang='lat' dir='ltr'>civitate</span> <span class='ocrx_word' id='word_1_127' title='bbox 1516 1997 1804 2086; x_wconf 84' lang='lat' dir='ltr'>ejusdem</span> <span class='ocrx_word' id='word_1_128' title='bbox 1852 1996 2131 2066; x_wconf 87' lang='lat' dir='ltr'>instituti</span> <span class='ocrx_word' id='word_1_129' title='bbox 2180 2000 2523 2064; x_wconf 81' lang='lat' dir='ltr'>conventu.</span> <span class='ocrx_word' id='word_1_130' title='bbox 2576 1991 2672 2063; x_wconf 89' lang='lat' dir='ltr'>Ut</span> 
     </span>
     <span class='ocr_line' id='line_1_17' title="bbox 381 2113 2669 2202; baseline -0.003 -18"><span class='ocrx_word' id='word_1_131' title='bbox 381 2122 600 2184; x_wconf 88' lang='lat' dir='ltr'>autem</span> <span class='ocrx_word' id='word_1_132' title='bbox 631 2118 990 2184; x_wconf 84' lang='lat' dir='ltr'>vitarentur</span> <span class='ocrx_word' id='word_1_133' title='bbox 1033 2113 1449 2184; x_wconf 76' lang='lat' dir='ltr'>formalitates</span> <span class='ocrx_word' id='word_1_134' title='bbox 1500 2135 1617 2202; x_wconf 90' lang='lat' dir='ltr'>pro</span> <span class='ocrx_word' id='word_1_135' title='bbox 1662 2133 1983 2182; x_wconf 88' lang='lat' dir='ltr'>novorum</span> <span class='ocrx_word' id='word_1_136' title='bbox 2030 2118 2467 2181; x_wconf 82' lang='lat' dir='ltr'>conventuum</span> <span class='ocrx_word' id='word_1_137' title='bbox 2508 2131 2669 2178; x_wconf 86' lang='lat' dir='ltr'>ere-</span> 
     </span>
     <span class='ocr_line' id='line_1_18' title="bbox 393 2223 2667 2320; baseline -0.003 -22"><span class='ocrx_word' id='word_1_138' title='bbox 393 2230 602 2298; x_wconf 86' lang='lat' dir='ltr'>ctione</span> <span class='ocrx_word' id='word_1_139' title='bbox 665 2231 992 2320; x_wconf 83' lang='lat' dir='ltr'>requisitae</span> <span class='ocrx_word' id='word_1_140' title='bbox 1015 2280 1034 2310; x_wconf 88' lang='lat'>,</span> <span class='ocrx_word' id='word_1_141' title='bbox 1113 2228 1505 2298; x_wconf 82' lang='lat' dir='ltr'>reverendus</span> <span class='ocrx_word' id='word_1_142' title='bbox 1574 2227 1759 2298; x_wconf 80' lang='lat' dir='ltr'>Pater</span> <span class='ocrx_word' id='word_1_143' title='bbox 1822 2226 2283 2298; x_wconf 86' lang='lat' dir='ltr'>Constantinus</span> <span class='ocrx_word' id='word_1_144' title='bbox 2346 2247 2385 2294; x_wconf 88' lang='lat' dir='ltr'>a</span> <span class='ocrx_word' id='word_1_145' title='bbox 2428 2223 2667 2296; x_wconf 83' lang='lat' dir='ltr'>Sancta</span> 
     </span>
     <span class='ocr_line' id='line_1_19' title="bbox 391 2341 2662 2434; baseline -0.002 -22"><span class='ocrx_word' id='word_1_146' title='bbox 391 2341 615 2426; x_wconf 85' lang='lat' dir='ltr'>Maria,</span> <span class='ocrx_word' id='word_1_147' title='bbox 669 2345 1117 2413; x_wconf 80' lang='lat' dir='ltr'>Carmelitanae</span> <span class='ocrx_word' id='word_1_148' title='bbox 1171 2343 1435 2412; x_wconf 65' lang='lat' dir='ltr'>familiae</span> <span class='ocrx_word' id='word_1_149' title='bbox 1480 2342 1551 2410; x_wconf 92' lang='lat' dir='ltr'>in</span> <span class='ocrx_word' id='word_1_150' title='bbox 1594 2341 1819 2434; x_wconf 85' lang='lat' dir='ltr'>Belgio</span> <span class='ocrx_word' id='word_1_151' title='bbox 1854 2343 2229 2434; x_wconf 62' lang='lat' dir='ltr'>praepositus</span> <span class='ocrx_word' id='word_1_152' title='bbox 2258 2393 2277 2429; x_wconf 90' lang='lat'>,</span> <span class='ocrx_word' id='word_1_153' title='bbox 2328 2363 2443 2432; x_wconf 90' lang='lat' dir='ltr'>per</span> <span class='ocrx_word' id='word_1_154' title='bbox 2484 2341 2662 2408; x_wconf 78' lang='lat' dir='ltr'>viam</span> 
     </span>
     <span class='ocr_line' id='line_1_20' title="bbox 397 2457 2661 2552; baseline -0.001 -26"><span class='ocrx_word' id='word_1_155' title='bbox 397 2459 934 2549; x_wconf 83' lang='lat' dir='ltr'>repristinationis</span> <span class='ocrx_word' id='word_1_156' title='bbox 978 2480 1090 2528; x_wconf 90' lang='lat' dir='ltr'>seu</span> <span class='ocrx_word' id='word_1_157' title='bbox 1134 2457 1559 2528; x_wconf 85' lang='lat' dir='ltr'>restitutionis</span> <span class='ocrx_word' id='word_1_158' title='bbox 1588 2459 1676 2552; x_wconf 89' lang='lat'>(1)</span> <span class='ocrx_word' id='word_1_159' title='bbox 1724 2459 2066 2550; x_wconf 84' lang='lat' dir='ltr'>procedere</span> <span class='ocrx_word' id='word_1_160' title='bbox 2104 2457 2424 2542; x_wconf 82' lang='lat' dir='ltr'>decrevit3</span> <span class='ocrx_word' id='word_1_161' title='bbox 2468 2463 2661 2545; x_wconf 86' lang='lat' dir='ltr'>atque</span> 
     </span>
     <span class='ocr_line' id='line_1_21' title="bbox 389 2572 2658 2672; baseline -0.001 -30"><span class='ocrx_word' id='word_1_162' title='bbox 389 2595 428 2642; x_wconf 92' lang='lat' dir='ltr'>a</span> <span class='ocrx_word' id='word_1_163' title='bbox 455 2574 604 2643; x_wconf 87' lang='lat' dir='ltr'>sede</span> <span class='ocrx_word' id='word_1_164' title='bbox 647 2573 1014 2666; x_wconf 86' lang='lat' dir='ltr'>Apostolica</span> <span class='ocrx_word' id='word_1_165' title='bbox 1053 2573 1398 2672; x_wconf 81' lang='lat' dir='ltr'>postulavit</span> <span class='ocrx_word' id='word_1_166' title='bbox 1438 2575 1853 2666; x_wconf 82' lang='lat' dir='ltr'>rescriptum,</span> <span class='ocrx_word' id='word_1_167' title='bbox 1884 2595 2017 2665; x_wconf 90' lang='lat' dir='ltr'>quo</span> <span class='ocrx_word' id='word_1_168' title='bbox 2059 2573 2489 2643; x_wconf 84' lang='lat' dir='ltr'>declararetur</span> <span class='ocrx_word' id='word_1_169' title='bbox 2530 2572 2658 2640; x_wconf 88' lang='lat' dir='ltr'>hoc</span> 
     </span>
     <span class='ocr_line' id='line_1_22' title="bbox 387 2688 2655 2784; baseline 0 -28"><span class='ocrx_word' id='word_1_170' title='bbox 387 2689 582 2760; x_wconf 84' lang='lat' dir='ltr'>modo</span> <span class='ocrx_word' id='word_1_171' title='bbox 627 2690 886 2783; x_wconf 86' lang='lat' dir='ltr'>procedi</span> <span class='ocrx_word' id='word_1_172' title='bbox 916 2710 1120 2778; x_wconf 86' lang='lat' dir='ltr'>posse.</span> <span class='ocrx_word' id='word_1_173' title='bbox 1153 2688 1399 2758; x_wconf 85' lang='lat' dir='ltr'>Damus</span> <span class='ocrx_word' id='word_1_174' title='bbox 1446 2696 1509 2757; x_wconf 88' lang='lat' dir='ltr'>et</span> <span class='ocrx_word' id='word_1_175' title='bbox 1550 2689 1925 2779; x_wconf 81' lang='lat' dir='ltr'>petitionem</span> <span class='ocrx_word' id='word_1_176' title='bbox 1954 2695 2031 2784; x_wconf 87' lang='lat' dir='ltr'>et</span> <span class='ocrx_word' id='word_1_177' title='bbox 2074 2709 2483 2779; x_wconf 89' lang='lat' dir='ltr'>responsum,</span> <span class='ocrx_word' id='word_1_178' title='bbox 2514 2707 2655 2776; x_wconf 82' lang='lat' dir='ltr'>quae</span> 
     </span>
     <span class='ocr_line' id='line_1_23' title="bbox 385 2804 2652 2899; baseline -0 -26"><span class='ocrx_word' id='word_1_179' title='bbox 385 2811 540 2874; x_wconf 89' lang='lat' dir='ltr'>sunt</span> <span class='ocrx_word' id='word_1_180' title='bbox 575 2807 815 2876; x_wconf 90' lang='lat' dir='ltr'>tenoris</span> <span class='ocrx_word' id='word_1_181' title='bbox 863 2807 1184 2896; x_wconf 87' lang='lat' dir='ltr'>sequentis</span> <span class='ocrx_word' id='word_1_182' title='bbox 1237 2833 1252 2875; x_wconf 90' lang='lat'>:</span> <span class='ocrx_word' id='word_1_183' title='bbox 1311 2832 1346 2871; x_wconf 72' lang='grc' dir='ltr'>α</span> <span class='ocrx_word' id='word_1_184' title='bbox 1377 2805 1751 2899; x_wconf 78' lang='lat' dir='ltr'>Beatissime</span> <span class='ocrx_word' id='word_1_185' title='bbox 1804 2805 2013 2875; x_wconf 90' lang='lat' dir='ltr'>Pater.</span> <span class='ocrx_word' id='word_1_186' title='bbox 2064 2843 2153 2857; x_wconf 94' lang='lat'>—</span> <span class='ocrx_word' id='word_1_187' title='bbox 2198 2804 2652 2874; x_wconf 86' lang='lat' dir='ltr'>Constantinus</span> 
     </span>
     <span class='ocr_line' id='line_1_24' title="bbox 393 2918 2649 3007; baseline 0.001 -22"><span class='ocrx_word' id='word_1_188' title='bbox 393 2946 428 2985; x_wconf 84' lang='lat'>«</span> <span class='ocrx_word' id='word_1_189' title='bbox 457 2943 496 2990; x_wconf 90' lang='lat' dir='ltr'>a</span> <span class='ocrx_word' id='word_1_190' title='bbox 542 2921 644 2992; x_wconf 55' lang='lat' dir='ltr'>Sc</span> <span class='ocrx_word' id='word_1_191' title='bbox 677 2921 882 2994; x_wconf 87' lang='lat' dir='ltr'>Maria</span> <span class='ocrx_word' id='word_1_192' title='bbox 903 2975 922 3007; x_wconf 92' lang='lat'>,</span> <span class='ocrx_word' id='word_1_193' title='bbox 977 2921 1481 2992; x_wconf 76' lang='lat' dir='ltr'>carmelitarum</span> <span class='ocrx_word' id='word_1_194' title='bbox 1528 2922 2035 2990; x_wconf 82' lang='lat' dir='ltr'>excalceatorum</span> <span class='ocrx_word' id='word_1_195' title='bbox 2082 2918 2504 2992; x_wconf 83' lang='lat' dir='ltr'>conventibus</span> <span class='ocrx_word' id='word_1_196' title='bbox 2550 2919 2649 2989; x_wconf 86' lang='lat' dir='ltr'>sui</span> 
     </span>
     <span class='ocr_line' id='line_1_25' title="bbox 397 3034 2649 3127; baseline 0.003 -28"><span class='ocrx_word' id='word_1_197' title='bbox 397 3059 434 3099; x_wconf 70' lang='grc' dir='ltr'><strong>α</strong></span> <span class='ocrx_word' id='word_1_198' title='bbox 463 3034 724 3105; x_wconf 87' lang='lat' dir='ltr'>Ordinis</span> <span class='ocrx_word' id='word_1_199' title='bbox 751 3037 822 3104; x_wconf 91' lang='lat' dir='ltr'>in</span> <span class='ocrx_word' id='word_1_200' title='bbox 850 3035 1074 3124; x_wconf 89' lang='lat' dir='ltr'>Belgio</span> <span class='ocrx_word' id='word_1_201' title='bbox 1103 3036 1410 3105; x_wconf 88' lang='lat' dir='ltr'>restitutis</span> <span class='ocrx_word' id='word_1_202' title='bbox 1444 3035 1545 3104; x_wconf 89' lang='lat' dir='ltr'>vel</span> <span class='ocrx_word' id='word_1_203' title='bbox 1586 3035 1910 3125; x_wconf 82' lang='lat' dir='ltr'>erigendis</span> <span class='ocrx_word' id='word_1_204' title='bbox 1951 3057 2067 3126; x_wconf 88' lang='lat' dir='ltr'>per</span> <span class='ocrx_word' id='word_1_205' title='bbox 2106 3057 2257 3106; x_wconf 88' lang='lat' dir='ltr'>suos</span> <span class='ocrx_word' id='word_1_206' title='bbox 2296 3037 2649 3127; x_wconf 67' lang='lat' dir='ltr'>superiores</span> 
     </span>
     <span class='ocr_line' id='line_1_26' title="bbox 391 3150 2649 3244; baseline 0.002 -26"><span class='ocrx_word' id='word_1_207' title='bbox 391 3177 431 3218; x_wconf 67' lang='grc' dir='ltr'>(ι</span> <span class='ocrx_word' id='word_1_208' title='bbox 465 3153 763 3244; x_wconf 77' lang='lat' dir='ltr'>praefixus</span> <span class='ocrx_word' id='word_1_209' title='bbox 791 3206 810 3238; x_wconf 88' lang='lat'>,</span> <span class='ocrx_word' id='word_1_210' title='bbox 867 3150 1234 3221; x_wconf 85' lang='lat' dir='ltr'>reverenter</span> <span class='ocrx_word' id='word_1_211' title='bbox 1285 3153 1545 3242; x_wconf 81' lang='lat' dir='ltr'>exponit</span> <span class='ocrx_word' id='word_1_212' title='bbox 1592 3151 1741 3238; x_wconf 85' lang='lat' dir='ltr'>sibi,</span> <span class='ocrx_word' id='word_1_213' title='bbox 1798 3152 2242 3222; x_wconf 84' lang='lat' dir='ltr'>benevolentia</span> <span class='ocrx_word' id='word_1_214' title='bbox 2307 3157 2367 3221; x_wconf 90' lang='lat' dir='ltr'>et</span> <span class='ocrx_word' id='word_1_215' title='bbox 2410 3153 2649 3223; x_wconf 86' lang='lat' dir='ltr'>auxilio</span> 
     </span>
     <span class='ocr_line' id='line_1_27' title="bbox 397 3257 2643 3358; baseline 0.003 -28"><span class='ocrx_word' id='word_1_216' title='bbox 397 3267 723 3354; x_wconf 89' lang='lat' dir='ltr'>«piorum</span> <span class='ocrx_word' id='word_1_217' title='bbox 763 3268 1140 3353; x_wconf 84' lang='lat' dir='ltr'>bominum,</span> <span class='ocrx_word' id='word_1_218' title='bbox 1183 3269 1458 3358; x_wconf 89' lang='lat' dir='ltr'>proponi</span> <span class='ocrx_word' id='word_1_219' title='bbox 1504 3267 2095 3338; x_wconf 87' lang='lat' dir='ltr'>sanctimonialium</span> <span class='ocrx_word' id='word_1_220' title='bbox 2144 3269 2249 3337; x_wconf 88' lang='lat' dir='ltr'>sui</span> <span class='ocrx_word' id='word_1_221' title='bbox 2276 3257 2643 3337; x_wconf 63' lang='lat' dir='ltr'>S.&#39;Ordinis</span> 
     </span>
     <span class='ocr_line' id='line_1_28' title="bbox 395 3379 2639 3476; baseline 0.002 -29"><span class='ocrx_word' id='word_1_222' title='bbox 395 3403 433 3446; x_wconf 73' lang='grc' dir='ltr'>(ι</span> <span class='ocrx_word' id='word_1_223' title='bbox 467 3401 717 3448; x_wconf 90' lang='lat' dir='ltr'>sacram</span> <span class='ocrx_word' id='word_1_224' title='bbox 750 3381 1022 3451; x_wconf 89' lang='lat' dir='ltr'>domum</span> <span class='ocrx_word' id='word_1_225' title='bbox 1055 3379 1248 3472; x_wconf 92' lang='lat' dir='ltr'>Ypris</span> <span class='ocrx_word' id='word_1_226' title='bbox 1275 3383 1675 3474; x_wconf 84' lang='lat' dir='ltr'>erigendam,</span> <span class='ocrx_word' id='word_1_227' title='bbox 1700 3405 1847 3476; x_wconf 82' lang='lat' dir='ltr'>quae</span> <span class='ocrx_word' id='word_1_228' title='bbox 1887 3384 2202 3476; x_wconf 83' lang='lat' dir='ltr'>pristinae,</span> <span class='ocrx_word' id='word_1_229' title='bbox 2244 3383 2463 3452; x_wconf 89' lang='lat' dir='ltr'>ordini</span> <span class='ocrx_word' id='word_1_230' title='bbox 2488 3383 2639 3454; x_wconf 84' lang='lat' dir='ltr'>sub·</span> 
     </span>
     <span class='ocr_line' id='line_1_29' title="bbox 395 3495 2637 3590; baseline 0.002 -28"><span class='ocrx_word' id='word_1_231' title='bbox 395 3520 432 3562; x_wconf 73' lang='grc' dir='ltr'><em>α</em></span> <span class='ocrx_word' id='word_1_232' title='bbox 451 3495 676 3586; x_wconf 82' lang='lat' dir='ltr'>jectae,</span> <span class='ocrx_word' id='word_1_233' title='bbox 724 3495 1110 3586; x_wconf 87' lang='lat' dir='ltr'>subrogetur</span> <span class='ocrx_word' id='word_1_234' title='bbox 1129 3549 1148 3582; x_wconf 94' lang='lat'>,</span> <span class='ocrx_word' id='word_1_235' title='bbox 1201 3497 1445 3566; x_wconf 86' lang='lat' dir='ltr'>ibidem</span> <span class='ocrx_word' id='word_1_236' title='bbox 1494 3499 1832 3590; x_wconf 84' lang='lat' dir='ltr'>praeteritis</span> <span class='ocrx_word' id='word_1_237' title='bbox 1878 3499 1983 3568; x_wconf 85' lang='lat' dir='ltr'>vix</span> <span class='ocrx_word' id='word_1_238' title='bbox 2030 3497 2498 3568; x_wconf 84' lang='lat' dir='ltr'>calamitatibus</span> <span class='ocrx_word' id='word_1_239' title='bbox 2539 3497 2637 3566; x_wconf 89' lang='lat' dir='ltr'>in-</span> 
     </span>
     <span class='ocr_line' id='line_1_30' title="bbox 391 3611 2641 3706; baseline 0.004 -30"><span class='ocrx_word' id='word_1_240' title='bbox 391 3611 626 3702; x_wconf 79' lang='lat' dir='ltr'>«juria</span> <span class='ocrx_word' id='word_1_241' title='bbox 673 3613 1018 3697; x_wconf 82' lang='lat' dir='ltr'>subversae,</span> <span class='ocrx_word' id='word_1_242' title='bbox 1072 3613 1182 3681; x_wconf 90' lang='lat' dir='ltr'>cui</span> <span class='ocrx_word' id='word_1_243' title='bbox 1225 3613 1677 3683; x_wconf 88' lang='lat' dir='ltr'>instaurationi</span> <span class='ocrx_word' id='word_1_244' title='bbox 1730 3614 2117 3684; x_wconf 83' lang='lat' dir='ltr'>sufficientes</span> <span class='ocrx_word' id='word_1_245' title='bbox 2166 3614 2453 3684; x_wconf 86' lang='lat' dir='ltr'>redditus</span> <span class='ocrx_word' id='word_1_246' title='bbox 2498 3633 2641 3706; x_wconf 88' lang='lat' dir='ltr'>pau·</span> 
     </span>
     <span class='ocr_line' id='line_1_31' title="bbox 391 3728 2637 3819; baseline 0.001 -26"><span class='ocrx_word' id='word_1_247' title='bbox 391 3753 425 3793; x_wconf 76' lang='grc' dir='ltr'><strong>α</strong></span> <span class='ocrx_word' id='word_1_248' title='bbox 454 3728 635 3798; x_wconf 88' lang='lat' dir='ltr'>latim</span> <span class='ocrx_word' id='word_1_249' title='bbox 679 3729 1065 3798; x_wconf 81' lang='lat' dir='ltr'>obventuros</span> <span class='ocrx_word' id='word_1_250' title='bbox 1109 3749 1242 3798; x_wconf 90' lang='lat' dir='ltr'>non</span> <span class='ocrx_word' id='word_1_251' title='bbox 1290 3729 1526 3800; x_wconf 86' lang='lat' dir='ltr'>diffidit</span> <span class='ocrx_word' id='word_1_252' title='bbox 1571 3731 1709 3819; x_wconf 87' lang='lat' dir='ltr'>ejus</span> <span class='ocrx_word' id='word_1_253' title='bbox 1748 3729 2241 3800; x_wconf 75' lang='lat' dir='ltr'>substentationi</span> <span class='ocrx_word' id='word_1_254' title='bbox 2284 3728 2637 3798; x_wconf 89' lang='lat' dir='ltr'>communi·</span> 
     </span>
     <span class='ocr_line' id='line_1_32' title="bbox 389 3843 2635 3936; baseline 0.001 -26"><span class='ocrx_word' id='word_1_255' title='bbox 389 3869 422 3910; x_wconf 76' lang='lat' dir='ltr'>&lt;t</span> <span class='ocrx_word' id='word_1_256' title='bbox 459 3847 605 3913; x_wconf 86' lang='lat' dir='ltr'>tatis</span> <span class='ocrx_word' id='word_1_257' title='bbox 631 3851 1048 3936; x_wconf 88' lang='lat' dir='ltr'>opportunos.</span> <span class='ocrx_word' id='word_1_258' title='bbox 1080 3844 1184 3914; x_wconf 89' lang='lat' dir='ltr'>Ad</span> <span class='ocrx_word' id='word_1_259' title='bbox 1229 3864 1457 3914; x_wconf 89' lang='lat' dir='ltr'>omnes</span> <span class='ocrx_word' id='word_1_260' title='bbox 1504 3845 1767 3914; x_wconf 86' lang='lat' dir='ltr'>interim</span> <span class='ocrx_word' id='word_1_261' title='bbox 1807 3845 2217 3916; x_wconf 75' lang='lat' dir='ltr'>difficultates</span> <span class='ocrx_word' id='word_1_262' title='bbox 2258 3843 2635 3930; x_wconf 79' lang='lat' dir='ltr'>sternendas,</span> 
     </span>
     <span class='ocr_line' id='line_1_33' title="bbox 393 3961 2643 4066; baseline -0 -34"><span class='ocrx_word' id='word_1_263' title='bbox 393 3985 426 4024; x_wconf 77' lang='grc' dir='ltr'>α</span> <span class='ocrx_word' id='word_1_264' title='bbox 451 3985 596 4052; x_wconf 86' lang='lat' dir='ltr'>quae</span> <span class='ocrx_word' id='word_1_265' title='bbox 624 3964 693 4031; x_wconf 93' lang='lat' dir='ltr'>in</span> <span class='ocrx_word' id='word_1_266' title='bbox 743 3961 1066 4032; x_wconf 86' lang='lat' dir='ltr'>struendis</span> <span class='ocrx_word' id='word_1_267' title='bbox 1107 3963 1360 4066; x_wconf 67' lang='lat' dir='ltr'>pietatis</span> <span class='ocrx_word' id='word_1_268' title='bbox 1410 3963 1720 4054; x_wconf 86' lang='lat' dir='ltr'>operibus</span> <span class='ocrx_word' id='word_1_269' title='bbox 1762 3962 1953 4034; x_wconf 79' lang='lat' dir='ltr'>facile</span> <span class='ocrx_word' id='word_1_270' title='bbox 2014 3961 2461 4045; x_wconf 82' lang='lat' dir='ltr'>offenduntur,</span> <span class='ocrx_word' id='word_1_271' title='bbox 2508 3981 2643 4031; x_wconf 86' lang='lat' dir='ltr'>ora-</span> 
     </span>
    </p>
   </div>
   <div class='ocr_carea' id='block_1_3' title="bbox 375 4243 2639 4390">
    <p class='ocr_par' dir='ltr' id='par_1_4' title="bbox 375 4243 2639 4390">
     <span class='ocr_line' id='line_1_34' title="bbox 439 4243 2639 4310; baseline -0 -14"><span class='ocrx_word' id='word_1_272' title='bbox 439 4247 503 4306; x_wconf 78' lang='lat' dir='ltr'>ll)</span> <span class='ocrx_word' id='word_1_273' title='bbox 535 4243 691 4306; x_wconf 77' lang='lat' dir='ltr'>Quasl</span> <span class='ocrx_word' id='word_1_274' title='bbox 725 4256 908 4309; x_wconf 73' lang='lat' dir='ltr'>nempe</span> <span class='ocrx_word' id='word_1_275' title='bbox 955 4247 1186 4308; x_wconf 77' lang='lat' dir='ltr'>ageretur</span> <span class='ocrx_word' id='word_1_276' title='bbox 1218 4243 1281 4296; x_wconf 84' lang='lat' dir='ltr'>de</span> <span class='ocrx_word' id='word_1_277' title='bbox 1313 4243 1674 4296; x_wconf 83' lang='lat' dir='ltr'>reassumendo</span> <span class='ocrx_word' id='word_1_278' title='bbox 1702 4245 1940 4297; x_wconf 63' lang='lat' dir='ltr'>exercitii&gt;</span> <span class='ocrx_word' id='word_1_279' title='bbox 1954 4245 2099 4310; x_wconf 72' lang='lat' dir='ltr'>,iuris</span> <span class='ocrx_word' id='word_1_280' title='bbox 2128 4259 2386 4310; x_wconf 76' lang='lat' dir='ltr'>nunquam</span> <span class='ocrx_word' id='word_1_281' title='bbox 2422 4245 2639 4308; x_wconf 71' lang='lat' dir='ltr'>extincti,</span> 
     </span>
     <span class='ocr_line' id='line_1_35' title="bbox 375 4325 2485 4390; baseline 0.004 -19"><span class='ocrx_word' id='word_1_282' title='bbox 375 4333 478 4373; x_wconf 85' lang='lat' dir='ltr'>uon</span> <span class='ocrx_word' id='word_1_283' title='bbox 505 4329 676 4378; x_wconf 81' lang='lat' dir='ltr'>autem</span> <span class='ocrx_word' id='word_1_284' title='bbox 701 4325 762 4376; x_wconf 81' lang='lat' dir='ltr'>de</span> <span class='ocrx_word' id='word_1_285' title='bbox 779 4325 1246 4390; x_wconf 76' lang='lat' dir='ltr'>recuperandojure</span> <span class='ocrx_word' id='word_1_286' title='bbox 1263 4326 1471 4388; x_wconf 71' lang='lat' dir='ltr'>ammo,</span> <span class='ocrx_word' id='word_1_287' title='bbox 1494 4328 1801 4380; x_wconf 79' lang='lat' dir='ltr'>conventum</span> <span class='ocrx_word' id='word_1_288' title='bbox 1826 4326 2046 4380; x_wconf 76' lang='lat' dir='ltr'>habendi</span> <span class='ocrx_word' id='word_1_289' title='bbox 2068 4328 2125 4378; x_wconf 87' lang='lat' dir='ltr'>ln</span> <span class='ocrx_word' id='word_1_290' title='bbox 2142 4325 2237 4380; x_wconf 83' lang='lat' dir='ltr'>llla</span> <span class='ocrx_word' id='word_1_291' title='bbox 2262 4328 2485 4380; x_wconf 81' lang='lat' dir='ltr'>civitate.</span> 
     </span>
    </p>
   </div>
  </div>
 </body>
</html>
