2834 4959
441 374 567 432 354
892 379 904 386 ’
1012 377 1352 426 TRACTATUS
1401 377 1483 425 DE
1526 375 1675 424 ³011ss
1720 373 2138 423 menmium.

1502 632 1545 721 g
1584 634 1663 700 11.

763 847 830 896 De
852 845 1198 908 religiosorum
1217 843 1558 910 dispersorum
1572 843 1792 907 juribus,
1813 841 2031 894 durante
2058 843 2387 907 dispersione.
2522 899 2535 912 ,

382 1093 398 1109 ·
531 1069 908 1140 Psorosmo
956 1068 1036 1136 1·.
1071 1106 1162 1118 —
1189 1068 1304 1135 Ex
1323 1070 1509 1158 facto
1538 1067 1685 1158 ipso
1712 1064 2029 1134 violentae
2052 1065 2469 1156 expulsionis
2498 1079 2567 1135 et
2603 1067 2737 1136 dis-

437 1187 787 1279 persionis,
817 1208 955 1254 non
983 1181 1289 1253 censendi
1312 1194 1474 1251 sunt
1500 1180 1863 1274 quidquam
1891 1181 2188 1250 amisisse
2226 1180 2306 1250 de
2328 1182 2617 1272 juribus
2658 1207 2739 1250 ac

425 1301 812 1396 privileqiis
838 1299 994 1370 suis.
1025 1337 1118 1352 -
1139 1296 1314 1366 Patet
1339 1298 1541 1387 hujus
1562 1295 2013 1388 propositionis
2038 1295 2275 1364 veritas
2294 1318 2370 1366 ex
2396 1299 2737 1388 primariis

433 1418 604 1507 juris
655 1415 964 1485 naturalis
1006 1411 1403 1482 notionibus·
1460 1410 1667 1479 Nemo
1700 1410 1943 1480 scilicet
1978 1412 2091 1500 jus
2146 1432 2345 1480 suum
2385 1413 2627 1481 amittit
2658 1435 2735 1481 ex

445 1553 519 1600 eo
546 1531 719 1622 quod
758 1529 880 1621 ipsi
917 1529 1013 1596 vis
1054 1528 1390 1598 inferatur.
1430 1525 1501 1595 Si
1534 1526 1708 1616 quis,
1740 1525 1921 1595 verbi
1956 1525 2187 1616 gratia,
2214 1527 2481 1596 domum
2506 1549 2737 1596 meam

445 1645 756 1716 violenter
815 1643 1120 1726 invadat,
1191 1648 1302 1711 aut
1353 1642 1701 1734 pecuniam
1767 1661 1979 1710 meam
2046 1641 2331 1727 furetur,
2390 1663 2523 1710 non
2574 1641 2739 1710 ideo

446 1760 791 1854 perimitur
831 1762 938 1847 jus
988 1779 1212 1826 meum
1260 1757 1330 1826 in
1363 1757 1635 1826 domum
1682 1762 1743 1824 et
1791 1753 2136 1848 pecuniam
2180 1776 2409 1824 meam.
2454 1754 2615 1824 ltem
2654 1777 2737 1824 ex

449 1897 524 1946 eo
581 1875 753 1966 quod
800 1873 1159 1966 Episcopus
1207 1879 1384 1942 extra
1428 1872 1767 1972 dioecesim
1828 1893 2015 1940 suam
2072 1872 2310 1960 injuste
2373 1872 2735 1962 expellatur

441 1996 506 2060 et
527 1991 784 2062 exulare
817 1995 1108 2078 cogatur,
1151 2010 1285 2058 non
1323 1987 1467 2055 ideo
1494 1986 1857 2077 quidquam
1888 1985 1971 2056 de
1990 1984 2255 2076 juribus
2300 1987 2439 2054 suis
2478 1989 2729 2077 episco-

443 2107 702 2198 palibus
727 2103 987 2174 amittit.
1024 2101 1094 2170 ld
1118 2101 1497 2193 probatione
1527 2123 1659 2170 non
1690 2101 1963 2192 indiget.
1996 2100 2201 2171 Aliter
2220 2122 2289 2170 se
2315 2122 2420 2168 res
2439 2099 2723 2190 baberet,

441 2223 497 2290 si
527 2219 850 2310 regulares
891 2220 995 2288 isti
1042 2217 1308 2286 fuissent
1349 2218 1641 2307 legitima
1678 2219 2058 2287 auctoritate
2098 2217 2428 2308 suppressi
2472 2242 2489 2285 ε
2526 2225 2591 2287 at
2614 2219 2727 2288 hic

445 2356 578 2405 non
621 2335 880 2426 agimus
906 2333 985 2402 de
1029 2335 1412 2423 suppressis,
1452 2332 1566 2401 sed
1616 2333 1695 2400 de
1736 2332 2079 2424 oppressis,
2132 2331 2216 2402 Hi
2246 2353 2443 2424 porro
2470 2354 2547 2402 ex
2592 2334 2725 2404 solo

445 2451 612 2520 facio
631 2449 950 2519 violentiae
979 2468 1179 2538 quam
1219 2449 1386 2539 passi
1428 2453 1603 2534 sunt,
1638 2448 1808 2518 nibil
1855 2447 2127 2518 omnino
2164 2447 2244 2518 de
2287 2448 2555 2538 juribus
2590 2453 2723 2520 suis
2823 2431 2824 2446 ¹

444 2586 520 2634 ac
545 2562 904 2654 privilegiis
930 2563 1218 2634 amisisse
1243 2563 1548 2632 censendi
1584 2570 1773 2654 sunt3
1820 2565 1927 2633 sed
1960 2565 2113 2656 ipsis
2140 2565 2525 2657 applicanda
2554 2565 2725 2634 venit

449 2679 864 2770 regulajuris
885 2681 972 2750 64
1003 2679 1074 2748 in
1101 2682 1139 2750 6
1169 2703 1186 2748 ε
1227 2705 1264 2746 a
1289 2678 1450 2761 Quae
1476 2685 1700 2750 contra
1727 2683 1840 2772 jus
1868 2680 2057 2770 fiunt,
2084 2681 2321 2752 debent
2348 2683 2573 2772 utique
2606 2703 2717 2772 pro
2821 2751 2822 2764 ,

454 2819 492 2861 α
520 2795 774 2864 infectis
801 2794 1048 2864 haberi.
1081 2819 1117 2861 n

457 2955 466 2966 ·
532 2909 829 3002 Insuper,
872 2913 1025 3001 jura
1071 2917 1133 2980 et
1171 2909 1517 3002 privilegia
1553 2932 1701 3003 quse
1747 2931 1787 2979 a
1830 2909 2122 2981 Romano
2168 2909 2483 2982 Pontifice
2528 2911 2719 2982 alicui
2818 2983 2820 3010 ἲ

445 3026 740 3096 instituto
784 3024 1082 3114 religioso
1131 3024 1601 3114 conceduntur,
1658 3026 1974 3096 censenda
2021 3032 2177 3095 sunt
2226 3048 2533 3096 concessa
2548 3049 2715 3118 per-
2818 3013 2820 3071 ⁴

445 3163 624 3212 sonoe
649 3138 927 3228 morali,
951 3161 1028 3210 ex
1055 3140 1369 3210 membris
1397 3140 1599 3232 hujus
1620 3142 1937 3231 religiosae
1970 3143 2283 3212 societatis
2319 3143 2710 3213 coalescenti.

449 3256 910 3325 conceduntur
938 3254 1180 3346 quippe
1216 3254 1320 3323 his
1367 3253 1707 3338 membris,
1742 3277 1873 3324 non
1902 3262 2211 3346 tanquam
2246 3257 2504 3349 privatis
2532 3263 2599 3325 et
2626 3259 2715 3324 in·

451 3369 772 3459 dividuis,
827 3371 937 3440 sed
997 3377 1316 3461 quatenus
1387 3372 1652 3461 aliquod
1718 3373 1963 3442 morale
2027 3393 2262 3464 corpus
2288 3425 2306 3456 ,
2377 3373 2709 3464 collegium

449 3505 686 3577 nempe
721 3507 834 3555 seu
879 3489 1244 3556 societatem
1281 3485 1737 3556 conflantibus.
1794 3487 1965 3578 Ergo
1992 3489 2286 3579 quandiu
2328 3489 2541 3560 existit
2580 3511 2707 3558 mo-

449 3599 601 3670 ralis
645 3599 758 3670 illa
807 3621 1078 3692 persona
1121 3621 1234 3668 seu
1271 3603 1561 3683 societas,
1610 3604 1756 3690 jura
1808 3602 1921 3670 illa
1973 3610 2033 3670 et
2079 3604 2423 3694 privilegia
2466 3605 2705 3673 retinet.

445 3715 646 3788 Porro
672 3717 936 3786 societas
984 3738 1396 3808 nequaquam
1450 3739 1567 3810 per
1590 3717 2065 3809 dispersionem
2120 3728 2182 3789 et
2234 3721 2707 3790 cohabitationis

447 3832 985 3924 interruptionem
1030 3831 1404 3901 destruitur.
1437 3831 1749 3914 Quamvis
1775 3835 1951 3903 enim
2000 3835 2297 3904 membra
2330 3837 2460 3906 sint
2498 3835 2575 3904 ab
2610 3835 2703 3902 in·

445 3948 655 4016 vicem
710 3947 850 4016 loco
897 3954 1210 4039 separata,
1264 3956 1555 4018 remanet
1612 3952 1683 4018 in
1737 3956 1866 4021 toto
1922 3973 2039 4022 suo
2092 3951 2323 4022 robore
2379 3951 2699 4022 vinculum

445 4083 576 4154 quo
611 4070 840 4133 mutuo
893 4063 1280 4154 colligantur
1331 4089 1349 4134 ε
1399 4067 1738 4138 auctoritas
1786 4091 2021 4161 nempe
2070 4069 2447 4160 superioriS,
2490 4074 2548 4137 et
2588 4085 2701 4134 cae·

441 4189 731 4251 terorum
792 4182 1094 4250 omnium
1149 4181 1275 4270 ipsi
1329 4183 1621 4272 parendi,
1676 4194 1739 4254 et
1785 4177 1965 4273 Jux'ta
2028 4188 2467 4278 praescriptam
2534 4203 2695 4251 com-
2811 4255 2812 4282 χ

439 4299 662 4365 munis
709 4295 810 4366 sui
851 4296 1128 4366 instituti
1154 4317 1457 4364 normam
1502 4297 1758 4368 vivendi
1796 4301 2129 4390 obligatio.
2180 4299 2358 4390 Ergo
2398 4297 2697 4389 regulares

439 4409 712 4499 aliquus
758 4419 1113 4481 conventus
1154 4417 1266 4496 aut
1313 4413 1509 4482 etiam
1556 4415 1746 4485 totius
1794 4416 2069 4506 alicujus
2120 4417 2375 4486 ordinis
2410 4422 2515 4485 aut
2560 4431 2693 4480 eon·
