2834 4959
338 382 463 439 618
894 386 1237 435 meuriss
1282 388 1361 434 nt
1404 384 1556 433 mu
1603 383 2018 432 monumen.

336 510 695 601 pertineant
720 514 785 578 et
822 508 1139 601 applicari
1182 506 1458 577 debeant
1489 506 1699 597 legata
1734 504 1910 574 hisce
1935 503 2253 593 religiosis
2281 510 2388 573 aut
2431 526 2582 574 con·

338 624 639 693 ventibus
666 624 831 695 facta
848 626 881 692 Τ
908 622 1003 693 De
1030 644 1161 715 quo
1178 622 1273 691 sic
1296 621 1582 691 breviter
1607 624 1952 689 annotatur
1975 620 2047 687 in
2073 640 2268 688 causa
2293 616 2586 687 Brundu-

332 742 507 821 sim,
540 742 581 811 5
622 742 881 831 augusti
906 740 1083 809 1719
1112 738 1207 830 (iu
1237 738 1564 809 The-samo
1591 736 1892 820 recolat„
1923 742 2082 805 tom.
2121 736 2183 822 1,
2215 756 2366 827 pag.
2393 735 2538 825 223)
2561 760 2584 802 t

436 882 473 923 α
502 854 727 938 Quoad
767 855 1215 947 dispositiones
1242 853 1440 922 lactas
1465 852 1682 921 favore
1723 850 2000 918 flatrum
2051 846 2596 939 Capuccinorum,

346 998 381 1039 ιε
414 979 477 1040 et
523 968 855 1041 Minoi-um
894 969 1233 1039 strictioris
1280 966 1724 1051 observantiae,
1771 970 1837 1034 et
1872 962 2151 1033 aliorum
2197 963 2600 1055 regularium

346 1112 381 1151 e
406 1086 525 1177 qui
586 1085 758 1155 bona
810 1085 881 1152 in
938 1082 1275 1153 communi
1322 1081 1646 1175 possidere
1721 1100 1856 1149 non
1915 1087 2206 1171 possunt,
2271 1080 2605 1171 privilegia

346 1228 383 1267 a
411 1200 797 1271 Reverendae
864 1198 1153 1269 Fabricae
1224 1196 1349 1267 sibi
1408 1196 1738 1267 vindicant
1807 1196 2069 1276 locum;
2135 1200 2201 1263 et
2248 1196 2319 1265 in
2383 1218 2602 1266 eorum

348 1343 383 1383 (ι
430 1316 782 1406 sequelam,
853 1315 1025 1383 bona
1069 1312 1241 1382 dicto
1280 1312 1476 1381 modo
1539 1309 1765 1379 relicta
1813 1310 2025 1380 eidem
2072 1306 2366 1379 Fabricae
2403 1312 2604 1404 appli-

348 1456 384 1497 α
424 1438 735 1501 cantur...
2492 1492 2514 1513 ‚

438 1572 471 1611 ι
506 1544 731 1625 Quoad
766 1543 1055 1611 redditus
1081 1562 1233 1609 vero
1262 1540 1365 1609 his
1406 1540 1638 1611 iisdem
1679 1540 1988 1609 fratribus
2033 1542 2300 1626 relictos,
2357 1542 2600 1631 adJ’ecto

348 1680 384 1721 α
414 1676 607 1723 onere
652 1652 1103 1723 celebrationis
1138 1653 1518 1743 missarum,
1550 1656 1618 1723 in
1663 1654 2161 1745 congregatione
2197 1652 2412 1724 habita
2441 1664 2586 1722 tem·

348 1799 383 1839 α
406 1792 561 1862 pore
606 1769 855 1841 Urbani
908 1768 1061 1840 vm
1125 1770 1482 1843 resolutum
1537 1770 1683 1857 fuit,
1738 1776 2124 1841 memoratos
2185 1770 2404 1859 iratres
2462 1790 2592 1839 esse

350 1912 385 1953 ι
418 1889 753 1980 incapaces
797 1888 1037 1957 horum
1092 1908 1464 1957 annuorum
1517 1888 1920 1977 relictorum,-
1961 1888 2060 1955 uti
2111 1886 2385 1956 habetur
2435 1888 2602 1978 apud

348 2028 381 2067 α
404 2000 819 2093 Fagnanum,
860 2004 1046 2073 dictoe
1074 2002 1610 2094 Congregationis
1651 2004 2067 2072 secretarium
2097 2002 2188 2093 (in
2215 2026 2360 2094 cap.
2384 2003 2600 2075 Nimis

350 2144 383 2181 e
402 2140 647 2209 prava,
678 2141 745 2186 n.
774 2119 863 2187 49
877 2125 943 2188 et
969 2118 1081 2203 53,
1112 2118 1194 2188 de
1216 2118 1612 2188 Excessibus
1635 2118 1940 2211 proelat.)

438 2256 473 2297 ι
500 2232 1003 2303 Procedentibus
1028 2234 1368 2306 contrariis
1390 2234 1604 2325 quoad
1627 2234 2063 2323 eleemosynas
2091 2235 2428 2304 manuales
2453 2237 2610 2304 mis·

349 2367 385 2411 ε(
416 2366 663 2435 sarum,
688 2368 971 2439 quarum
996 2348 1241 2439 absque
1284 2348 1488 2419 dubio
1515 2350 1746 2418 fratres
1769 2352 1966 2418 etiam
1992 2348 2110 2440 qui
2133 2348 2300 2418 bona
2323 2350 2398 2417 in
2443 2370 2622 2418 com·

344 2487 381 2525 α
408 2461 597 2528 muni
650 2461 967 2551 possidere
990 2475 1129 2529 non
1179 2470 1470 2551 possunt,
1515 2471 1674 2533 sunt
1723 2486 1982 2556 capaces
1999 2488 2018 2551 ;
2075 2466 2176 2533 uti
2221 2452 2614 2535 adnotarunt

346 2600 383 2641 α
406 2574 780 2664 Sanchez..‚
806 2575 1171 2665 Barbosa..,
1202 2576 1684 2669 Pignatellus..,
1707 2578 1919 2650 Rota..
1945 2604 1982 2646 n

430 2692 633 2759 Nota.
666 2727 757 2745 -·-
784 2692 957 2779 Inter
998 2693 1409 2785 professionis
1449 2695 1712 2765 effectus
1756 2694 1943 2765 valde
1978 2694 2261 2765 notabile
2315 2702 2449 2784 est,
2507 2716 2612 2787 per

340 2828 483 2875 eam
513 2808 597 2876 ita
632 2808 882 2879 firmari
918 2808 1243 2880 bonorum
1280 2810 1774 2898 abdicationem,
1831 2817 1910 2881 ut
1937 2811 2260 2903 professus
2281 2813 2546 2881 etiamsi
2579 2834 2612 2878 a

342 2924 487 2993 sede
512 2924 879 3014 Apostoliea
900 2927 1510 2996 saecularisationem
1529 2927 2131 3014 obtineannullum
2161 2934 2384 2997 tamen
2399 2930 2516 3018 jus
2544 2926 2612 2994 in

343 3039 510 3109 bona
528 3039 669 3108 haec
696 3030 1045 3131 recuperet.
1070 3040 1167 3111 De
1194 3064 1350 3133 quo,
1373 3064 1494 3133 pro
1517 3044 1612 3112 rei
1635 3044 1971 3134 gravitate,
2001 3042 2214 3113 visum
2239 3050 2332 3113 est
2349 3044 2616 3133 sejunc-

341 3156 461 3225 tim
504 3156 829 3245 agendum
858 3155 981 3226 sub
1010 3158 1303 3249 sequenti
1332 3158 1560 3249 capite.

1237 3480 1516 3553 CAPUT
1561 3480 1708 3554 vll.

344 3664 456 3710 PER
498 3664 1123 3714 SAECULARISARONBR
1176 3668 1478 3715 RELIGIOSI
1535 3668 1837 3730 PROFESSI,
1885 3668 2004 3715 Non
2049 3668 2454 3715 ANNULLATUR
2496 3667 2612 3711 AB·

890 3765 1141 3811 DICATIO
1182 3766 1468 3813 Bouomm
1512 3768 1624 3812 PER
1667 3768 1794 3813 mm
1838 3768 2058 3813 FACTA.

284 4039 293 4048 ,
430 3959 710 4043 Quaestio
753 3963 893 4037 haec
926 3973 1099 4036 mota
1143 3974 1239 4036 est
1278 3968 1346 4035 in
1394 3968 1784 4037 Pisaurensi
1840 3966 1922 4037 15
1971 3965 2354 4057 septembris
2405 3964 2602 4045 1804,

341 4078 602 4147 relative
643 4081 723 4149 ad
766 4082 1116 4172 quemdam
1164 4083 1548 4174 professum,
1599 4082 2008 4153 Schelinium
2063 4081 2356 4171 nomine,
2409 4078 2522 4169 qui
2561 4096 2603 4145 a

344 4194 491 4263 sede
542 4196 909 4288 Apostolica
958 4198 1327 4269 facultatem
1368 4202 1820 4289 impetraverat
1863 4196 2170 4267 manendi
2197 4178 2295 4267 ¹in
2347 4192 2606 4265 saeculo.

342 4304 515 4377 Recu
528 4332 748 4399 perare
810 4311 1061 4383 volebat
1104 4312 1298 4397 bona,
1374 4314 1616 4405 quibus
1667 4318 1814 4382 ante
1861 4318 2159 4383 votorum
2211 4310 2606 4383 solemnium

340 4420 755 4491 emissionem
786 4428 1293 4510 renuntiaverat,
1324 4430 1392 4496 in
1426 4429 1712 4499 savorem
1739 4427 2388 4518 consanguineorum.
2433 4422 2596 4513 Ejus
