2834 4959
921 937 1388 1068 PARS
1564 941 1695 1066 II

1005 1338 1079 1382 DE
1105 1335 1392 1382 GANONtcA
1421 1339 1615 1386 NORMA

343 1587 640 1663 NOVAS
711 1587 1141 1662 ERIGENDI
1205 1589 1731 1663 RELIGIOSAS
1804 1593 2255 1680 FAMILIAS,

741 1794 1054 1857 NOVOSQUE
1099 1793 1261 1847 EARU
1272 1799 1312 1850 Μ
1323 1798 1449 1850 ΒΕΜ
1492 1797 1881 1851 CONVENTUS.

281 2470 436 2540 Cum
458 2475 538 2544 ad
574 2481 774 2544 status
799 2473 1084 2562 religiosi
1113 2476 1451 2546 essentiam
1480 2483 1791 2569 pertineat
1818 2484 1891 2546 ut
1915 2480 1998 2547 sit
2022 2475 2454 2567 perfectionis

210 2595 430 2672 status,
455 2610 872 2679 nequaquam
917 2599 1132 2656 autem
1173 2589 1581 2679 perfectionis
1632 2592 1825 2660 statui
1878 2591 2285 2659 accensendae
2328 2591 2457 2659 sint

219 2719 304 2766 eae
358 2704 666 2772 societates
713 2724 827 2772 seu
883 2705 1435 2794 congregationes,
1495 2719 1647 2793 quae
1694 2704 2075 2772 contrariam
2155 2703 2454 2772 Ecclesiae

223 2811 454 2900 legibus
497 2819 745 2888 vivendi
794 2833 1096 2888 normam
1148 2819 1271 2886 sibi
1339 2825 1715 2901 statuerent,
1770 2839 2165 2908 consequens
2220 2825 2312 2886 est
2382 2827 2456 2883 ut

169 2977 187 2997 .
229 2939 516 3017 nequeant
543 2937 674 3002 veri
704 2936 1031 3026 regulares
1080 2957 1118 3002 a
1165 2934 1337 3002 falsis
1364 2932 1707 3023 distingui,
1737 2934 1863 3002 nisi
1911 2933 2303 3023 praecognita
2344 2955 2455 3035 ec-

223 3041 534 3117 ctesiastica
560 3050 698 3140 lege
730 3052 808 3120 de
852 3057 1022 3120 recte
1049 3050 1374 3140 erigendis
1422 3051 1606 3120 novis
1636 3049 1955 3139 religiosis
1992 3048 2275 3133 familiis,
2335 3069 2457 3114 no-

219 3161 414 3253 visque
447 3189 674 3236 earum
703 3167 996 3240 coetibus.
1043 3169 1214 3237 Hinc
1262 3169 1611 3259 praemissae
1640 3170 1719 3239 de
1769 3175 1965 3236 status
2010 3166 2291 3256 religiosi
2348 3187 2459 3233 na-

219 3275 348 3342 tura
394 3288 450 3348 et
499 3283 756 3372 origine
789 3283 1258 3374 disceptationi,
1315 3285 1605 3373 proxime
1651 3281 2105 3371 subjungenda
2171 3279 2307 3352 visa
2366 3287 2463 3349 est

219 3386 316 3457 illa
339 3397 596 3477 maximi
625 3399 939 3468 momenti
980 3399 1180 3486 notio,
1227 3397 1305 3466 de
1347 3397 1661 3467 canonica
1708 3397 2157 3486 religiosorum
2192 3397 2456 3466 institu-

217 3508 408 3579 torum
442 3515 787 3600 erectione,
842 3535 1096 3583 necnon
1129 3514 1532 3602 eorumdem,
1558 3535 1675 3605 per
1722 3534 1922 3582 novas
1958 3514 2300 3582 domorum
2344 3533 2457 3579 seu

211 3637 631 3701 conventuum
672 3612 1100 3718 fundationes,
1135 3631 1613 3724 propagatione.
