<?xml version="1.0" encoding="UTF-8"?>
<!DOCTYPE html PUBLIC "-//W3C//DTD XHTML 1.0 Transitional//EN"
    "http://www.w3.org/TR/xhtml1/DTD/xhtml1-transitional.dtd">
<html xmlns="http://www.w3.org/1999/xhtml" xml:lang="en" lang="en">
 <head>
  <title>
</title>
<meta http-equiv="Content-Type" content="text/html;charset=utf-8" />
  <meta name='ocr-system' content='tesseract 3.04.00' />
  <meta name='ocr-capabilities' content='ocr_page ocr_carea ocr_par ocr_line ocrx_word'/>
</head>
<body>
  <div class='ocr_page' id='page_1' title='image "./tractatusdejure01unkngoog_0572.png"; bbox 0 0 2834 4959; ppageno 0'>
   <div class='ocr_carea' id='block_1_1' title="bbox 269 329 1945 388">
    <p class='ocr_par' dir='ltr' id='par_1_1' title="bbox 269 329 1945 388">
     <span class='ocr_line' id='line_1_1' title="bbox 269 329 1945 388; baseline -0.004 -2"><span class='ocrx_word' id='word_1_1' title='bbox 269 329 394 388; x_wconf 74' lang='grc'><strong>554</strong></span> <span class='ocrx_word' id='word_1_2' title='bbox 836 333 1174 382; x_wconf 64' lang='lat' dir='ltr'><strong>macutus</strong></span> <span class='ocrx_word' id='word_1_3' title='bbox 1211 331 1292 380; x_wconf 72' lang='lat' dir='ltr'><strong>bt</strong></span> <span class='ocrx_word' id='word_1_4' title='bbox 1335 333 1487 380; x_wconf 72' lang='lat' dir='ltr'><strong>mun</strong></span> <span class='ocrx_word' id='word_1_5' title='bbox 1530 331 1945 382; x_wconf 67' lang='lat' dir='ltr'><strong>stemma.</strong></span> 
     </span>
    </p>
   </div>
   <div class='ocr_carea' id='block_1_2' title="bbox 189 453 2563 3733">
    <p class='ocr_par' dir='ltr' id='par_1_2' title="bbox 261 453 2560 1125">
     <span class='ocr_line' id='line_1_2' title="bbox 351 453 2555 548; baseline -0.001 -20"><span class='ocrx_word' id='word_1_6' title='bbox 351 455 585 528; x_wconf 79' lang='lat' dir='ltr'><strong>201m0</strong></span> <span class='ocrx_word' id='word_1_7' title='bbox 610 456 812 544; x_wconf 81' lang='lat' dir='ltr'>recipi</span> <span class='ocrx_word' id='word_1_8' title='bbox 839 460 1044 548; x_wconf 85' lang='lat' dir='ltr'><strong>potest</strong></span> <span class='ocrx_word' id='word_1_9' title='bbox 1085 454 1172 524; x_wconf 80' lang='lat' dir='ltr'><strong>ad</strong></span> <span class='ocrx_word' id='word_1_10' title='bbox 1211 455 1595 524; x_wconf 77' lang='lat' dir='ltr'><strong>novitiatum</strong></span> <span class='ocrx_word' id='word_1_11' title='bbox 1628 453 1958 546; x_wconf 86' lang='lat' dir='ltr'><strong>impubes,</strong></span> <span class='ocrx_word' id='word_1_12' title='bbox 1990 454 2187 524; x_wconf 88' lang='lat' dir='ltr'><strong>modo</strong></span> <span class='ocrx_word' id='word_1_13' title='bbox 2212 473 2413 524; x_wconf 85' lang='lat' dir='ltr'><strong>usum</strong></span> <span class='ocrx_word' id='word_1_14' title='bbox 2444 478 2555 526; x_wconf 82' lang='lat' dir='ltr'><strong>ra-</strong></span> 
     </span>
     <span class='ocr_line' id='line_1_3' title="bbox 261 562 2555 662; baseline -0.002 -16"><span class='ocrx_word' id='word_1_15' title='bbox 261 575 454 646; x_wconf 78' lang='lat' dir='ltr'><strong>tionis</strong></span> <span class='ocrx_word' id='word_1_16' title='bbox 482 571 739 660; x_wconf 77' lang='lat' dir='ltr'><strong>habeat,</strong></span> <span class='ocrx_word' id='word_1_17' title='bbox 765 578 828 640; x_wconf 91' lang='lat' dir='ltr'><strong>et</strong></span> <span class='ocrx_word' id='word_1_18' title='bbox 849 570 1008 662; x_wconf 83' lang='lat' dir='ltr'><strong>quid</strong></span> <span class='ocrx_word' id='word_1_19' title='bbox 1037 571 1122 640; x_wconf 83' lang='lat' dir='ltr'><strong>sit</strong></span> <span class='ocrx_word' id='word_1_20' title='bbox 1155 562 1510 642; x_wconf 77' lang='lat' dir='ltr'><strong>novitiatus</strong></span> <span class='ocrx_word' id='word_1_21' title='bbox 1534 567 1929 640; x_wconf 85' lang='lat' dir='ltr'><strong>sufficienter</strong></span> <span class='ocrx_word' id='word_1_22' title='bbox 1962 567 2362 660; x_wconf 81' lang='lat' dir='ltr'><strong>intelligens,</strong></span> <span class='ocrx_word' id='word_1_23' title='bbox 2386 593 2555 642; x_wconf 87' lang='lat' dir='ltr'><strong>cum</strong></span> 
     </span>
     <span class='ocr_line' id='line_1_4' title="bbox 263 683 2559 779; baseline -0 -21"><span class='ocrx_word' id='word_1_24' title='bbox 263 690 482 759; x_wconf 78' lang='lat' dir='ltr'><strong>fructu</strong></span> <span class='ocrx_word' id='word_1_25' title='bbox 507 685 958 779; x_wconf 79' lang='lat' dir='ltr'><strong>probationem</strong></span> <span class='ocrx_word' id='word_1_26' title='bbox 1001 683 1224 756; x_wconf 85' lang='lat' dir='ltr'><strong>subire</strong></span> <span class='ocrx_word' id='word_1_27' title='bbox 1269 686 1503 774; x_wconf 73' lang='lat' dir='ltr'><strong>valeat,</strong></span> <span class='ocrx_word' id='word_1_28' title='bbox 1546 691 1743 776; x_wconf 80' lang='lat' dir='ltr'><strong>atque</strong></span> <span class='ocrx_word' id='word_1_29' title='bbox 1766 683 2039 754; x_wconf 75' lang='lat' dir='ltr'><strong>aliunde</strong></span> <span class='ocrx_word' id='word_1_30' title='bbox 2068 691 2367 776; x_wconf 76' lang='lat' dir='ltr'><strong>parentes</strong></span> <span class='ocrx_word' id='word_1_31' title='bbox 2406 690 2559 776; x_wconf 80' lang='lat' dir='ltr'><strong>ejus</strong></span> 
     </span>
     <span class='ocr_line' id='line_1_5' title="bbox 266 797 2557 892; baseline -0.001 -18"><span class='ocrx_word' id='word_1_32' title='bbox 266 825 402 874; x_wconf 87' lang='lat' dir='ltr'><strong>non</strong></span> <span class='ocrx_word' id='word_1_33' title='bbox 441 801 844 872; x_wconf 74' lang='lat' dir='ltr'><strong>dissentiant.</strong></span> <span class='ocrx_word' id='word_1_34' title='bbox 897 797 1243 892; x_wconf 87' lang='lat' dir='ltr'><strong>Ejusmodi</strong></span> <span class='ocrx_word' id='word_1_35' title='bbox 1291 800 1473 870; x_wconf 88' lang='lat' dir='ltr'><strong>enim</strong></span> <span class='ocrx_word' id='word_1_36' title='bbox 1518 799 1883 890; x_wconf 75' lang='lat' dir='ltr'><strong>impuberis</strong></span> <span class='ocrx_word' id='word_1_37' title='bbox 1926 800 2213 890; x_wconf 88' lang='lat' dir='ltr'><strong>receptio</strong></span> <span class='ocrx_word' id='word_1_38' title='bbox 2272 821 2495 892; x_wconf 86' lang='lat' dir='ltr'><strong>neque</strong></span> <span class='ocrx_word' id='word_1_39' title='bbox 2512 821 2557 872; x_wconf 74' lang='lat' dir='ltr'><strong>a</strong></span> 
     </span>
     <span class='ocr_line' id='line_1_6' title="bbox 261 911 2560 1012; baseline -0 -23"><span class='ocrx_word' id='word_1_40' title='bbox 261 923 414 1012; x_wconf 85' lang='lat' dir='ltr'><strong>jure</strong></span> <span class='ocrx_word' id='word_1_41' title='bbox 449 917 758 1000; x_wconf 83' lang='lat' dir='ltr'><strong>naturali,</strong></span> <span class='ocrx_word' id='word_1_42' title='bbox 781 937 998 1008; x_wconf 84' lang='lat' dir='ltr'><strong>neque</strong></span> <span class='ocrx_word' id='word_1_43' title='bbox 1019 937 1058 985; x_wconf 93' lang='lat' dir='ltr'><strong>a</strong></span> <span class='ocrx_word' id='word_1_44' title='bbox 1089 918 1239 1007; x_wconf 84' lang='lat' dir='ltr'><strong>jure</strong></span> <span class='ocrx_word' id='word_1_45' title='bbox 1275 911 1709 986; x_wconf 79' lang='lat' dir='ltr'><strong>ecclesiastico</strong></span> <span class='ocrx_word' id='word_1_46' title='bbox 1730 914 2141 1006; x_wconf 70' lang='lat' dir='ltr'><strong>prohibetur,</strong></span> <span class='ocrx_word' id='word_1_47' title='bbox 2174 923 2371 1008; x_wconf 86' lang='lat' dir='ltr'><strong>prout</strong></span> <span class='ocrx_word' id='word_1_48' title='bbox 2404 939 2560 1009; x_wconf 87' lang='lat' dir='ltr'><strong>pro-</strong></span> 
     </span>
     <span class='ocr_line' id='line_1_7' title="bbox 269 1028 2053 1125; baseline -0.003 -20"><span class='ocrx_word' id='word_1_49' title='bbox 269 1031 378 1105; x_wconf 81' lang='lat' dir='ltr'><strong>bat</strong></span> <span class='ocrx_word' id='word_1_50' title='bbox 397 1035 740 1107; x_wconf 74' lang='lat' dir='ltr'><strong>Suaresius</strong></span> <span class='ocrx_word' id='word_1_51' title='bbox 765 1033 870 1125; x_wconf 76' lang='lat' dir='ltr'><strong>(de</strong></span> <span class='ocrx_word' id='word_1_52' title='bbox 889 1028 1266 1125; x_wconf 74' lang='lat' dir='ltr'><strong>Beliqione,</strong></span> <span class='ocrx_word' id='word_1_53' title='bbox 1297 1040 1461 1102; x_wconf 89' lang='lat' dir='ltr'><strong>tom.</strong></span> <span class='ocrx_word' id='word_1_54' title='bbox 1482 1033 1552 1118; x_wconf 88' lang='lat'><strong>3,</strong></span> <span class='ocrx_word' id='word_1_55' title='bbox 1576 1034 1621 1106; x_wconf 84' lang='lat' dir='ltr'><strong>l.</strong></span> <span class='ocrx_word' id='word_1_56' title='bbox 1654 1031 1723 1117; x_wconf 81' lang='lat'><strong>5,</strong></span> <span class='ocrx_word' id='word_1_57' title='bbox 1746 1053 1807 1101; x_wconf 85' lang='lat' dir='ltr'><strong>c.</strong></span> <span class='ocrx_word' id='word_1_58' title='bbox 1844 1029 1913 1120; x_wconf 94' lang='grc'><strong>1)</strong></span> <span class='ocrx_word' id='word_1_59' title='bbox 1936 1031 2053 1122; x_wconf 89' lang='grc'><strong>(1).</strong></span> 
     </span>
    </p>

    <p class='ocr_par' dir='ltr' id='par_1_3' title="bbox 273 1146 2563 1357">
     <span class='ocr_line' id='line_1_8' title="bbox 355 1146 2563 1242; baseline -0.002 -22"><span class='ocrx_word' id='word_1_60' title='bbox 355 1149 546 1233; x_wconf 82' lang='lat' dir='ltr'><strong>Quod</strong></span> <span class='ocrx_word' id='word_1_61' title='bbox 573 1156 794 1220; x_wconf 87' lang='lat' dir='ltr'><strong>autem</strong></span> <span class='ocrx_word' id='word_1_62' title='bbox 820 1148 1150 1220; x_wconf 75' lang='lat' dir='ltr'><strong>rarissime</strong></span> <span class='ocrx_word' id='word_1_63' title='bbox 1165 1150 1459 1242; x_wconf 81' lang='lat' dir='ltr'><strong>expediat</strong></span> <span class='ocrx_word' id='word_1_64' title='bbox 1482 1146 1899 1239; x_wconf 77' lang='lat' dir='ltr'><strong>impuberem</strong></span> <span class='ocrx_word' id='word_1_65' title='bbox 1924 1146 2007 1216; x_wconf 85' lang='lat' dir='ltr'><strong>ad</strong></span> <span class='ocrx_word' id='word_1_66' title='bbox 2038 1147 2425 1216; x_wconf 71' lang='lat' dir='ltr'><strong>novitiatum</strong></span> <span class='ocrx_word' id='word_1_67' title='bbox 2450 1168 2563 1216; x_wconf 87' lang='lat' dir='ltr'><strong>re-</strong></span> 
     </span>
     <span class='ocr_line' id='line_1_9' title="bbox 273 1266 1031 1357; baseline -0.001 -24"><span class='ocrx_word' id='word_1_68' title='bbox 273 1266 403 1356; x_wconf 85' lang='lat' dir='ltr'><strong>cipi</strong></span> <span class='ocrx_word' id='word_1_69' title='bbox 428 1266 580 1335; x_wconf 81' lang='lat' dir='ltr'><strong>satis</strong></span> <span class='ocrx_word' id='word_1_70' title='bbox 607 1287 726 1357; x_wconf 86' lang='lat' dir='ltr'><strong>per</strong></span> <span class='ocrx_word' id='word_1_71' title='bbox 745 1287 813 1334; x_wconf 86' lang='lat' dir='ltr'><strong>se</strong></span> <span class='ocrx_word' id='word_1_72' title='bbox 837 1268 1031 1356; x_wconf 81' lang='lat' dir='ltr'><strong>patet.</strong></span> 
     </span>
    </p>

    <p class='ocr_par' dir='ltr' id='par_1_4' title="bbox 189 1373 2561 2158">
     <span class='ocr_line' id='line_1_10' title="bbox 359 1373 2561 1471; baseline -0.001 -24"><span class='ocrx_word' id='word_1_73' title='bbox 359 1375 427 1447; x_wconf 77' lang='lat'><strong>3⁰</strong></span> <span class='ocrx_word' id='word_1_74' title='bbox 459 1377 866 1471; x_wconf 81' lang='lat' dir='ltr'><strong>Impuberes,</strong></span> <span class='ocrx_word' id='word_1_75' title='bbox 909 1378 1047 1448; x_wconf 80' lang='lat' dir='ltr'><strong>sive</strong></span> <span class='ocrx_word' id='word_1_76' title='bbox 1092 1377 1395 1459; x_wconf 82' lang='lat' dir='ltr'><strong>habeant,</strong></span> <span class='ocrx_word' id='word_1_77' title='bbox 1442 1377 1576 1446; x_wconf 80' lang='lat' dir='ltr'><strong>sive</strong></span> <span class='ocrx_word' id='word_1_78' title='bbox 1605 1375 1907 1446; x_wconf 87' lang='lat' dir='ltr'><strong>nondum</strong></span> <span class='ocrx_word' id='word_1_79' title='bbox 1950 1373 2232 1446; x_wconf 71' lang='lat' dir='ltr'><strong>habeant</strong></span> <span class='ocrx_word' id='word_1_80' title='bbox 2280 1375 2561 1445; x_wconf 87' lang='lat' dir='ltr'><strong>rationis</strong></span> 
     </span>
     <span class='ocr_line' id='line_1_11' title="bbox 271 1490 2555 1585; baseline -0.001 -23"><span class='ocrx_word' id='word_1_81' title='bbox 271 1513 496 1581; x_wconf 88' lang='lat' dir='ltr'><strong>usum,</strong></span> <span class='ocrx_word' id='word_1_82' title='bbox 519 1495 574 1564; x_wconf 86' lang='lat' dir='ltr'><strong>si</strong></span> <span class='ocrx_word' id='word_1_83' title='bbox 599 1513 638 1563; x_wconf 90' lang='lat' dir='ltr'><strong>a</strong></span> <span class='ocrx_word' id='word_1_84' title='bbox 661 1493 1038 1585; x_wconf 80' lang='lat' dir='ltr'><strong>parentibus</strong></span> <span class='ocrx_word' id='word_1_85' title='bbox 1063 1493 1368 1584; x_wconf 80' lang='lat' dir='ltr'><strong>religioni</strong></span> <span class='ocrx_word' id='word_1_86' title='bbox 1397 1491 1782 1576; x_wconf 80' lang='lat' dir='ltr'><strong>offerantur,</strong></span> <span class='ocrx_word' id='word_1_87' title='bbox 1823 1495 2093 1584; x_wconf 75' lang='lat' dir='ltr'><strong>possunt</strong></span> <span class='ocrx_word' id='word_1_88' title='bbox 2128 1491 2209 1560; x_wconf 81' lang='lat' dir='ltr'><strong>ad</strong></span> <span class='ocrx_word' id='word_1_89' title='bbox 2239 1490 2555 1560; x_wconf 85' lang='lat' dir='ltr'><strong>habitum</strong></span> 
     </span>
     <span class='ocr_line' id='line_1_12' title="bbox 189 1605 2545 1691; baseline 0 -16"><span class='ocrx_word' id='word_1_90' title='bbox 189 1643 194 1648; x_wconf 94' lang='lat'><strong>·</strong></span> <span class='ocrx_word' id='word_1_91' title='bbox 270 1609 475 1690; x_wconf 83' lang='lat' dir='ltr'><strong>recipi</strong></span> <span class='ocrx_word' id='word_1_92' title='bbox 525 1614 589 1676; x_wconf 87' lang='lat' dir='ltr'><strong>et</strong></span> <span class='ocrx_word' id='word_1_93' title='bbox 641 1608 713 1676; x_wconf 89' lang='lat' dir='ltr'><strong>in</strong></span> <span class='ocrx_word' id='word_1_94' title='bbox 761 1609 1155 1679; x_wconf 77' lang='lat' dir='ltr'><strong>monasterio</strong></span> <span class='ocrx_word' id='word_1_95' title='bbox 1197 1609 1492 1680; x_wconf 87' lang='lat' dir='ltr'><strong>retineri.</strong></span> <span class='ocrx_word' id='word_1_96' title='bbox 1552 1606 1855 1682; x_wconf 77' lang='lat' dir='ltr'><strong>Dicimus</strong></span> <span class='ocrx_word' id='word_1_97' title='bbox 1898 1605 1987 1680; x_wconf 78' lang='lat' dir='ltr'><strong>ad</strong></span> <span class='ocrx_word' id='word_1_98' title='bbox 2006 1605 2347 1691; x_wconf 57' lang='lat' dir='ltr'><strong>habitum·</strong></span> <span class='ocrx_word' id='word_1_99' title='bbox 2379 1626 2545 1676; x_wconf 83' lang='lat' dir='ltr'><strong>nam</strong></span> 
     </span>
     <span class='ocr_line' id='line_1_13' title="bbox 271 1720 2553 1816; baseline 0 -25"><span class='ocrx_word' id='word_1_100' title='bbox 271 1721 364 1791; x_wconf 84' lang='lat' dir='ltr'><strong>ad</strong></span> <span class='ocrx_word' id='word_1_101' title='bbox 391 1721 801 1792; x_wconf 79' lang='lat' dir='ltr'><strong>novitiatum</strong></span> <span class='ocrx_word' id='word_1_102' title='bbox 851 1720 1110 1792; x_wconf 83' lang='lat' dir='ltr'><strong>admitti</strong></span> <span class='ocrx_word' id='word_1_103' title='bbox 1146 1743 1281 1794; x_wconf 89' lang='lat' dir='ltr'><strong>non</strong></span> <span class='ocrx_word' id='word_1_104' title='bbox 1319 1744 1503 1816; x_wconf 88' lang='lat' dir='ltr'><strong>posse</strong></span> <span class='ocrx_word' id='word_1_105' title='bbox 1532 1722 1659 1793; x_wconf 90' lang='lat' dir='ltr'><strong>nisi</strong></span> <span class='ocrx_word' id='word_1_106' title='bbox 1682 1723 1798 1814; x_wconf 89' lang='lat' dir='ltr'><strong>qui</strong></span> <span class='ocrx_word' id='word_1_107' title='bbox 1846 1743 2039 1794; x_wconf 87' lang='lat' dir='ltr'><strong>usum</strong></span> <span class='ocrx_word' id='word_1_108' title='bbox 2078 1722 2303 1791; x_wconf 80' lang='lat' dir='ltr'><strong>saltem</strong></span> <span class='ocrx_word' id='word_1_109' title='bbox 2346 1721 2553 1792; x_wconf 74' lang='lat' dir='ltr'><strong>retio—</strong></span> 
     </span>
     <span class='ocr_line' id='line_1_14' title="bbox 271 1835 2557 1929; baseline 0.001 -25"><span class='ocrx_word' id='word_1_110' title='bbox 271 1839 376 1906; x_wconf 85' lang='lat' dir='ltr'><strong>nis</strong></span> <span class='ocrx_word' id='word_1_111' title='bbox 402 1835 670 1919; x_wconf 78' lang='lat' dir='ltr'><strong>habent,</strong></span> <span class='ocrx_word' id='word_1_112' title='bbox 690 1839 832 1928; x_wconf 85' lang='lat' dir='ltr'><strong>jam</strong></span> <span class='ocrx_word' id='word_1_113' title='bbox 856 1836 1262 1908; x_wconf 88' lang='lat' dir='ltr'><strong>monuimus.</strong></span> <span class='ocrx_word' id='word_1_114' title='bbox 1295 1835 1390 1906; x_wconf 86' lang='lat' dir='ltr'><strong>De</strong></span> <span class='ocrx_word' id='word_1_115' title='bbox 1424 1838 1544 1906; x_wconf 90' lang='lat' dir='ltr'><strong>ista</strong></span> <span class='ocrx_word' id='word_1_116' title='bbox 1588 1843 1807 1910; x_wconf 85' lang='lat' dir='ltr'><strong>autem</strong></span> <span class='ocrx_word' id='word_1_117' title='bbox 1834 1857 2191 1929; x_wconf 86' lang='lat' dir='ltr'><strong>puerorum</strong></span> <span class='ocrx_word' id='word_1_118' title='bbox 2229 1835 2557 1906; x_wconf 83' lang='lat' dir='ltr'><strong>oblatione</strong></span> 
     </span>
     <span class='ocr_line' id='line_1_15' title="bbox 271 1950 2555 2044; baseline 0 -24"><span class='ocrx_word' id='word_1_119' title='bbox 271 1950 434 2042; x_wconf 86' lang='lat' dir='ltr'><strong>quid</strong></span> <span class='ocrx_word' id='word_1_120' title='bbox 455 1954 606 2043; x_wconf 87' lang='lat' dir='ltr'><strong>jure</strong></span> <span class='ocrx_word' id='word_1_121' title='bbox 627 1952 982 2024; x_wconf 82' lang='lat' dir='ltr'><strong>&#39;communi</strong></span> <span class='ocrx_word' id='word_1_122' title='bbox 1019 1958 1328 2023; x_wconf 86' lang='lat' dir='ltr'><strong>statutum</strong></span> <span class='ocrx_word' id='word_1_123' title='bbox 1355 1952 1593 2043; x_wconf 80' lang='lat' dir='ltr'><strong>suerit,</strong></span> <span class='ocrx_word' id='word_1_124' title='bbox 1634 1951 1923 2024; x_wconf 85' lang='lat' dir='ltr'><strong>diximus</strong></span> <span class='ocrx_word' id='word_1_125' title='bbox 1956 1973 2153 2044; x_wconf 88' lang='lat' dir='ltr'><strong>snpra</strong></span> <span class='ocrx_word' id='word_1_126' title='bbox 2200 1950 2433 2044; x_wconf 83' lang='lat' dir='ltr'><strong>(capite</strong></span> <span class='ocrx_word' id='word_1_127' title='bbox 2486 1951 2555 2038; x_wconf 88' lang='grc'><strong>1,</strong></span> 
     </span>
     <span class='ocr_line' id='line_1_16' title="bbox 275 2067 2107 2158; baseline 0.001 -23"><span class='ocrx_word' id='word_1_128' title='bbox 275 2067 318 2156; x_wconf 68' lang='grc' dir='ltr'>ξ</span> <span class='ocrx_word' id='word_1_129' title='bbox 341 2068 403 2156; x_wconf 88' lang='grc'><strong>1,</strong></span> <span class='ocrx_word' id='word_1_130' title='bbox 435 2089 507 2138; x_wconf 85' lang='lat' dir='ltr'><strong>n.</strong></span> <span class='ocrx_word' id='word_1_131' title='bbox 541 2067 676 2158; x_wconf 82' lang='lat'><strong>11).</strong></span> <span class='ocrx_word' id='word_1_132' title='bbox 2100 2153 2107 2158; x_wconf 76' lang='lat'><em>,</em></span> 
     </span>
    </p>

    <p class='ocr_par' dir='ltr' id='par_1_5' title="bbox 275 2179 2559 2592">
     <span class='ocr_line' id='line_1_17' title="bbox 363 2179 2551 2274; baseline 0.001 -26"><span class='ocrx_word' id='word_1_133' title='bbox 363 2181 432 2248; x_wconf 77' lang='lat'><strong>4⁰</strong></span> <span class='ocrx_word' id='word_1_134' title='bbox 477 2181 830 2252; x_wconf 84' lang='lat' dir='ltr'><strong>Conversos</strong></span> <span class='ocrx_word' id='word_1_135' title='bbox 883 2188 1100 2251; x_wconf 85' lang='lat' dir='ltr'><strong>autem</strong></span> <span class='ocrx_word' id='word_1_136' title='bbox 1171 2203 1304 2260; x_wconf 86' lang='lat' dir='ltr'><strong>non</strong></span> <span class='ocrx_word' id='word_1_137' title='bbox 1361 2205 1503 2255; x_wconf 84' lang='lat' dir='ltr'><strong>esse</strong></span> <span class='ocrx_word' id='word_1_138' title='bbox 1556 2184 1637 2254; x_wconf 80' lang='lat' dir='ltr'><strong>ad</strong></span> <span class='ocrx_word' id='word_1_139' title='bbox 1707 2184 2098 2254; x_wconf 80' lang='lat' dir='ltr'><strong>novitiatum</strong></span> <span class='ocrx_word' id='word_1_140' title='bbox 2138 2179 2551 2274; x_wconf 80' lang='lat' dir='ltr'><strong>recipiendos</strong></span> 
     </span>
     <span class='ocr_line' id='line_1_18' title="bbox 275 2295 2559 2391; baseline 0.002 -29"><span class='ocrx_word' id='word_1_141' title='bbox 275 2299 424 2362; x_wconf 89' lang='lat' dir='ltr'><strong>ante</strong></span> <span class='ocrx_word' id='word_1_142' title='bbox 445 2295 840 2386; x_wconf 78' lang='lat' dir='ltr'><strong>vigesimum</strong></span> <span class='ocrx_word' id='word_1_143' title='bbox 867 2297 1072 2366; x_wconf 68' lang='lat' dir='ltr'><strong>mistis</strong></span> <span class='ocrx_word' id='word_1_144' title='bbox 1105 2317 1352 2366; x_wconf 79' lang='lat' dir='ltr'><strong>annum</strong></span> <span class='ocrx_word' id='word_1_145' title='bbox 1399 2299 1715 2391; x_wconf 86' lang='lat' dir='ltr'><strong>disposuit</strong></span> <span class='ocrx_word' id='word_1_146' title='bbox 1760 2298 2061 2370; x_wconf 84' lang='lat' dir='ltr'><strong>Clemens</strong></span> <span class='ocrx_word' id='word_1_147' title='bbox 2091 2297 2267 2386; x_wconf 84' lang='lat' dir='ltr'><strong>vul,</strong></span> <span class='ocrx_word' id='word_1_148' title='bbox 2296 2297 2559 2368; x_wconf 86' lang='lat' dir='ltr'><strong>decreto</strong></span> 
     </span>
     <span class='ocr_line' id='line_1_19' title="bbox 282 2409 2559 2502; baseline 0.004 -26"><span class='ocrx_word' id='word_1_149' title='bbox 282 2410 450 2478; x_wconf 82' lang='lat' dir='ltr'><strong>Cum</strong></span> <span class='ocrx_word' id='word_1_150' title='bbox 475 2409 571 2478; x_wconf 86' lang='lat' dir='ltr'><strong>ad</strong></span> <span class='ocrx_word' id='word_1_151' title='bbox 591 2411 1000 2502; x_wconf 60' lang='lat' dir='ltr'><strong>reputarem.</strong></span> <span class='ocrx_word' id='word_1_152' title='bbox 1035 2409 1158 2482; x_wconf 89' lang='lat' dir='ltr'><strong>Sed</strong></span> <span class='ocrx_word' id='word_1_153' title='bbox 1195 2413 1443 2483; x_wconf 86' lang='lat' dir='ltr'><strong>alieubi</strong></span> <span class='ocrx_word' id='word_1_154' title='bbox 1470 2415 1849 2486; x_wconf 76' lang='lat' dir='ltr'><strong>adnotatum</strong></span> <span class='ocrx_word' id='word_1_155' title='bbox 1878 2413 2037 2502; x_wconf 73' lang='lat' dir='ltr'><strong>vidi,</strong></span> <span class='ocrx_word' id='word_1_156' title='bbox 2080 2413 2209 2484; x_wconf 83' lang='lat' dir='ltr'><strong>hoc</strong></span> <span class='ocrx_word' id='word_1_157' title='bbox 2234 2435 2371 2485; x_wconf 89' lang='lat' dir='ltr'><strong>non</strong></span> <span class='ocrx_word' id='word_1_158' title='bbox 2420 2435 2559 2486; x_wconf 84' lang='lat' dir='ltr'><strong>esse</strong></span> 
     </span>
     <span class='ocr_line' id='line_1_20' title="bbox 277 2545 521 2592; baseline -0.004 -1"><span class='ocrx_word' id='word_1_159' title='bbox 277 2546 346 2591; x_wconf 85' lang='lat' dir='ltr'><strong>m</strong></span> <span class='ocrx_word' id='word_1_160' title='bbox 377 2545 521 2592; x_wconf 86' lang='lat' dir='ltr'><strong>usu.</strong></span> 
     </span>
    </p>

    <p class='ocr_par' dir='ltr' id='par_1_6' title="bbox 271 2635 2563 3733">
     <span class='ocr_line' id='line_1_21' title="bbox 363 2635 2555 2750; baseline 0.005 -44"><span class='ocrx_word' id='word_1_161' title='bbox 363 2635 444 2707; x_wconf 91' lang='lat'><strong>11.</strong></span> <span class='ocrx_word' id='word_1_162' title='bbox 477 2639 574 2706; x_wconf 81' lang='lat' dir='ltr'><strong>De</strong></span> <span class='ocrx_word' id='word_1_163' title='bbox 599 2651 800 2708; x_wconf 84' lang='lat' dir='ltr'><strong>aetate</strong></span> <span class='ocrx_word' id='word_1_164' title='bbox 815 2641 1144 2750; x_wconf 78' lang='lat' dir='ltr'><strong>requisita</strong></span> <span class='ocrx_word' id='word_1_165' title='bbox 1163 2642 1863 2737; x_wconf 67' lang='lat' dir='ltr'><strong>adprofessionm—</strong></span> <span class='ocrx_word' id='word_1_166' title='bbox 1884 2645 2147 2718; x_wconf 68' lang='lat' dir='ltr'><strong>Certum</strong></span> <span class='ocrx_word' id='word_1_167' title='bbox 2162 2647 2555 2736; x_wconf 67' lang='lat' dir='ltr'><strong>ests-squiri,</strong></span> 
     </span>
     <span class='ocr_line' id='line_1_22' title="bbox 275 2755 2559 2850; baseline 0.004 -28"><span class='ocrx_word' id='word_1_168' title='bbox 275 2757 408 2822; x_wconf 78' lang='lat' dir='ltr'><strong>tem</strong></span> <span class='ocrx_word' id='word_1_169' title='bbox 447 2773 568 2844; x_wconf 85' lang='lat' dir='ltr'><strong>pro</strong></span> <span class='ocrx_word' id='word_1_170' title='bbox 605 2755 766 2829; x_wconf 72' lang='lat' dir='ltr'><strong>viris</strong></span> <span class='ocrx_word' id='word_1_171' title='bbox 790 2777 990 2848; x_wconf 85' lang='lat' dir='ltr'><strong>quam</strong></span> <span class='ocrx_word' id='word_1_172' title='bbox 1015 2779 1136 2850; x_wconf 87' lang='lat' dir='ltr'><strong>pro</strong></span> <span class='ocrx_word' id='word_1_173' title='bbox 1165 2759 1423 2830; x_wconf 75' lang='lat' dir='ltr'><strong>feminis</strong></span> <span class='ocrx_word' id='word_1_174' title='bbox 1448 2781 1701 2834; x_wconf 79' lang='lat' dir='ltr'><strong>annum</strong></span> <span class='ocrx_word' id='word_1_175' title='bbox 1738 2762 2071 2835; x_wconf 77' lang='lat' dir='ltr'><strong>decimum</strong></span> <span class='ocrx_word' id='word_1_176' title='bbox 2091 2768 2348 2832; x_wconf 85' lang='lat' dir='ltr'><strong>sextum</strong></span> <span class='ocrx_word' id='word_1_177' title='bbox 2378 2781 2559 2832; x_wconf 74' lang='lat' dir='ltr'><strong>coni·</strong></span> 
     </span>
     <span class='ocr_line' id='line_1_23' title="bbox 275 2867 2563 2968; baseline 0.006 -34"><span class='ocrx_word' id='word_1_178' title='bbox 275 2867 522 2958; x_wconf 88' lang='lat' dir='ltr'><strong>pletum</strong></span> <span class='ocrx_word' id='word_1_179' title='bbox 552 2891 570 2936; x_wconf 69' lang='grc' dir='ltr'><em>ε</em></span> <span class='ocrx_word' id='word_1_180' title='bbox 599 2877 667 2939; x_wconf 87' lang='lat' dir='ltr'><strong>et</strong></span> <span class='ocrx_word' id='word_1_181' title='bbox 687 2871 870 2961; x_wconf 88' lang='lat' dir='ltr'><strong>prius</strong></span> <span class='ocrx_word' id='word_1_182' title='bbox 907 2872 1073 2944; x_wconf 75' lang='lat' dir='ltr'><strong>facta</strong></span> <span class='ocrx_word' id='word_1_183' title='bbox 1101 2875 1414 2965; x_wconf 75' lang='lat' dir='ltr'><strong>professio</strong></span> <span class='ocrx_word' id='word_1_184' title='bbox 1442 2883 1539 2946; x_wconf 87' lang='lat' dir='ltr'><strong>est</strong></span> <span class='ocrx_word' id='word_1_185' title='bbox 1562 2877 1766 2947; x_wconf 82' lang='lat' dir='ltr'><strong>nulla.</strong></span> <span class='ocrx_word' id='word_1_186' title='bbox 1798 2877 1897 2947; x_wconf 71' lang='lat' dir='ltr'><strong>Ita</strong></span> <span class='ocrx_word' id='word_1_187' title='bbox 1920 2875 2251 2968; x_wconf 75' lang='lat' dir='ltr'><strong>siquidem</strong></span> <span class='ocrx_word' id='word_1_188' title='bbox 2270 2877 2563 2950; x_wconf 74' lang='lat' dir='ltr'><strong>decrerit</strong></span> 
     </span>
     <span class='ocr_line' id='line_1_24' title="bbox 277 2979 2551 3087; baseline 0.005 -35"><span class='ocrx_word' id='word_1_189' title='bbox 277 2979 662 3055; x_wconf 79' lang='lat' dir='ltr'><strong>Tridentina</strong></span> <span class='ocrx_word' id='word_1_190' title='bbox 685 2987 996 3075; x_wconf 72' lang='lat' dir='ltr'><strong>synodus,</strong></span> <span class='ocrx_word' id='word_1_191' title='bbox 1035 2991 1320 3062; x_wconf 85' lang='lat' dir='ltr'><strong>sessione</strong></span> <span class='ocrx_word' id='word_1_192' title='bbox 1365 2991 1482 3078; x_wconf 84' lang='lat'><strong>25,</strong></span> <span class='ocrx_word' id='word_1_193' title='bbox 1532 2991 1615 3062; x_wconf 79' lang='lat' dir='ltr'><strong>de</strong></span> <span class='ocrx_word' id='word_1_194' title='bbox 1666 2991 2131 3085; x_wconf 68' lang='lat' dir='ltr'><strong>Beyulan&#39;bus,</strong></span> <span class='ocrx_word' id='word_1_195' title='bbox 2186 2995 2395 3087; x_wconf 82' lang='lat' dir='ltr'><strong>capite</strong></span> <span class='ocrx_word' id='word_1_196' title='bbox 2438 2992 2551 3064; x_wconf 81' lang='lat'><strong>15.</strong></span> 
     </span>
     <span class='ocr_line' id='line_1_25' title="bbox 275 3095 2553 3202; baseline 0.006 -36"><span class='ocrx_word' id='word_1_197' title='bbox 275 3095 448 3170; x_wconf 84' lang='lat' dir='ltr'><strong>Ante</strong></span> <span class='ocrx_word' id='word_1_198' title='bbox 475 3096 925 3172; x_wconf 81' lang='lat' dir='ltr'><strong>Tridentinam</strong></span> <span class='ocrx_word' id='word_1_199' title='bbox 955 3105 1284 3193; x_wconf 72' lang='lat' dir='ltr'><strong>synodum</strong></span> <span class='ocrx_word' id='word_1_200' title='bbox 1302 3107 1664 3178; x_wconf 85' lang='lat' dir='ltr'><strong>sufficiebat</strong></span> <span class='ocrx_word' id='word_1_201' title='bbox 1682 3107 2067 3180; x_wconf 78' lang='lat' dir='ltr'><strong>advalidsm</strong></span> <span class='ocrx_word' id='word_1_202' title='bbox 2086 3109 2553 3202; x_wconf 75' lang='lat' dir='ltr'><strong>professionem</strong></span> 
     </span>
     <span class='ocr_line' id='line_1_26' title="bbox 276 3211 2539 3318; baseline 0.008 -39"><span class='ocrx_word' id='word_1_203' title='bbox 276 3211 632 3298; x_wconf 82' lang='lat' dir='ltr'><strong>pubertatis</strong></span> <span class='ocrx_word' id='word_1_204' title='bbox 689 3239 936 3302; x_wconf 77' lang='lat' dir='ltr'><strong>annus3</strong></span> <span class='ocrx_word' id='word_1_205' title='bbox 997 3221 1276 3312; x_wconf 83' lang='lat' dir='ltr'><strong>exceptis</strong></span> <span class='ocrx_word' id='word_1_206' title='bbox 1339 3229 1559 3294; x_wconf 87' lang='lat' dir='ltr'><strong>tamen</strong></span> <span class='ocrx_word' id='word_1_207' title='bbox 1615 3223 2047 3318; x_wconf 74' lang='lat' dir='ltr'><strong>asperioribus</strong></span> <span class='ocrx_word' id='word_1_208' title='bbox 2094 3225 2539 3316; x_wconf 77' lang='lat' dir='ltr'><strong>neligionibus,</strong></span> 
     </span>
     <span class='ocr_line' id='line_1_27' title="bbox 275 3328 2549 3431; baseline 0.009 -37"><span class='ocrx_word' id='word_1_209' title='bbox 275 3347 394 3414; x_wconf 87' lang='lat' dir='ltr'><strong>pro</strong></span> <span class='ocrx_word' id='word_1_210' title='bbox 415 3328 657 3416; x_wconf 82' lang='lat' dir='ltr'><strong>quibus</strong></span> <span class='ocrx_word' id='word_1_211' title='bbox 689 3336 1142 3424; x_wconf 76' lang='lat' dir='ltr'><strong>requirebatur</strong></span> <span class='ocrx_word' id='word_1_212' title='bbox 1153 3338 1364 3429; x_wconf 76' lang='lat' dir='ltr'><strong>plena</strong></span> <span class='ocrx_word' id='word_1_213' title='bbox 1411 3341 1743 3431; x_wconf 73' lang='lat' dir='ltr'><strong>pubertas,</strong></span> <span class='ocrx_word' id='word_1_214' title='bbox 1772 3342 1839 3412; x_wconf 88' lang='lat' dir='ltr'><strong>id</strong></span> <span class='ocrx_word' id='word_1_215' title='bbox 1866 3353 1985 3427; x_wconf 74' lang='lat' dir='ltr'><strong>est,</strong></span> <span class='ocrx_word' id='word_1_216' title='bbox 2014 3363 2231 3414; x_wconf 75' lang='lat' dir='ltr'><strong>sunus</strong></span> <span class='ocrx_word' id='word_1_217' title='bbox 2252 3342 2549 3414; x_wconf 82' lang='lat' dir='ltr'><strong>decimus</strong></span> 
     </span>
     <span class='ocr_line' id='line_1_28' title="bbox 271 3435 1405 3538; baseline 0.006 -29"><span class='ocrx_word' id='word_1_218' title='bbox 271 3445 561 3513; x_wconf 78' lang='lat' dir='ltr'><strong>octavus.</strong></span> <span class='ocrx_word' id='word_1_219' title='bbox 1069 3435 1113 3538; x_wconf 48' lang='grc' dir='ltr'><strong>Ἃ,</strong></span> <span class='ocrx_word' id='word_1_220' title='bbox 1399 3507 1405 3516; x_wconf 95' lang='grc'><em>.</em></span> 
     </span>
     <span class='ocr_line' id='line_1_29' title="bbox 328 3555 2557 3733; baseline 0.011 -36"><span class='ocrx_word' id='word_1_221' title='bbox 328 3647 396 3710; x_wconf 86' lang='grc' dir='ltr'><strong>(ι)</strong></span> <span class='ocrx_word' id='word_1_222' title='bbox 429 3645 486 3699; x_wconf 84' lang='lat' dir='ltr'><strong>ld</strong></span> <span class='ocrx_word' id='word_1_223' title='bbox 504 3651 677 3702; x_wconf 84' lang='lat' dir='ltr'><strong>tamen</strong></span> <span class='ocrx_word' id='word_1_224' title='bbox 707 3555 1232 3720; x_wconf 47' lang='lat' dir='ltr'><strong>llmltandumbt‘ioad</strong></span> <span class='ocrx_word' id='word_1_225' title='bbox 1263 3659 1510 3712; x_wconf 83' lang='lat' dir='ltr'><strong>moniales</strong></span> <span class='ocrx_word' id='word_1_226' title='bbox 1537 3662 1601 3713; x_wconf 87' lang='lat' dir='ltr'><strong>ob</strong></span> <span class='ocrx_word' id='word_1_227' title='bbox 1621 3659 1880 3714; x_wconf 85' lang='lat' dir='ltr'><strong>decretum</strong></span> <span class='ocrx_word' id='word_1_228' title='bbox 1898 3663 2152 3728; x_wconf 76' lang='lat' dir='ltr'><strong>quoddam</strong></span> <span class='ocrx_word' id='word_1_229' title='bbox 2179 3664 2231 3714; x_wconf 84' lang='lat' dir='ltr'><strong>S.</strong></span> <span class='ocrx_word' id='word_1_230' title='bbox 2262 3665 2557 3733; x_wconf 65' lang='lat' dir='ltr'><strong>congrega-</strong></span> 
     </span>
    </p>
   </div>
   <div class='ocr_carea' id='block_1_3' title="bbox 271 3737 2555 3902">
    <p class='ocr_par' dir='ltr' id='par_1_7' title="bbox 271 3737 2555 3902">
     <span class='ocr_line' id='line_1_30' title="bbox 271 3737 2555 3813; baseline 0.009 -27"><span class='ocrx_word' id='word_1_231' title='bbox 271 3737 423 3786; x_wconf 76' lang='lat' dir='ltr'><strong>tionis</strong></span> <span class='ocrx_word' id='word_1_232' title='bbox 459 3737 815 3804; x_wconf 83' lang='lat' dir='ltr'><strong>Eplscoporum</strong></span> <span class='ocrx_word' id='word_1_233' title='bbox 844 3747 896 3792; x_wconf 87' lang='lat' dir='ltr'><strong>et</strong></span> <span class='ocrx_word' id='word_1_234' title='bbox 937 3743 1262 3808; x_wconf 71' lang='lat' dir='ltr'><strong>regularium,</strong></span> <span class='ocrx_word' id='word_1_235' title='bbox 1295 3751 1348 3799; x_wconf 90' lang='lat' dir='ltr'><strong>et</strong></span> <span class='ocrx_word' id='word_1_236' title='bbox 1376 3750 1565 3813; x_wconf 74' lang='lat' dir='ltr'><strong>requiri</strong></span> <span class='ocrx_word' id='word_1_237' title='bbox 1601 3751 1650 3801; x_wconf 84' lang='lat' dir='ltr'><strong>vl</strong></span> <span class='ocrx_word' id='word_1_238' title='bbox 1686 3749 1841 3812; x_wconf 79' lang='lat' dir='ltr'><strong>hujus</strong></span> <span class='ocrx_word' id='word_1_239' title='bbox 1871 3749 2060 3803; x_wconf 83' lang='lat' dir='ltr'><strong>decretl</strong></span> <span class='ocrx_word' id='word_1_240' title='bbox 2080 3745 2271 3803; x_wconf 82' lang='lat' dir='ltr'><strong>annum</strong></span> <span class='ocrx_word' id='word_1_241' title='bbox 2294 3755 2555 3806; x_wconf 77' lang='lat' dir='ltr'><strong>decimum</strong></span> 
     </span>
     <span class='ocr_line' id='line_1_31' title="bbox 275 3827 2293 3902; baseline 0.01 -28"><span class='ocrx_word' id='word_1_242' title='bbox 275 3827 514 3888; x_wconf 80' lang='lat' dir='ltr'><strong>quintum</strong></span> <span class='ocrx_word' id='word_1_243' title='bbox 543 3831 600 3879; x_wconf 89' lang='lat' dir='ltr'><strong>ut</strong></span> <span class='ocrx_word' id='word_1_244' title='bbox 617 3827 798 3892; x_wconf 75' lang='lat' dir='ltr'><strong>puellas</strong></span> <span class='ocrx_word' id='word_1_245' title='bbox 821 3829 1024 3884; x_wconf 77' lang='lat' dir='ltr'><strong>valeant</strong></span> <span class='ocrx_word' id='word_1_246' title='bbox 1045 3833 1111 3885; x_wconf 85' lang='lat' dir='ltr'><strong>sd</strong></span> <span class='ocrx_word' id='word_1_247' title='bbox 1137 3833 1370 3890; x_wconf 68' lang='lat' dir='ltr'><strong>hobitum</strong></span> <span class='ocrx_word' id='word_1_248' title='bbox 1395 3839 1569 3901; x_wconf 79' lang='lat' dir='ltr'><strong>reclpl,</strong></span> <span class='ocrx_word' id='word_1_249' title='bbox 1598 3837 1795 3892; x_wconf 76' lang='lat' dir='ltr'><strong>dicetur</strong></span> <span class='ocrx_word' id='word_1_250' title='bbox 1822 3838 1973 3902; x_wconf 72' lang='lat' dir='ltr'><strong>lutra,</strong></span> <span class='ocrx_word' id='word_1_251' title='bbox 1992 3843 2215 3894; x_wconf 69' lang='lat' dir='ltr'><strong>sectione</strong></span> <span class='ocrx_word' id='word_1_252' title='bbox 2245 3845 2293 3894; x_wconf 80' lang='grc'><strong>3.</strong></span> 
     </span>
    </p>
   </div>
   <div class='ocr_carea' id='block_1_4' title="bbox 2825 3341 2834 4144">
    <p class='ocr_par' dir='ltr' id='par_1_8' title="bbox 2825 3341 2834 4144">
     <span class='ocr_line' id='line_1_32' title="bbox 2825 3341 2834 4144; baseline 0 0"><span class='ocrx_word' id='word_1_253' title='bbox 2825 3341 2834 4144; x_wconf 95' lang='lat' dir='ltr'><strong> </strong></span> 
     </span>
    </p>
   </div>
  </div>
 </body>
</html>
