2834 4959
1128 354 1283 401 PARS
1322 354 1586 411 QUARTA.
2349 344 2386 399 6
2397 342 2475 399 4Ἷ

211 490 365 551 tom.
394 476 686 569 Xl‚pag.
723 476 839 560 51,
864 474 1021 545 edit.
1062 472 1559 565 Romae1741):
1611 498 1646 540 α
1683 473 1825 543 Hac
1863 478 2078 543 antem
2127 475 2196 541 in
2221 495 2292 543 re
2313 496 2480 565 pon-

218 621 253 665 «
288 594 653 665 derandum
716 591 1005 661 occurrit
1052 590 1269 680 plnres
1336 589 1594 658 institui
1639 589 2022 679 quaestiones
2068 588 2148 657 de
2193 592 2478 679 regulari

220 736 255 777 α
280 710 671 803 professione
709 726 859 797 quae
884 704 995 773 liat
1022 705 1091 774 in
1122 704 1436 792 religione
1471 725 1512 771 a
1537 724 1798 773 summo
1831 702 2146 772 Pontifice
2173 723 2308 772 non
2361 724 2480 793 ap-

195 853 255 893 .«
282 826 593 918 probatas
630 822 860 917 pn’mo
910 820 1229 889 nimirum
1273 840 1359 888 an
1386 820 1610 889 eadem
1634 826 1804 904 vota,
1845 820 1901 888 si
1949 841 2083 889 non
2131 826 2205 889 ut
2249 820 2484 890 solem-

220 968 259 1009 «
292 943 423 1026 nia,
474 940 701 1009 saltem
729 938 829 1007 uti
858 935 1178 1027 simplicia
1218 933 1480 1005 manere
1529 936 1805 1005 debeant
1841 941 1980 1005 rata
2017 957 2094 1005 ac
2137 936 2356 1022 firma,
2392 938 2507 1007 ita·

218 1084 255 1125 α
283 1058 495 1147 utqui
538 1076 613 1125 ea
651 1052 1055 1143 nuncupavit
1076 1050 1424 1119 obstrictus
1449 1051 1532 1119 sit
1568 1073 1644 1119 ea
1691 1073 1944 1121 servare
1987 1053 2060 1120 in
2087 1049 2346 1133 saeculo,
2378 1054 2482 1123 vel

216 1195 253 1236 ι
284 1172 545 1241 alterius
598 1168 933 1257 religionis
998 1166 1081 1235 ab
1120 1165 1401 1235 Ecclesia
1439 1166 1804 1259 approbatae
1843 1172 2077 1235 statum
2128 1166 2476 1256 amplecti3

218 1312 255 1355 α
280 1285 583 1371 secunde,
639 1306 803 1353 num
853 1290 1002 1352 vota
1052 1282 1373 1371 ejusmodi
1429 1284 1516 1351 ita
1572 1281 1972 1351 individuam
2025 1304 2100 1351 ac
2134 1280 2480 1351 limitatam

222 1430 259 1470 α
282 1403 737 1490 obligationem
790 1400 1165 1469 contineant
1214 1396 1638 1488 permanendi
1689 1398 1759 1466 in
1805 1397 2144 1487 religione,
2221 1397 2293 1465 in
2349 1416 2482 1486 qua

219 1544 256 1585 α
278 1540 514 1587 vovens
553 1516 1013 1609 professionem
1059 1510 1299 1594 emisit,
1346 1518 1422 1581 ut
1447 1514 1502 1581 si
1540 1513 1622 1581 ab
1651 1512 1764 1581 illa
1809 1519 2066 1582 coactus
2115 1515 2197 1581 sit
2231 1509 2478 1601 egredi,

218 1659 255 1700 ι
288 1655 499 1723 neque
534 1632 615 1705 ad
666 1632 864 1701 aliam
916 1627 1301 1718 religionem
1371 1629 1680 1718 migrare,
1740 1650 1952 1719 neque
2001 1628 2072 1697 in
2117 1627 2354 1697 saeculo
2399 1629 2481 1697 ad

215 1776 251 1815 (ι
280 1749 495 1818 ullum
551 1747 878 1827 castitatis,
952 1744 1343 1835 paupertatis
1412 1748 1478 1811 et
1529 1742 1914 1812 obedientiae
1962 1750 2184 1812 votum
2254 1750 2478 1813 tenea-

220 1888 257 1928 «
282 1872 435 1951 tut-3
466 1867 530 1929 et
574 1861 770 1929 tertio
808 1860 1105 1946 demum,
1138 1879 1224 1927 an
1266 1858 1486 1926 ullum
1531 1857 1882 1927 discrimen
1937 1855 2348 1925 statuendum
2401 1856 2484 1925 sit

108 1958 119 1967 ’
222 2002 259 2043 ιι
282 1978 455 2045 inter
477 1997 629 2044 eum
655 1976 775 2067 qui
802 1975 1263 2065 professionem
1314 1974 1532 2043 emisit
1575 1972 1782 2043 sciens
1823 1972 2206 2062 religionem
2238 1970 2480 2062 proha·-

221 2119 257 2159 α
289 2100 421 2159 tam
474 2112 607 2160 non
662 2112 819 2173 esse,
874 2097 939 2160 et
997 2092 1271 2160 alterum
1327 2092 1444 2181 qui
1496 2090 1565 2158 id
1630 2090 2041 2179 ignoraverit.
2129 2087 2226 2156 De
2301 2088 2479 2157 hisee

218 2235 254 2274 a
284 2208 749 2299 quaestionibus
784 2214 987 2300 agunt
1036 2208 1349 2292 doctores,
1380 2228 1668 2297 quorum
1719 2206 1971 2296 aliquos
2022 2202 2280 2293 collegit
2323 2204 2478 2273 Pas-

214 2349 249 2387 «
278 2325 535 2393 sel-inus
560 2322 661 2415 (de
698 2328 883 2395 Stat.
928 2326 1141 2407 hom,
1170 2330 1331 2394 tom.
1368 2323 1436 2411 3,
1467 2330 1695 2415 quaest.
1750 2322 1901 2410 189,
1929 2328 2048 2389 art.
2085 2320 2194 2405 10,
2233 2342 2300 2388 n.
2345 2319 2478 2389 505

216 2464 253 2505 α
280 2446 341 2507 et
366 2438 527 2530 seq.)
562 2466 581 2527 ;
630 2439 853 2529 ibique
874 2446 1093 2508 tuetur
1134 2439 1518 2533 praesertim,
1543 2440 1666 2509 sub
1705 2459 1983 2508 numero
2011 2436 2170 2519 533,
2201 2437 2401 2527 quod,
2423 2436 2478 2504 si

215 2580 251 2620 «
287 2576 525 2623 vovens
572 2552 759 2623 scivit
806 2552 1189 2641 religionem
1246 2576 1382 2623 non
1430 2576 1566 2625 esse
1609 2556 2054 2647 approbatam,
2124 2554 2480 2625 censendus

213 2694 249 2735 ι(
287 2670 371 2739 sit
393 2690 529 2739 sese
568 2674 715 2737 voto
764 2666 1046 2757 simplici
1082 2667 1498 2735 obstrinxisse
1551 2670 1632 2735 ad
1676 2668 1971 2757 regulare
2022 2668 2187 2736 illud
2211 2670 2482 2737 institu—

212 2810 250 2849 ι(
284 2794 423 2854 turn
464 2782 855 2853 servandum
888 2804 907 2851 t
957 2782 1015 2851 si
1055 2802 1209 2851 vero
1256 2780 1674 2870 ignoraverit,
1739 2803 1952 2871 neque
2019 2781 2327 2870 professio
2367 2804 2482 2853 va-

213 2922 251 2961 «
280 2896 412 2966 lida
452 2898 537 2966 sit
572 2918 647 2966 ex
694 2896 947 2965 defectu
1000 2896 1347 2989 potestatis,
1392 2918 1606 2985 neque
1655 2898 1784 2964 voti
1827 2897 1948 2963 sim
1959 2895 2142 2986 plicis
2179 2896 2481 2967 effectum

212 3038 251 3077 α
280 3012 609 3102 sortiatur,
642 3034 719 3081 ex
756 3013 1009 3085 defectu
1040 3014 1387 3084 voluntatis
1429 3014 1496 3082 in
1523 3032 1602 3081 eo
1635 3014 1754 3103 qui
1799 3011 2262 3102 professionem
2313 3013 2479 3083 emi-

206 3154 249 3195 α
272 3129 377 3199 sit.
410 3154 447 3196 >³
2289 3130 2298 3137 ’

298 3243 431 3313 Nos
460 3245 529 3314 in
558 3245 761 3335 posita
792 3246 1211 3316 conclusione
1250 3268 1383 3316 non
1412 3243 2024 3335 comprehendimus
2057 3265 2279 3313 casum
2331 3243 2480 3337 (cae-

207 3362 511 3450 teroquin
548 3360 679 3430 fere
722 3362 1181 3453 chimericum)
1225 3385 1357 3453 quo
1388 3365 1536 3452 quis
1557 3360 1963 3454 profiteretur
2017 3362 2087 3430 in
2133 3361 2476 3452 religione,

202 3497 407 3565 quam
428 3476 618 3545 sciret
658 3498 791 3546 non
818 3500 957 3547 esse
994 3478 1412 3572 approbatam
1453 3500 1568 3547 seu
1593 3478 1988 3567 legitimam;
2031 3479 2190 3567 quia
2236 3478 2483 3568 profes-

202 3594 305 3663 sio
331 3592 497 3668 haec.
522 3598 741 3682 utpote
763 3593 956 3684 ficta,
983 3595 1287 3663 reincidit
1318 3595 1385 3663 in
1416 3596 1840 3685 quaestionem
1871 3615 2070 3685 supra
2091 3594 2475 3663 discussam.

198 3708 355 3789 Quo
383 3714 756 3795 praenotato,
798 3709 1283 3779 conclusionem
1339 3731 1558 3778 veram
1614 3707 1872 3801 probari
1911 3711 2354 3779 existimamus
2409 3732 2486 3779 ex

203 3821 397 3891 bulla
419 3826 761 3891 Romanus
786 3825 1103 3914 Pontifex
1121 3823 1371 3895 Urbani
1396 3823 1572 3911 vul,
1605 3825 1694 3895 20
1726 3826 1884 3894 maii
1919 3824 2116 3910 1626,
2142 3827 2210 3894 in
2238 3847 2369 3916 qua
2393 3825 2487 3895 sic

202 3922 489 4007 habetur
520 3962 539 4005 ε
582 3964 619 4005 α
642 3938 808 4007 Cum
846 3941 1087 4030 itaque,
1122 3942 1289 4011 sicut
1324 3942 1514 4011 nobis
1566 3942 1876 4021 innotuit,
1902 3944 1975 4011 in
2001 3962 2202 4030 regno
2260 3940 2486 4012 Galliae

216 4081 253 4121 α
286 4053 371 4123 ab
392 4052 639 4144 aliquot
662 4056 876 4139 annis,
906 4057 1091 4127 nulla
1124 4057 1291 4127 sedis
1308 4057 1696 4150 Apostolicae
1735 4058 2136 4139 auctoritate,
2176 4059 2337 4149 quin
2365 4081 2485 4151 po·

214 4194 253 4235 α
286 4171 417 4239 tius
458 4170 815 4242 damnabili
882 4177 1265 4259 temeritate,
1318 4178 1684 4248 introducta
1733 4180 1927 4251 fuerit
1971 4182 2272 4271 quoedam
2333 4204 2488 4253 con-

216 4315 253 4355 «
280 4290 596 4378 gregatio,
626 4288 751 4359 sub
807 4290 995 4361 titulo
1036 4294 1277 4362 Sancti
1314 4296 1520 4365 Pauli
1557 4296 1776 4387 primi
1817 4297 2134 4382 eremitoe,
2165 4299 2237 4366 in
2285 4320 2486 4390 eaque

217 4432 253 4471 a
283 4406 621 4497 perplures
650 4416 959 4501 tanquam
1006 4412 1075 4480 in
1102 4412 1417 4503 religione
1446 4416 1793 4507 approbata
1828 4416 1954 4485 tria
1995 4426 2142 4487 vota
2191 4418 2488 4491 substan·
