2834 4959
1043 399 1196 448 uns
1242 399 1507 460 eumn.
2282 393 2363 451 83
2372 395 2401 452 1

215 524 668 600 Nihilominus
693 523 870 592 dicta
916 521 1232 612 generalis
1282 520 1509 612 regula
1564 521 1890 614 triplicem
1918 521 2199 592 admittit
2216 543 2409 596 exce-

132 647 445 738 ptionem.
476 641 718 710 Prima
755 636 1056 730 exceptio
1095 643 1213 722 est,
1261 637 1318 708 si
1363 637 1529 706 alter
1556 640 1793 730 conjux
1814 641 2196 711 consentiat.
2224 638 2413 714 Tunc

129 763 352 828 autem
403 769 822 844 nequaquam
891 749 1265 818 dissolvitur
1313 748 1797 820 matrimoniale
1862 751 2231 836 vinculum,
2290 771 2413 823 nec

131 875 339 964 potest
401 863 672 958 proinde
723 864 888 934 alter
941 864 1183 953 conjnx
1223 862 1306 932 ad
1347 881 1546 933 novas
1585 866 1847 956 nuptias
1872 865 2237 937 convolare.
2260 864 2417 938 ‚Imo

51 995 60 1006 ‘
125 989 284 1077 jure
324 981 640 1052 canonico
687 983 1001 1050 statutum
1029 983 1126 1048 est
1161 983 1264 1059 ut,
1311 979 1370 1048 si
1391 980 1655 1069 iuvenis
1702 981 1812 1071 sit,
1841 981 1943 1052 vel
1968 987 2303 1074 suspectus
2331 982 2413 1054 de

131 1100 638 1186 incontinentia,
665 1097 898 1168 debeat
925 1103 990 1166 et
1007 1099 1143 1188 ipse
1161 1095 1549 1185 religionem
1574 1098 1869 1191 ingred13
1897 1103 2003 1170 sin
2032 1121 2405 1176 veronam

130 1226 194 1290 et
229 1223 406 1286 extra
435 1215 674 1286 dictam
707 1212 1174 1306 suspicionem,
1234 1217 1441 1302 potest
1484 1212 1557 1282 in
1602 1213 1841 1285 saeculo
1892 1237 2227 1288 remanere
2255 1237 2413 1290 cum

131 1331 426 1424 simplici
481 1329 894 1402 continentiae
943 1333 1092 1397 voto
1145 1325 1487 1418 (indicatos
1544 1329 1718 1418 iuris
1766 1334 1975 1400 textus
2042 1329 2189 1401 vide
2236 1329 2411 1422 apud

134 1443 748 1536 Schmalzgrueber,
777 1447 850 1513 in
889 1444 1156 1514 titulum
1184 1440 1266 1513 de
1287 1444 2022 1539 conversioneconjuq„
2050 1467 2119 1516 n.
2148 1447 2281 1540 19).
2307 1447 2417 1518 Ad

135 1563 562 1654 quaestionem
590 1583 642 1628 -a
660 1559 824 1652 quid
871 1564 1106 1651 praeter
1131 1579 1523 1630 consensum
1572 1562 1869 1652 conjugis
1908 1559 2301 1652 requiratur,
2323 1569 2413 1631 xut

151 1704 186 1745 α
208 1680 444 1770 conjux
477 1676 644 1746 alter
693 1681 839 1768 post
879 1673 1378 1744 matrimonium
1428 1685 1957 1746 consummatum
2008 1679 2185 1748 licite
2210 1679 2409 1768 possit

151 1818 186 1858 a
208 1794 600 1882 religionem
633 1791 886 1882 ingredi
914 1814 950 1858 »
965 1841 985 1879 ,
1013 1791 1112 1860 sic
1152 1790 1497 1884 respondet
1521 1790 2095 1882 Schmalzgrueber
2120 1791 2417 1883 (ibidem,

139 1930 213 1977 n.
245 1905 360 1996 32)
395 1929 415 1974 t
461 1930 498 1971 a
520 1905 672 1974 Duo
687 1911 992 1996 praeterea
1015 1907 1451 1998 requiruntur
1482 1928 1499 1974 ε
1526 1906 1855 1998 primum,
1878 1907 2057 1996 quod
2076 1906 2275 1976 hodie
2290 1905 2414 1976 ob-

151 2048 189 2089 a
217 2027 514 2092 servatur
555 2021 626 2090 in
657 2023 863 2111 praxi,
893 2027 986 2092 est
1005 2027 1078 2092 ut
1105 2021 1366 2092 accedat
1412 2041 1761 2094 consensus
1800 2020 2123 2112 Episcopi.
2172 2021 2423 2104 Secura-

149 2159 186 2202 «
211 2135 375 2204 dum
403 2140 500 2221 ut,
530 2135 1084 2226 quemadmodum
1100 2136 1352 2206 dictum
1379 2143 1499 2224 est,
1522 2139 1669 2228 conj
1677 2159 1761 2206 ux
1782 2137 2071 2217 relictus,
2098 2137 2153 2207 si
2166 2135 2431 2227 juvenis

151 2277 187 2318 a
207 2252 315 2336 sit,
341 2249 446 2318 vel
475 2254 814 2341 suspectus
839 2239 920 2321 de
959 2250 1457 2340 incontinentia,
1494 2251 1691 2322 etiam
1716 2251 1853 2344 ipse
1890 2251 2292 2342 ingrediatur
2312 2272 2425 2323 re-

152 2390 190 2432 ι(
211 2365 571 2456 ligionemt
639 2363 878 2434 sivero
923 2386 1117 2435 senex
1145 2371 1210 2433 et
1243 2385 1380 2436 non
1429 2372 1763 2458 suspectus
1800 2367 1881 2438 de
1923 2366 2413 2450 incontinentia,

153 2506 190 2548 a
212 2481 436 2552 saltem
465 2485 698 2549 votum
740 2480 1150 2552 continentioe
1175 2480 1427 2551 emittat
1472 2483 1545 2551 in
1590 2484 1849 2556 saeculo.
1880 2505 1915 2548 n
1966 2481 2035 2554 Si
2068 2483 2234 2554 forte
2253 2503 2417 2556 con-

139 2597 420 2685 tingeret
443 2615 482 2662 a
505 2593 852 2686 conjugato
884 2596 988 2664 vel
1027 2599 1372 2687 conjugata
1407 2595 1623 2666 emitti
1660 2598 2115 2686 professionem
2156 2598 2415 2690 religio-

139 2733 314 2792 sam,
343 2711 560 2782 nescia
577 2711 678 2781 vel
703 2711 904 2780 invita
929 2716 1110 2803 parte
1127 2712 1350 2800 altera,
1374 2730 1509 2780 non
1550 2710 1783 2780 valeret
1801 2713 2109 2802 professio
2136 2718 2209 2781 ut
2232 2715 2409 2796 talis3

140 2827 256 2898 sed
285 2826 520 2896 valeret
533 2817 614 2896 ut
655 2831 882 2896 votum
905 2826 1178 2917 simplex
1203 2824 1639 2896 continentias.
1666 2825 1765 2896 Ac
1802 2826 2073 2916 proinde
2092 2847 2239 2914 pars
2280 2847 2427 2915 quae

141 2943 209 3011 id
237 2941 511 3021 fecisset,
543 2940 842 3012 debitum
871 2962 1004 3011 non
1033 2949 1245 3034 posset
1283 2949 1525 3034 petere,
1558 2940 1859 3034 quamvis
1884 2940 2150 3010 reddere
2179 2947 2427 3010 tenere-

141 3065 276 3128 tur.
309 3055 605 3128 Dubium
632 3064 854 3128 antem
882 3078 1014 3126 non
1043 3065 1164 3147 est,
1191 3058 1354 3149 quin
1383 3059 1643 3130 deberet
1682 3081 1721 3128 e
1741 3063 2067 3130 conventu
2092 3057 2339 3147 egredi,
2362 3062 2426 3126 et

141 3173 224 3244 ad
291 3177 642 3266 conjugem
722 3181 1130 3244 revocantem
1215 3175 1449 3244 reverti
1519 3173 1692 3266 (vide
1739 3174 1880 3246 haec
1936 3174 2203 3265 probata
2252 3171 2427 3264 apud

141 3287 754 3382 Schmalzgrueber,
784 3289 924 3360 loeo
954 3290 1174 3378 citato,
1206 3310 1274 3358 n.
1309 3289 1398 3357 24
1422 3289 1623 3382 0125)
1650 3289 1769 3381 (1).
1796 3286 2099 3358 Secunda
2131 3286 2424 3381 exceptio

141 3410 240 3476 est
269 3407 324 3474 si
347 3405 508 3476 alter
541 3405 904 3496 conjugum
932 3404 1324 3474 adulterium
1365 3406 1731 3495 patraverit.
1773 3403 1961 3472 Tunc
1984 3405 2233 3476 scilicet
2279 3427 2425 3497 pars

143 3519 456 3592 innocens
487 3525 726 3613 potest,¹
757 3521 962 3590 invita
1003 3520 1200 3589 etiam
1227 3520 1449 3604 altera,
1480 3517 1861 3610 religionem
1907 3519 2191 3608 ingredi,
2232 3525 2423 3609 atque

142 3637 216 3706 in
233 3659 310 3708 ea
329 3637 541 3708 valide
569 3639 880 3730 profiteri.
913 3636 1224 3707 Remanet
1264 3641 1485 3704 tamen
1535 3636 2015 3706 matrimoniale
2049 3637 2415 3722 vinculum,

139 3753 230 3822 ita
256 3760 334 3821 ut
360 3759 634 3845 nequeat
661 3773 808 3846 pars
837 3753 1126 3822 adultera
1151 3753 1234 3822 ad
1273 3771 1471 3821 novas
1512 3751 1769 3844 nuptias
1788 3753 2147 3823 convolare.
2192 3749 2421 3822 Tertia

137 3869 452 3964 exceptio
475 3877 590 3952 est,
625 3870 680 3940 si
703 3869 868 3939 alter
893 3871 1256 3959 conjugum
1284 3868 1356 3936 in
1385 3869 1687 3938 haeresim
1730 3868 1833 3937 vel
1870 3867 2253 3959 apostasiam
2286 3866 2423 3955 lap-

143 4009 257 4058 sus
275 3987 388 4071 sit,
417 3991 481 4056 et
523 3986 814 4058 monitus
855 3985 922 4055 in
958 4005 1178 4053 errore
1217 4004 1334 4052 suo
1381 3982 1791 4074 pertinaciter
1820 3986 2199 4074 perseveret.
2235 3979 2423 4050 Tunc

141 4103 344 4174 etiam
393 4102 655 4173 licitum
683 4115 782 4173 est
821 4097 1092 4191 conjugi
1139 4098 1467 4170 innocenti
1510 4097 1893 4188 religionem
1936 4096 2219 4187 ingredi3
2250 4099 2413 4188 quin

143 4227 366 4290 temen
390 4219 590 4312 possit
607 4219 770 4288 alter
801 4237 1044 4287 novum
1085 4214 1585 4284 matrimonium
1610 4211 1817 4282 valide
1838 4213 2236 4284 contrahere.

212 4479 282 4543 (1)
314 4477 512 4532 Ibidem
534 4479 757 4544 reperies
787 4475 958 4543 plures
975 4472 1106 4530 anos
1133 4481 1280 4524 casus
1309 4468 1398 4532 qut
1428 4469 1589 4520 solent
1612 4481 1645 4522 a
1667 4469 1937 4524 moralistls
1962 4469 2193 4535 expendi.
