2834 4959
1057 380 1205 427 PARS
1253 380 1513 439 QUARTA.
2283 375 2318 430 6
2329 375 2360 431 3
2373 376 2406 430 7

131 506 439 575 monium
484 498 885 571 contrahere.
936 497 1029 567 Ex
1077 522 1209 589 quo
1255 508 1428 591 patet
1471 500 1706 569 falsitas
1729 500 2084 588 sententiaa,
2105 524 2270 591 -quae
2317 506 2408 575 eis

126 624 416 693 liberum
449 618 603 687 facit
619 615 707 683 'ad
738 613 1047 683 saeculum
1077 616 1291 685 redire
1313 624 1377 684 et
1398 615 1666 683 nubere.

221 738 291 805 5⁰
334 761 367 799 ιι
413 730 594 803 Sacri
648 748 927 799 canones
976 734 1329 818 potuerunt
1389 730 1656 797 nulliter
1705 729 2068 820 professum
2122 730 2409 819 obligare

121 861 175 919 'tt
204 852 403 921 etiam
451 848 521 916 in
562 846 704 915 foro
751 844 1161 913 eonscientiae
1209 846 1289 914 ad
1340 845 1834 935 ingrediendam
1871 846 2156 937 aliquam
2197 869 2273 915 ex
2309 869 2410 917 re·

140 994 175 1035 α
204 963 563 1055 ligionibus
637 961 1028 1051 approbatiS,
1076 966 1267 1050 atque
1332 962 1400 1028 in
1457 982 1532 1029 ea
1599 968 1918 1053 perpetuo
1997 984 2404 1053 perseveran-

138 1109 173 1148 «
202 1082 390 1167 dum,
425 1099 571 1169 quae
616 1077 859 1145 dicitur
884 1076 1210 1166 obliqatio
1258 1075 1351 1144 ad
1379 1076 1765 1167 reliq-eonem
1789 1077 1864 1143 in
1890 1098 2122 1166 qenere
2163 1077 2396 1170 (capite

141 1225 175 1265 «
230 1204 381 1271 Non
403 1198 643 1282 solum,
677 1202 739 1261 et
762 1196 968 1285 capite
1000 1194 1586 1281 Constitutionem,
1619 1195 1698 1263 de
1723 1194 2167 1287 reqularibus,
2200 1198 2270 1265 in
2300 1196 2397 1287 6).

142 1341 177 1380 «
212 1314 387 1405 Ergo
434 1316 783 1404 potuerunt
826 1310 1027 1397 etiam
1050 1310 1120 1377 in
1169 1309 1305 1381 foro
1349 1314 1756 1381 conscientiae
1795 1312 2080 1401 obligare
2132 1311 2400 1383 nulliter

144 1458 175 1496 <t
216 1430 579 1520 professum
614 1427 694 1495 ad
726 1424 1265 1517 perseverandum
1316 1428 1383 1495 in
1416 1428 1634 1517 aliqua
1661 1428 1971 1517 religione
1999 1428 2074 1497 in
2107 1428 2400 1521 speeie...

142 1571 179 1611 «
208 1545 289 1612 Et
312 1547 773 1633 consequenter
802 1542 999 1609 etiam
1028 1540 1358 1610 decretum
1386 1542 1650 1611 concilii
1691 1543 1920 1633 (eapite
1953 1544 2062 1624 19,
2104 1564 2256 1613 sess.
2287 1544 2404 1632 25,

145 1685 179 1725 α
204 1659 283 1729 de
302 1659 514 1752 Rem),
572 1658 781 1750 potuit
828 1656 1143 1745 obligare,
1175 1658 1365 1724 etiam
1406 1662 1474 1724 in
1533 1658 1672 1727 soro
1717 1658 1873 1748 poli,·
1929 1659 2214 1727 invalide
2263 1680 2404 1751 pro-

143 1800 177 1838 «
217 1776 413 1843 fessos
434 1775 515 1843 ad
564 1773 1103 1865 perseverandum
1140 1772 1211 1840 in
1242 1772 1554 1861 religione
1603 1774 1818 1861 elapso
1858 1773 2330 1863 quinquenniO.
2363 1798 2400 1839 »

140 1889 537 1978 (Fagnanus‚
572 1890 641 1957 in
670 1910 809 1979 cap.
849 1887 933 1955 Si
954 1887 1126 1978 quis,
1170 1885 1251 1955 de
1268 1886 1544 1977 Requl„
1577 1908 1644 1955 n.
1675 1885 1816 1976 43.)
1849 1886 2074 1955 Plures
2102 1888 2258 1956 alias
2304 1909 2408 1957 ra-

139 2000 349 2068 tiones
378 2002 633 2071 adducit
696 2002 939 2071 ibidem
987 2003 1219 2071 citatus
1250 2012 1515 2085 auctor3
1569 2006 1634 2070 et
1677 2002 1756 2070 ad
1783 1990 2271 2092 objectiones'et
2303 2025 2406 2073 ar-

141 2123 453 2204 gumenta
476 2118 811 2188 contrariae
834 2120 1164 2189 sententiae
1189 2119 1325 2187 fuse
1354 2116 1714 2210 respondet.
1791 2135 1798 2143 ·

1172 2382 1215 2473 g
1244 2382 1362 2453 111.

136 2594 456 2645 Adnotantur
490 2587 734 2641 nonnulla
764 2602 876 2652 quae
906 2602 1081 2641 veram
1104 2603 1215 2642 esse
1242 2594 1467 2655 Fagnani
1491 2598 1792 2647 sententiam
1811 2596 2138 2649 vehementer
2164 2594 2404 2649 suadent.

222 2808 607 2877 Pnorosmo
635 2804 714 2873 1⁸.
766 2841 854 2857 —
884 2804 1109 2873 Potest
1149 2802 1299 2895 quis
1344 2802 1437 2870 ad
1477 2805 1954 2873 remanendum
1994 2809 2064 2875 in
2090 2809 2406 2899 reliqione

132 2922 423 3015 obliqari
444 2920 655 2989 aliter
677 2942 881 3011 quam
898 2942 981 2989 ea:
1014 2920 1083 2987 vi
1115 2918 1550 3011 professionis
1573 2904 1856 2987 suoess—
1904 2921 1964 2987 1⁰
2019 2920 2088 2989 Si
2146 2922 2409 2990 nulliter

132 3039 459 3129 professus
498 3041 771 3126 nequeat
814 3036 898 3105 ad
955 3033 1267 3105 saeculum
1298 3032 1508 3102 redire
1557 3033 1800 3125 absque
1839 3035 2034 3124 qravi
2067 3033 2404 3119 scandalo,

134 3155 467 3223 tenebitur
514 3151 587 3219 in
656 3143 1355 3241 religione'remanere
1441 3172 1458 3216 :
1518 3149 1584 3217 id
1660 3150 2024 3219 concedunt
2105 3151 2408 3242 oppositae

137 3270 329 3338 etiam
358 3268 693 3339 sententiae
718 3268 969 3359 patroni
997 3294 1015 3355 ;
1050 3274 1113 3335 et
1148 3288 1281 3335 non
1310 3271 1549 3355 negant
1585 3266 1722 3334 dari
1751 3288 1932 3357 posse
1957 3288 2180 3335 casum
2203 3266 2404 3356 hunc,

137 3390 499 3477 praesertim
563 3388 825 3478 quando
863 3388 1130 3455 nulliter
1210 3385 1534 3477 professus
1579 3404 1712 3453 non
1773 3386 1980 3476 potuit
2042 3386 2408 3455 nullitatem

136 3504 433 3591 probare.
497 3500 668 3593 Ergo
711 3509 870 3571 tunc
912 3501 1116 3572 aderit
1168 3522 1319 3571 vera
1364 3499 1668 3590 obligatio
1713 3500 2090 3569 remanendi
2143 3502 2216 3569 in
2261 3501 2410 3569 reli-

140 3619 355 3706 gione,
400 3618 663 3687 aliunde
692 3620 1080 3710 proveniens
1126 3638 1324 3708 quam
1354 3638 1432 3684 ex
1473 3616 1865 3707 professione
1897 3614 2130 3685 valida.
2181 3615 2410 3685 Oritur

138 3754 372 3825 nempe
418 3740 576 3803 tune
620 3733 929 3823 obligatio
973 3734 1117 3803 haec
1162 3754 1235 3802 ex
1260 3730 1601 3823 principio
1653 3734 1921 3801 omnino
1981 3737 2176 3815 certo,
2234 3732 2409 3822 quod

136 3853 427 3917 teneatur
472 3849 669 3918 homo
726 3855 909 3919 actus
958 3849 1113 3917 alias
1168 3846 1293 3917 sibi
1339 3847 1548 3916 licitos
1591 3848 1908 3937 omittere,
1953 3847 2214 3937 quando
2267 3848 2412 3916 illos

138 3964 365 4053 nequit
416 3962 655 4053 absque
696 3964 995 4033 scandalo
1035 3984 1346 4036 exercere.
1404 3962 1473 4030 2⁰
1523 3961 1593 4033 Si
1635 3970 1908 4053 nequeat
1958 3962 2218 4031 nulliter
2263 3983 2408 4053 pro-

138 4058 339 4147 fessus
379 4077 459 4146 ad
500 4077 813 4148 saeeulum
841 4080 1051 4148 redire
1108 4079 1351 4169 absque
1397 4078 1596 4168 qravi
1633 4076 2022 4147 detrimento
2071 4078 2408 4168 religioso·-

141 4210 291 4259 rum
341 4191 649 4262 ordinum
702 4200 768 4263 et
806 4192 1139 4283 Ecclesiae,
1188 4192 1514 4261 tenebitur
1547 4192 1784 4283 pariter
1829 4193 1898 4259 in
1941 4192 2252 4281 religione
2297 4214 2407 4263 re-

143 4324 421 4375 manere.
473 4308 865 4403 Sequeretur
902 4315 1119 4377 autem
1175 4306 1339 4375 illud
1390 4327 1582 4396 grave
1632 4307 2120 4391 detrimentum,
2166 4308 2220 4375 si
2253 4308 2404 4377 nul-

142 4416 287 4487 liter
339 4423 666 4513 professis,
722 4426 837 4517 qui
910 4431 1242 4521 nequeunt
1292 4423 1658 4494 nullitatem
1715 4423 2011 4514 probare,
2061 4424 2280 4495 liceret
2323 4426 2406 4493 ad
