2834 4959
331 337 340 346 ·
381 319 504 378 548
950 289 1288 374 'macrinus
1333 327 1412 374 m:
1453 328 1603 374 mm:
1646 325 2067 372 assummum.

373 445 596 542 recipi.
663 447 852 518 Absit
894 456 1109 516 autem
1158 454 1231 514 ut
1307 449 1414 538 Jus
1471 445 1772 541 Episcopi
1826 451 2115 533 vocetur,
2176 446 2357 536 quod
2434 455 2693 540 nequit

370 567 753 659 Episcopus,
811 565 938 632 nisi
975 585 1128 633 cum
1166 562 1337 652 juris
1377 561 1719 632 violatione
1770 566 1833 629 et
1881 559 2093 630 abusu
2140 563 2463 651 potestatis
2520 587 2687 638 suae

371 703 694 776 peragere.
1217 757 1224 768 ⁸

459 797 839 868 Pnorosrno
857 791 960 862 11⁸.
991 831 1078 844 —
1097 795 1204 862 An
1221 791 1464 861 saltem
1494 791 1835 860 licentiam
1854 788 1941 856 ab
1963 789 2302 882 Episcopo
2318 803 2543 883 petere
2572 809 2687 866 te-

373 925 615 987 neatur
639 909 906 979 clericus
937 908 1328 998 reliqionem
1373 905 1639 998 inqredi
1680 905 1935 993 volens,
1960 905 2137 973 inter
2172 904 2468 977 doctores
2504 933 2685 980 con-

380 1027 789 1101 trovertitur.
821 1063 912 1078 -
962 1024 1148 1094 Posse
1175 1023 1489 1092 clericum
1532 1022 1917 1110 religionem
1963 1020 2221 1110 ingredi
2264 1021 2509 1114 absque
2552 1028 2685 1096 ob-

377 1158 560 1216 tenta
591 1143 700 1213 illa
727 1141 1011 1222 licentia,
1065 1161 1138 1208 ex
1167 1138 1552 1232 praecedenti
1607 1138 2043 1229 propositione
2072 1137 2488 1208 manifestum
2538 1151 2675 1212 est.

383 1263 543 1331 «An
575 1279 724 1327 vero
749 1256 988 1348 (inquit
1015 1255 1615 1347 Schmalzgrueber‚
1644 1255 1712 1321 in
1733 1254 1833 1322 tit.
1867 1251 2420 1343 defleqularibus,
2440 1279 2506 1326 n.
2538 1257 2675 1348 34)

380 1401 415 1442 «
440 1381 737 1445 teneatur
749 1372 1023 1444 clericus
1051 1372 1503 1440 beneficiarius
1540 1369 1867 1439 licentiam
1897 1369 1981 1436 ab
2014 1365 2334 1460 Episcopo
2362 1395 2479 1444 suo
2506 1375 2667 1440 sal-

381 1517 416 1555 «
445 1498 574 1556 tem
613 1497 866 1580 petere,
925 1487 1132 1575 magis
1177 1485 1392 1554 dubiae
1432 1482 1808 1574 quaestionis
1853 1489 1973 1551 est.
2040 1481 2307 1551 Sanctus
2360 1483 2677 1556 Thomas

379 1630 412 1669 α
439 1603 535 1694 (2,
563 1602 631 1684 2,
659 1624 726 1691 q.
765 1599 996 1684 ¹89,a.
1037 1599 1130 1689 7),
1161 1608 1223 1668 et
1249 1600 1414 1666 Azor
1436 1597 1526 1689 (p.
1557 1598 1619 1676 1,
1644 1597 1691 1664 l.
1730 1597 1838 1684 11,
1869 1617 2010 1687 cap.
2044 1595 2143 1681 16,
2166 1618 2229 1686 q.
2252 1595 2315 1685 3)
2340 1599 2682 1669 videntur·

375 1745 412 1787 e
432 1715 734 1788 accedere
757 1715 836 1785 ad
860 1714 1336 1783 affirmativam.
1363 1713 1491 1784 Sed
1512 1713 1848 1784 Suaresius
1872 1715 2055 1806 (tom.
2090 1711 2129 1781 3
2164 1711 2243 1780 de
2282 1713 2675 1804 Reliqione,

379 1861 415 1900 α
443 1834 492 1901 l.
523 1831 589 1918 5,
613 1853 671 1900 c.
697 1831 770 1911 4,
801 1852 868 1897 n.
905 1828 1014 1920 14)
1039 1836 1104 1898 et
1129 1827 1319 1898 Palao
1351 1829 1558 1921 (tract.
1596 1827 1706 1914 16,
1730 1829 1796 1897 d.
1834 1829 1897 1916 1,
1928 1851 1992 1917 p.
2046 1829 2180 1918 7‚§
2212 1829 2278 1911 1,
2303 1847 2371 1898 n.
2409 1829 2471 1921 1)
2500 1851 2677 1921 pro-

379 1973 414 2015 α
445 1947 727 2039 pendent
768 1945 837 2013 in
889 1943 1291 2033 negativam3
1335 1945 1509 2035 quod
1541 1944 1721 2013 nullo
1741 1947 1891 2035 jure
1922 1941 2234 2033 obligatio
2270 1943 2406 2014 baec
2440 1945 2681 2036 impo-

381 2087 417 2127 ε(
441 2067 715 2130 natur...
737 2059 876 2149 Ego
905 2059 1064 2127 huic
1082 2058 1412 2128 sententiat
1439 2058 1795 2128 assentior:
1842 2057 2011 2126 addo
2064 2063 2271 2126 tamen
2294 2059 2376 2126 ab
2429 2059 2517 2126 ita
2562 2063 2681 2127 in-

377 2203 413 2242 «
443 2197 744 2267 gressuro
757 2174 1140 2263 religionem
1161 2175 1423 2259 clerico,
1450 2177 1504 2242 si
1528 2173 1973 2241 beneficiarius
2002 2173 2356 2264 praesertim
2384 2183 2683 2247 curatus

377 2315 415 2356 «
443 2291 549 2373 sit,
579 2288 976 2378 propositum
1007 2286 1620 2358 hocinsinuandum
1650 2287 2103 2378 Episcop0,vel
2134 2289 2353 2357 saltem
2376 2295 2519 2379 post
2552 2292 2675 2359 in-

379 2431 413 2472 «
442 2425 733 2494 gressum
755 2401 1316 2486 denuntiandum
1351 2409 1424 2470 ut
1447 2402 1591 2472 loco
1618 2425 1735 2472 suo
1760 2403 1840 2473 de
1862 2411 2111 2495 pastore
2124 2403 2250 2473 alio
2278 2405 2657 2494 provideat,

375 2544 414 2585 a
441 2539 522 2588 ne
546 2539 696 2585 oves
719 2516 982 2585 desertae
1013 2524 1346 2585 maneant.
1383 2541 1416 2582 »

457 2633 644 2716 Quod
677 2638 966 2700 teneatur
989 2631 1287 2722 clericus,
1333 2637 1710 2702 animarum
1752 2651 1981 2703 curam
2014 2655 2271 2724 gerens,
2300 2635 2377 2704 de
2410 2657 2539 2705 suo
2600 2638 2673 2704 in

374 2753 752 2845 religionem
785 2751 1123 2820 secedendi
1149 2754 1478 2845 proposito
1522 2751 1917 2845 Episcopum
1944 2775 2140 2824 suum
2174 2757 2523 2824 certiorem
2574 2757 2675 2825 t'a-

373 2891 544 2948 cere,
598 2867 870 2936 omnino
907 2866 1262 2936 tenendum
1293 2874 1411 2952 est,
1444 2875 1506 2936 et
1546 2889 1620 2934 ex
1659 2867 1795 2958 ipso
1815 2871 1965 2958 jure
2004 2869 2286 2937 naturali
2330 2869 2673 2957 sequitur,

375 2989 568 3072 prout
589 2979 783 3050 tradit
803 2979 1188 3048 Benedictus
1211 2979 1363 3048 xlv
1389 2981 1599 3072 (citato
1616 2979 1797 3049 brevi
1816 2983 1929 3050 Ex
1953 3003 2107 3073 qim,
2136 2981 2179 3072 ἓ
2208 2979 2400 3065 Quod
2408 2981 2669 3072 enim).

385 3123 419 3164 α
441 3095 566 3166 Sed
598 3093 777 3164 aliud
818 3099 910 3162 est
959 3093 1330 3164 discedendi
1361 3095 1689 3163 licentiam
1720 3102 1931 3186 petere
1959 3149 1979 3181 ,
2010 3096 2192 3166 aliud
2228 3095 2307 3165 de
2352 3097 2679 3185 proximo

379 3213 664 3280 discessu
685 3209 1024 3277 certiorem
1061 3209 1454 3300 Episcopum
1492 3211 1725 3279 facere.

470 3323 840 3392 Psorosmo
870 3321 1004 3392 111⁸.
1031 3361 1122 3374 -
1147 3323 1463 3392 Faculcas
1487 3347 1688 3416 quam
1723 3323 1969 3393 habent
2006 3325 2229 3395 clerici
2250 3323 2675 3415 reliqionem

382 3435 793 3531 inqrediendi
813 3435 1056 3526 absque
1084 3437 1258 3506 licen
1266 3438 1364 3507 tia
1389 3439 1730 3530 Episcopi,
1760 3439 1829 3506 in
1838 3438 2197 3532 telliqenda
2224 3441 2429 3508 etiam
2457 3455 2571 3508 est
2596 3441 2681 3511 de

379 3555 685 3648 inpressu
711 3553 785 3619 in
809 3551 1343 3642 conqreqationes
1369 3577 1520 3621 cum
1541 3554 1707 3620 votis
1746 3552 2162 3644 simplicibus
2176 3555 2532 3646 perpetuis
2548 3577 2681 3647 ap-

377 3675 726 3768 probata&
749 3671 1153 3752 —Quamvis
1177 3674 1350 3740 enim
1374 3694 1495 3741 vox
1515 3673 1618 3740 rel
1622 3673 1760 3764 iqio
1790 3673 2156 3763 frequenter
2180 3685 2533 3765 usurpetur
2554 3699 2679 3766 pro

383 3785 796 3879 designandis
841 3783 1316 3876 particulariter
1365 3784 1445 3853 iis
1474 3785 1817 3854 ordinibus
1852 3787 1972 3876 qui
2004 3793 2145 3857 vota
2194 3788 2517 3856 solemnia
2548 3790 2677 3858 ba-

383 3907 562 3992 bent,
576 3903 982 3992 saepe‘tamen
1015 3897 1435 3988 intelligenda
1454 3901 1627 3968 venit
1646 3899 2219 3970 indiscriminatim
2240 3900 2321 3973 de
2344 3901 2677 3971 omnibus

381 4017 781 4108 regularium
847 4012 1111 4081 familiis
1188 4019 1388 4083 status
1466 4012 1744 4104 religiosi
1815 4015 2154 4085 essentiam
2238 4014 2671 4105 habentibuS,

380 4134 516 4201 sive
573 4128 897 4219 simplicia
963 4129 1114 4212 sint,
1172 4129 1306 4197 sive
1358 4127 1673 4198 solemnia
1731 4131 2021 4220 ipsarum
2088 4137 2255 4200 vota.
2326 4129 2531 4199 Porro
2596 4135 2669 4201 in

381 4247 656 4316 textibus
711 4243 828 4333 qui
879 4243 1133 4312 clericis
1179 4243 1420 4312 dictam
1468 4244 1799 4312 vindicant
1850 4244 2219 4314 facultatem
2268 4245 2669 4336 reliqionem

387 4357 816 4446 ingrediendi,
867 4378 980 4425 vox
1021 4355 1250 4446 religio
1294 4359 1361 4425 in
1420 4357 1543 4428 hoc
1590 4357 1806 4428 latiori
1844 4381 2037 4430 sensu
2084 4361 2482 4430 desumenda
2534 4373 2659 4432 est.
