2834 4959
1077 352 1229 400 rans
1274 353 1565 402 sscuNnA.
2329 353 2366 410 Ξ
2379 355 2456 412 75

274 509 309 550 ι
350 483 537 554 Ultra
587 484 791 575 quod,
842 485 1145 576 praedicta
1194 473 1560 558 constitutio
1615 489 1962 561 Clementis
2007 493 2444 564 consideravit

188 625 219 664 ι
254 597 732 668 tantummodo
760 598 1230 690 praejudicium
1270 601 1451 693 quod
1465 616 1683 695 potest
1722 605 1960 696 inferri
1984 609 2456 680 ecclesiis'Fra-

186 739 219 781 α
247 726 431 783 trum
461 713 1023 800 mendicantium,
1065 737 1145 786 ne
1174 724 1502 809 propterea
1525 720 2076 810 eleemosynarum
2102 727 2460 815 eroganda-

186 855 221 896 α
249 851 399 898 rum
432 829 504 898 in
542 850 791 898 novum
819 829 1168 920 collegium
1198 831 1657 903 detrimentum
1695 837 2042 926 patiantur,
2069 861 2204 908 non
2235 851 2458 909 autem

192 967 231 1008 a
264 941 417 1011 aliis
446 943 769 1014 ecelesiis.
804 969 839 1010 n

278 1057 435 1144 Ergo
464 1079 693 1127 revera
732 1064 891 1126 tunc
936 1056 1095 1127 Rota
1137 1061 1411 1148 consuit,
1449 1083 1564 1150 per
1601 1063 1739 1132 haec
1767 1063 2184 1136 Clementinae
2212 1073 2456 1140 consti·-

188 1173 451 1241 tutionis
488 1172 677 1241 verba
725 1183 806 1253 et,
834 1173 985 1242 aliis
1030 1173 1335 1242 &teresse
1373 1173 1766 1246 habentibus
1815 1201 1944 1247 non
1988 1183 2454 1274 comprehendi

188 1287 573 1378 parochum,
603 1293 666 1356 et
688 1289 936 1378 putavit
960 1289 1225 1380 parochi
1264 1290 1634 1360 citationem
1666 1315 1796 1362 non
1825 1315 1959 1364 esse
1985 1296 2064 1366 de
2101 1297 2460 1369 formalita-

187 1401 360 1470 tibus
380 1423 419 1470 a
446 1401 619 1470 dicta
640 1403 1100 1471 constitutione
1134 1405 1548 1497 praescriptis.

269 1517 335 1586 2·
362 1515 554 1586 Duas
580 1517 737 1587 alias
784 1519 858 1586 in
894 1519 1199 1587 eumdem
1238 1541 1500 1588 sensum
1534 1520 1709 1592 Rotae
1753 1523 2101 1595 decisiones
2145 1535 2459 1598 memorat

178 1636 439 1725 ipsemet
480 1632 875 1723 Pignatellus
904 1637 1085 1724 (tom.
1125 1635 1189 1722 1,
1222 1635 1420 1705 deciS.
1461 1637 1613 1726 179,
1653 1661 1720 1706 n.
1755 1637 1893 1730 53).

259 1747 321 1816 3⁰
362 1749 437 1818 lu
485 1749 843 1848 oppositam
892 1755 1108 1818 autem
1166 1751 1548 1819 sententiam
1594 1751 1750 1820 abiit
1793 1753 1950 1822 Rota
1992 1753 2086 1845 (in
2129 1757 2452 1828 Toletana

177 1855 731 1937 mmutentioms,
784 1855 827 1924 9
868 1855 1091 1946 aprilis
1141 1855 1341 1935 1657,
1393 1877 1609 1925 coram
1653 1855 1920 1949 Mettio).
1973 1860 2308 1950 Siquidem
2351 1865 2444 1934 ibi

184 1991 247 2038 n.
296 1969 375 2039 23
417 1971 523 2040 sie
562 1991 853 2061 expresse
896 1969 1130 2041 habet:
1179 1995 1217 2037 α
1263 1969 1485 2062 Neque
1521 1971 1732 2041 dicere
1781 1973 1968 2061 valet,
2017 1981 2091 2044 ut
2123 1977 2439 2045 eonstitu-

190 2109 223 2150 α
251 2085 457 2156 tiones
484 2085 809 2176 praedictae
836 2089 1277 2157 emanaverint
1314 2107 1434 2178 pro
1473 2085 1894 2156 indemnitate
1933 2090 2446 2161 mendicantium

186 2227 219 2268 α
244 2208 533 2287 tantum,
574 2200 751 2270 unde
794 2201 898 2270 isti
930 2201 1361 2289 solummodo,
1406 2209 1469 2270 et
1516 2224 1647 2270 non
1694 2203 1828 2284 alii,
1873 2204 1952 2274 de
2001 2206 2111 2276 tali
2161 2207 2454 2277 nullitate

186 2343 217 2382 ι
245 2339 583 2410 opponere
633 2315 921 2407 possint;
984 2318 1139 2408 quia
1196 2317 1596 2387 eontrarium
1653 2317 1982 2408 colligitur
2042 2341 2118 2389 ex
2177 2322 2442 2392 illorum

186 2434 497 2503 «lectura
526 2457 545 2518 3
579 2437 645 2502 et
667 2434 998 2521 signanter
1032 2455 1107 2501 ex
1133 2454 1207 2502 ea
1228 2432 1580 2504 Clementis
1610 2435 1796 2520 Vlll;
1829 2437 1900 2505 in
1945 2457 2073 2528 qua
2117 2439 2448 2528 signanter

181 2573 217 2614 a
246 2549 643 2640 disponitur,
694 2549 866 2640 quod
920 2549 1104 2618 citari
1156 2549 1433 2618 debeant
1489 2573 1716 2620 omnes
1765 2552 2066 2622 interesse
2115 2553 2447 2641 habentes,

178 2689 217 2730 α
252 2664 391 2732 ibi:
426 2677 491 2734 et
518 2665 671 2734 aliis
690 2666 997 2734 interesse
1032 2663 1450 2732 habentibus.
1485 2663 1564 2732 Et
1592 2666 1662 2731 in
1693 2667 1927 2754 speeie,
1959 2670 2134 2757 quod
2179 2671 2442 2760 parochi

182 2805 221 2846 α
248 2779 381 2847 sint
432 2779 699 2869 legitimi
756 2779 1251 2850 contradictores
1296 2780 1377 2848 ad
1425 2777 1894 2870 opponendum
1954 2787 2177 2850 eontra
2217 2783 2452 2852 sunda-

186 2895 493 2962 «tionem
540 2895 685 2964 novi
736 2894 1139 2983 monasterii,
1196 2915 1273 2962 ac
1322 2913 1517 2984 super
1573 2891 1684 2960 tali
1749 2895 2172 2982 praetensione
2234 2893 2448 2964 audiri

182 3033 219 3074 α
252 3009 540 3090 debeant,
576 3015 791 3078 tenent
816 3008 1114 3102 Lepus...
1164 3006 1582 3099 GuidopuS...
1611 3033 1648 3074 η
1690 3007 1903 3098 (Parte
1936 3008 2018 3076 12
2051 3011 2438 3100 recentium,

173 3146 317 3216 pag.
352 3125 531 3219 172.)
577 3125 843 3196 Exstant
869 3132 932 3196 et
958 3127 1099 3194 aliae
1141 3123 1526 3212 decisiones,
1565 3107 1712 3213 quae
1759 3125 2119 3215 pat-ochum
2147 3123 2270 3192 sub
2302 3147 2448 3192 ver·-

181 3241 277 3309 bis
302 3253 365 3310 et
393 3242 553 3311 aliis
578 3243 649 3310 in
659 3256 887 3312 teresse
914 3239 1306 3310 habentibus
1334 3240 1920 3330 comprehendunt.

274 3357 339 3424 4⁰
381 3357 597 3427 Postea
641 3363 859 3426 tamen
898 3358 971 3425 in
1004 3356 1302 3447 pluribus
1332 3353 1792 3442 decisionibuS,
1840 3361 1910 3422 ut
1957 3357 2244 3426 ostendat
2289 3355 2476 3432 Rota.

181 3473 477 3562 parochis
500 3483 867 3564 competere
908 3473 1017 3562 jus
1056 3493 1189 3540 sese
1215 3471 1606 3561 opponendi,
1655 3492 1785 3539 non
1811 3473 1948 3560 jam
1987 3471 2237 3541 invocat
2284 3474 2453 3541 dicta

176 3591 371 3660 verba
394 3590 755 3661 Clementis
779 3587 931 3658 Vll!
964 3601 1030 3657 et
1072 3587 1223 3657 aliis
1268 3587 1572 3655 interesse
1620 3586 2039 3672 Ιιαόεπιὶὂιιε,
2086 3587 2196 3655 sed
2248 3607 2446 3675 argu·

178 3714 477 3776 mentum
525 3704 691 3774 illud
724 3703 983 3774 silentio
1029 3701 1518 3793 praetermittens
1564 3700 1770 3792 (quasi
1823 3699 2184 3769 invalidum
2248 3721 2454 3786 agno-

174 3821 395 3909 verit),
421 3819 680 3892 adducit
701 3819 827 3889 alia
851 3820 999 3908 jura
1024 3823 1087 3886 et
1110 3817 1492 3886 canonistas.
1534 3815 1702 3886 Vide
1733 3817 1802 3882 in
1839 3817 2445 3904 Coesarauqustana

172 3935 623 4026 fundationis,
654 3938 697 4006 4
726 3935 1033 4005 februarii
1064 3933 1235 4003 1659
1270 3933 1676 4023 (recentium,
1705 3937 1884 4023 parte
1913 3932 2017 4015 11,
2052 3928 2246 3998 decis.
2278 3927 2446 4011 309,

176 4075 327 4144 pag.
382 4052 543 4143 422)
570 4075 588 4144 ;
616 4053 803 4139 item,
840 4057 1019 4142 parte
1072 4048 1179 4135 13,
1228 4049 1580 4118 decisiones
1621 4046 1732 4128 87,
1789 4046 1942 4131 115,
1975 4045 2148 4126 2253
2183 4050 2245 4112 et
2283 4068 2437 4136 par-

179 4171 257 4238 tis
290 4169 375 4240 19
400 4175 574 4239 tomo
598 4168 668 4256 2,
696 4167 1085 4236 decisionem
1114 4163 1273 4234 489.

264 4283 363 4354 Ex
407 4284 513 4354 his
564 4281 743 4352 Rotae
780 4277 1243 4350 variationibus
1296 4275 1554 4366 colligat
1603 4274 1823 4361 lector,
1877 4273 2207 4342 immerito
2252 4273 2449 4364 hujus

182 4399 525 4471 tribunalis
570 4399 947 4470 auctoritate
990 4395 1113 4465 niti
1180 4415 1311 4476 eos,
1374 4392 1494 4482 qui
1546 4389 1945 4463 contendunt
2003 4390 2315 4482 parochos
2375 4389 2454 4460 de
