2834 4959
1108 376 1259 424 raas
1302 336 1548 427 maria,
2350 378 2474 435 425

170 520 329 574 nem
364 494 1133 588 Anglo-Benedictinam,
1166 502 1472 587 quamvis
1530 500 1880 591 aliquando
1931 523 2106 571 unus
2163 503 2470 577 duntaxat

167 738 287 817 est,
326 730 577 823 pei-tria
602 726 835 797 ultima
856 726 1091 798 aaecula
1109 727 1417 799 exstitisse
1441 730 1774 799 variorum
1801 732 2111 802 ordinum
2133 733 2474 823 religiosos

168 846 435 938 Anglos
446 852 507 915 et
528 844 879 931 Hibernos,
900 862 1049 913 suas
1074 842 1146 913 in
1172 842 1361 914 dictis
1386 844 1774 935 regionibus
1787 847 2100 917 habentes
2132 848 2466 939 regulares

168 963 439 1043 domos,
460 960 591 1029 imo
609 967 669 1029 et
684 958 1074 1049 provincias.
1090 966 1101 971 “

260 1081 345 1147 2⁰
370 1074 505 1147 Nec
540 1076 761 1145 minus
806 1080 1057 1145 eertum
1102 1084 1221 1164 est,
1262 1082 1391 1146 toto
1441 1076 1666 1147 ferme‘
1709 1078 1834 1149 hoc
1881 1081 2190 1172 temporis
2231 1084 2460 1174 spatio,

168 1214 209 1263 a
256 1190 517 1283 legibus
562 1190 1003 1279 soecularibus,
1052 1191 1313 1281 Anglim
1347 1194 1678 1283 regulares
1737 1215 2154 1286 nequaquam
2199 1203 2274 1265 ut
2313 1199 2466 1269 tales

170 1308 495 1379 admissos
534 1306 765 1392 fnisse3
813 1328 935 1377 nee
960 1307 1261 1398 agnitum
1282 1308 1409 1378 ruit
1436 1308 1654 1379 ullum
1693 1330 1928 1381 eorum
1953 1312 2062 1401 jus
2089 1313 2462 1401 possidendi

170 1424 249 1493 in
268 1424 636 1510 communi,
652 1422 939 1513 religiosi
954 1422 1205 1493 ordinis
1230 1422 1444 1495 titulo.
1471 1423 1596 1495 Sed
1613 1425 1880 1516 quando
1907 1426 1990 1495 ab
2019 1428 2374 1499 exercenda
2395 1429 2466 1499 in

172 1560 291 1609 eos
312 1540 753 1631 persecutione
776 1544 1093 1611 cessatum
1118 1548 1235 1625 est,
1268 1560 1401 1611 non
1427 1548 1808 1632 potuerunt,
1847 1561 1966 1609 nee
2007 1541 2202 1611 hodie
2255 1545 2468 1615 adbuc

174 1662 449 1747 possunt
464 1657 535 1725 in
562 1658 770 1747 patria
796 1656 1033 1741 vivere,
1078 1656 1209 1725 nisi
1230 1660 1550 1746 quatenus
1577 1658 1772 1727 cives.
1814 1656 1888 1725 Id
1943 1658 2340 1729 notorietatis
2367 1665 2465 1729 est

177 1770 493 1863 publicae,
516 1793 637 1846 nec
664 1772 1035 1864 probatione
1056 1772 1325 1861 indiget.
1368 1769 1554 1841 Unde
1574 1771 1895 1843 hodierna
1929 1772 2218 1843 conditio
2267 1796 2470 1866 regu·

176 1886 437 1957 larium
456 1886 677 1957 Galliae
698 1896 763 1957 et
809 1888 1041 1979 Belgii,
1094 1908 1259 1979 quos
1282 1888 1386 1957 lex
1437 1886 1654 1958 civilis
1687 1908 1806 1957 nec
1847 1894 2162 1977 tanquam
2199 1910 2466 1977 capaces

176 1999 561 2092 possidendi
587 2002 655 2070 in
678 2003 1031 2093 communi,
1052 2022 1173 2071 nec
1194 2009 1506 2094 tanquam
1533 2004 1876 2093 incapaces
1903 2000 2274 2091 possidendi
2297 2001 2496 2077 indi-,

172 2113 501 2185 viduatim
520 2119 825 2207 agnoscit,
852 2139 1020 2189 nova
1046 2138 1181 2189 non
1226 2124 1349 2199 est,
1396 2116 1508 2188 sed
1549 2136 1588 2187 a
1617 2114 1828 2187 tribus
1855 2114 2208 2203 soeculisin
2229 2114 2468 2204 Anglia

174 2234 245 2299 et
269 2227 587 2301 Hibernia
614 2240 995 2322 perseverat.

266 2346 339 2413 3⁰
358 2342 649 2415 Tandem
692 2348 971 2419 minime
984 2346 1265 2417 dubium
1314 2353 1435 2436 est,
1489 2366 1624 2417 non
1679 2345 1972 2417 obstante
2019 2345 2190 2415 dieta
2243 2346 2466 2437 legum

176 2461 587 2532 saecularium
608 2461 1049 2554 dispositione,
1078 2462 1329 2535 habitos
1355 2463 1552 2533 fuisse
1579 2462 1838 2554 Angliae
1886 2467 1951 2531 et
1974 2460 2328 2552 „Hiberniae
2356 2483 2468 2532 re-

181 2586 439 2679 gulares
466 2592 781 2677 tanquam
808 2608 993 2658 veros
1017 2586 1389 2679 religiosos3
1421 2592 1732 2657 eteorum
1777 2592 1922 2657 vota
1959 2584 2030 2655 in
2073 2586 2464 2677 professione

182 2704 443 2792 emissa,
494 2710 787 2796 reputata
854 2704 1051 2777 luisse
1107 2724 1257 2775 vere
1306 2700 1662 2781 solemnia;
1743 2723 1860 2771 nee
1911 2702 2126 2791 magis
2187 2704 2256 2769 in
2303 2702 2464 2785 istis,

183 2837 395 2909 quam
440 2820 510 2889 in
571 2820 719 2890 aliie
766 2820 1109 2912 regionum
1168 2817 1637 2889 catholicarum
1710 2814 2039 2906 professis,
2115 2816 2470 2883 admissam

180 2931 387 3003 fuisse
430 2938 841 3027 capacitatem
884 2934 1263 3026 acquirendi
1306 2929 1615 3001 dominii.
1683 2929 1788 3000 Ad
1830 2929 2004 3020 quod
2051 2927 2470 3020 probandum

181 3048 377 3138 plane
392 3050 721 3119 sufficeret
744 3050 1033 3120 absentia
1072 3051 1642 3131 documentorum,
1703 3043 2176 3116 dubitationem
2207 3041 2330 3111 hae
2389 3040 2469 3111 de

182 3184 259 3231 re
280 3166 676 3237 testantium.
734 3166 989 3237 Etenim
1028 3186 1146 3257 per
1192 3166 1317 3235 tria
1362 3164 1474 3233 illa
1515 3163 1772 3245 saecula,
1831 3180 1952 3230 nec
2019 3157 2470 3227 Romanorum

183 3276 586 3351 Pontificum
638 3281 913 3369 decreta,
958 3302 1079 3353 nee
1120 3280 1468 3352 Sacrarum
1509 3276 2112 3369 Congregationum
2182 3274 2468 3347 declara-

84 3376 93 3385 ’
176 3392 417 3478 tiones,
468 3418 591 3467 nec
622 3398 1071 3488 religiosorum
1122 3396 1555 3489 capitulorum
1605 3400 1718 3464 aut
1769 3392 2181 3483 generalium
2211 3412 2466 3485 praepo-
2563 3444 2576 3459 .

176 3509 459 3581 sitorum
522 3512 981 3602 ordinationes,
1054 3534 1179 3583 nee
1258 3512 1710 3601 theologorum
1793 3511 1906 3575 aut
1973 3509 2468 3577 canonistarum

176 3625 698 3718 disceptationes,
728 3626 1089 3720 quidquam
1112 3627 1472 3713 continent,
1500 3646 1632 3717 quo
1654 3624 1755 3694 vel
1811 3621 2173 3691 minimum
2225 3621 2466 3687 innua-

174 3748 313 3824 tur,
345 3743 661 3813 solemnia
686 3765 819 3813 non
844 3745 1041 3814 fuisse
1058 3750 1203 3814 vota
1243 3764 1283 3812 a
1305 3740 1734 3833 regularibus
1765 3737 2030 3830 Angliae
2053 3741 2114 3804 et
2140 3732 2470 3803 Hiberniae

180 3856 453 3945 emissa,
486 3858 573 3927 ob
613 3859 865 3928 dictum
925 3859 1089 3949 legis
1154 3857 1361 3929 civilis
1397 3857 1670 3928 obicem.
1751 3854 2106 3925 Innumera
2157 3871 2194 3919 e
2244 3853 2468 3919 contra

172 3974 453 4060 exstant,
496 3996 644 4065 quae
678 3994 795 4066 pro
826 3974 1225 4048 solemnibus
1266 3966 1486 4043 habita
1529 3972 1726 4042 fuisse
1761 3970 1900 4039 haec
1949 3972 2100 4039 vota
2129 3967 2460 4034 testantur.

176 4084 517 4158 tectorem
536 4090 615 4161 ad
646 4090 895 4161 librum
917 4090 1235 4161 Hibernia
1262 4088 1698 4160 dominicam
1760 4084 2148 4173 inscriptum
2185 4078 2466 4149 remitti·

172 4222 351 4288 mus,
372 4211 439 4275 et
464 4226 675 4278 unum
708 4208 1019 4278 duntaxat
1047 4212 1153 4277 aut
1182 4206 1460 4277 alterum
1487 4224 1564 4275 ex
1595 4210 1684 4273 tot
1723 4201 1856 4270 illis
1873 4196 2290 4269 documentis
2309 4192 2468 4263 affe-

180 4338 433 4389 temne.

266 4436 463 4507 Anno
502 4438 667 4510 1751
734 4463 773 4511 a
830 4440 900 4513 S.
950 4440 1458 4533 Congregatione
1509 4438 1592 4509 de
1620 4433 2040 4529 propaganda
2093 4428 2218 4501 fide
2269 4434 2468 4499 statu-
