2834 4959
1017 339 1170 392 Pm
1209 339 1476 400 nunu.
2268 337 2345 394 33
2356 337 2393 395 Β

95 468 328 550 solvat,
361 461 610 533 solvere
635 467 890 533 tenetur
913 467 1060 535 ante
1086 465 1483 552 ingressum.
1516 458 1685 532 Nam
1714 461 2099 554 religionem
2136 465 2396 556 ingredi

102 592 202 654 est
226 584 484 652 tantmn
503 577 588 650 de
627 579 900 650 oonsilio
924 607 944 670 3
979 577 1192 649 debita
1219 587 1441 648 autem
1468 577 1719 648 solvere
1755 586 1855 649 est
1874 579 1963 649 de
2017 586 2343 672 praecepto
2368 604 2392 650 τ

103 699 264 768 etin
285 696 412 766 hoc
441 693 660 764 adhue
685 693 871 764 nulla
893 693 1269 764 difficultas.

199 811 464 882 Tertius
507 831 696 880 rasus
715 829 744 878 .·
763 809 833 880 Si
863 831 998 880 non
1011 807 1244 878 habeat
1261 808 1439 878 unde
1464 806 1692 890 solvat,
1714 829 1839 878 nse
1856 813 2067 901 speret
2082 831 2151 880 se
2170 811 2398 900 acqui-

111 927 430 1011 siturum,
479 930 684 1016 potest
729 923 1116 1015 religionem
1177 923 1465 1014 ingredi,
1510 923 1681 994 faeta
1736 925 1919 1015 prius
1972 925 2403 997 creditoribus

110 1041 406 1110 cessione
429 1061 660 1110 eorum
685 1039 1012 1110 bonorum
1049 1059 1198 1130 quae
1227 1039 1536 1130 possidet,
1595 1039 1653 1108 si
1702 1059 1851 1130 quae
1881 1040 2193 1131 possideat
2232 1041 2403 1133 (vido

113 1155 382 1245 Suam,
403 1155 546 1226 loeo
561 1154 778 1244 dieto,
805 1178 874 1226 n.
908 1157 1003 1248 2).
1037 1154 1222 1225 Ratio
1247 1160 1365 1241 est,
1410 1157 1566 1246 quia
1592 1161 1755 1226 tunc
1780 1156 2029 1227 nullam
2050 1158 2397 1230 creditori-

115 1271 242 1342 bus
275 1273 594 1361 injuriam
623 1271 777 1344 facit
801 1273 1189 1362 religionem
1210 1271 1666 1361 ingrediendo.

211 1390 512 1474 Quartus
538 1410 728 1458 casus
749 1413 776 1456 .·
807 1387 878 1458 Si
897 1393 1111 1479 speret
1147 1408 1214 1456 se
1239 1387 1424 1456 brevi
1448 1387 1929 1479 acquisiturum
1952 1391 2131 1460 unde
2170 1392 2397 1482 solvat,

117 1511 374 1574 tenetur
403 1505 768 1596 ingressum
807 1503 880 1572 in
939 1502 1332 1593 religionem
1383 1503 1639 1574 differre
1686 1505 1895 1574 donee
1934 1507 2192 1575 solverit
2226 1509 2403 1597 (vide

121 1617 726 1709 Sehmalrgrueber‚
751 1622 824 1689 in
845 1617 1116 1688 titulum
1149 1616 1230 1686 de
1261 1618 1718 1710 Reqularibees,
1748 1641 1819 1688 n.
1842 1619 1929 1690 37
1956 1629 2019 1689 et
2044 1620 2181 1714 38).
2201 1625 2407 1692 Breve

119 1743 376 1825 tempus
393 1738 468 1804 in
497 1735 624 1806 hae
652 1736 920 1806 materia
935 1738 1238 1805 censetur
1281 1733 1657 1819 biennium,
1688 1741 1749 1802 et
1768 1735 2183 1826 probabiliter
2202 1739 2404 1807 etiam

109 1851 498 1920 triennium.

215 1964 508 2048 Quintus
534 1983 720 2030 casus
745 1987 772 2030 .·
795 1961 866 2030 Si
885 1962 1230 2054 proevideat
1248 1983 1390 2032 non
1420 1961 1549 2030 nisi
1572 1967 1715 2054 post
1754 1961 2029 2053 longum
2058 1965 2317 2055 tempus
2334 1984 2405 2033 se

115 2076 602 2168 acquisiturum
629 2076 800 2148 unde
851 2078 1074 2165 solvat,
1115 2079 1350 2169 duplex
1395 2077 1711 2148 sententia
1740 2102 1757 2146 ε
1790 2078 1901 2147 alii
1954 2083 2177 2146 tenent
2220 2098 2405 2170 posse

119 2213 276 2263 eum
317 2194 532 2262 statim
567 2193 954 2284 religionem
981 2194 1266 2286 ingredi,
1319 2196 1481 2264 faeta
1506 2193 1935 2264 creditoribus
1964 2195 2291 2264 bonorum
2328 2195 2410 2288 (si

121 2331 265 2399 quae
289 2308 544 2402 habeat)
583 2311 910 2381 cessione:
943 2312 1060 2380 alii
1087 2313 1378 2381 sentiunt
1403 2311 1608 2380 teneri
1650 2333 1805 2381 eum
1829 2311 1912 2381 ad
1938 2309 2300 2400 degendam
2330 2313 2405 2381 in

117 2423 352 2494 saeculo
404 2425 606 2493 vitam
655 2425 862 2495 donee
903 2426 1170 2498 solverit
1221 2426 1400 2518 (vide
1458 2425 1865 2511 Suaresium‚
1913 2424 1995 2495 de
2040 2425 2399 2518 Beliqione‚

122 2544 282 2610 tom.
304 2540 371 2621 3,
403 2539 452 2610 l.
477 2539 545 2626 5,
569 2563 630 2610 e.
664 2541 732 2626 7,
763 2564 830 2610 n.
865 2542 960 2634 3).

203 2657 448 2724 Sextus
483 2677 678 2725 casus
693 2677 720 2726 .·
747 2655 816 2726 Si
839 2677 966 2726 aere
991 2657 1206 2727 alieno
1217 2663 1545 2747 gravatus,
1576 2657 1649 2725 in
1677 2659 1760 2726 iis
1786 2658 2041 2726 casibus
2066 2663 2137 2727 in
2162 2661 2407 2748 quibus

127 2792 262 2840 non
309 2770 458 2838 lieet
497 2771 624 2861 ipsi
653 2770 1040 2862 religionem
1085 2772 1370 2862 ingredi,
1415 2792 1561 2839 eam
1604 2778 1821 2840 tamen
1876 2773 2310 2860 ingrediatur,
2340 2779 2407 2841 et

129 2884 586 2976 professionem
609 2888 884 2976 emittat,
912 2887 1126 2956 valida
1147 2895 1244 2957 est
1283 2887 1615 2980 professio.
1650 2887 1745 2955 lta
1786 2886 2075 2954 doctores
2098 2907 2403 2955 commu-

125 3004 294 3070 niter
308 3001 996 3093 (videTamhurinum,
1023 3003 1105 3073 de
1121 3008 1282 3074 Jure
1299 3005 1645 3091 abbatum,
1670 3011 1829 3073 tom.
1856 3000 1926 3084 3,
1954 3001 2121 3091 disp.
2148 3001 2217 3084 θ,
2245 3023 2311 3090 q.
2328 2999 2402 3084 3,

130 3139 196 3188 n.
232 3117 371 3207 11).
401 3117 503 3186 Ad
531 3119 734 3187 instar
755 3139 992 3212 nempe
1033 3124 1346 3191 eontracti
1384 3118 1791 3190 matrimonii
1824 3140 1975 3189 cum
2013 3137 2172 3201 una,
2214 3115 2298 3182 ab
2324 3133 2403 3184 eo

129 3233 236 3319 qui
265 3233 588 3325 sponsalia
610 3233 845 3305 inierat
882 3257 1042 3306 cum
1071 3237 1269 3308 altera
1305 3261 1326 3309 z
1366 3237 1662 3328 quamvis
1697 3235 1876 3304 enim
1926 3240 2144 3326 peccet
2178 3235 2403 3301 eontra

124 3349 439 3436 justitiam
453 3351 573 3440 qui
595 3351 690 3421 sic
715 3352 874 3442 agit,
901 3352 1072 3422 valet
1099 3354 1302 3445 ipsius
1332 3353 1853 3423 matrimonium.

205 3463 362 3535 Haec
387 3466 470 3535 de
479 3467 630 3556 Jure
651 3469 996 3537 communi
1024 3475 1176 3538 ante
1201 3467 1455 3539 Sixtum
1482 3467 1569 3539 V.
1624 3469 1733 3538 An
1756 3469 1831 3538 in
1864 3463 2083 3556 aliquo
2095 3468 2208 3557 jus
2236 3464 2399 3534 illud

127 3579 542 3648 immutatum
577 3581 772 3649 fuerit
808 3589 1098 3652 remanet
1122 3583 1643 3675 expende-ndum.

202 3693 272 3764 2⁰
293 3697 412 3764 Ius
440 3715 790 3764 commune
811 3719 854 3765 a
885 3709 1178 3790 tempore
1205 3699 1388 3768 Sia-ti
1428 3701 1501 3787 V,
1557 3697 1783 3790 quoad
1821 3719 1950 3767 aere
1983 3694 2203 3766 alieno
2228 3715 2400 3786 qra-

125 3821 448 3878 vatos.-
474 3813 708 3880 Primo
734 3833 758 3879 .·
788 3811 1112 3904 Loquitur
1159 3813 1472 3883 duntaxat
1502 3813 1722 3883 Sixtus
1753 3815 1815 3885 V
1840 3815 1921 3884 de
1950 3811 2212 3905 inqenti
2265 3831 2399 3880 aere

121 3925 340 3994 alieno
355 3947 560 4018 supra
587 3928 759 3996 vires
780 3929 1204 4018 facultatum
1246 3952 1529 3998 suarum
1576 3931 1857 4020 gravatis
1913 3927 2405 4020 (constitutione

133 4039 298 4109 Cum
321 4039 404 4110 de
443 4043 773 4125 omnibus,
795 4043 980 4113 Geel.
999 4045 1364 4115 decembris
1399 4044 1621 4138 1587).
1655 4045 1935 4115 Proinde
1952 4046 2007 4112 si
2029 4043 2245 4112 debita
2269 4061 2403 4111 non

123 4154 248 4224 sint
275 4157 608 4248 inqentia,
637 4159 743 4230 vel
768 4159 824 4228 si
857 4159 1110 4230 debitor
1139 4183 1278 4230 non
1309 4163 1394 4232 sit
1428 4160 1747 4231 solvendo
1774 4161 2024 4252 ἱνηραν,
2055 4158 2401 4251 applican-

122 4266 274 4338 dum
302 4281 598 4345 remanet
614 4278 728 4368 Jus
761 4295 1114 4348 commune
1150 4301 1348 4372 supra
1375 4278 1762 4370 expositum.

199 4387 500 4458 Secundo
521 4411 546 4459 .·
573 4390 800 4475 Quoad
823 4399 1122 4484 gravatos
1150 4395 1402 4483 ingenti
1436 4413 1563 4462 aere
1580 4389 1817 4475 alieno,
1846 4395 1909 4506 et
1936 4389 2243 4462 solvendo
2261 4389 2403 4461 im-
