2834 4959
1160 318 1313 367 rus
1352 320 1594 369 mna,
2397 323 2468 377 41
2489 326 2510 379 2

204 454 387 523 lares
426 440 891 534 proedictarum
934 438 1303 529 regionum.
1349 437 1490 511 Hoc
1553 447 1769 511 aute-
1809 444 2008 514 semel
2055 444 2362 534 admisso,
2409 452 2521 519 in-

206 562 385 630 victe
416 557 715 648 sequitur
736 574 983 623 errasse
1008 551 1397 645 Ecclesiam,
1430 560 1494 625 et
1522 556 1594 624 in
1633 556 1986 627 universali
2025 580 2142 631 sua
2177 560 2524 651 disciplina

202 682 269 743 et
312 674 507 766 praxi
543 669 795 761 aliquid
828 668 1059 739 absoni
1102 668 1461 741 induxisse.
1508 670 1678 741 Nam
1724 674 1788 741 1⁰
1831 679 2084 745 eertum
2129 682 2226 745 est
2266 676 2350 749 ab
2389 677 2525 747 Ec-

206 786 419 858 clesia
480 792 801 875 tanquam
844 804 1031 853 veros
1066 784 1407 877 professos,
1449 780 1726 855 dominii
1771 788 2132 880 incapaces,
2183 810 2298 879 per
2335 790 2524 881 plura

209 900 465 972 soecnla
506 898 763 969 habitos
790 898 984 970 fuisse
1024 898 1381 991 religiosos,
1431 919 1468 969 e
1509 901 1881 992 regionibus
1917 903 2284 975 infidelium
2319 906 2525 979 haere·
2657 916 2664 921 '

222 1013 605 1085 ticormnve
674 1012 1166 1107 oriundos,post
1198 1015 1319 1085 rite
1355 1015 1664 1085 emissam
1703 1015 1788 1085 ab
1831 1016 1988 1107 ipsis
2029 1018 2518 1109 professionem,

214 1130 381 1201 licet
430 1132 503 1199 in
550 1128 742 1199 dictis
807 1130 1102 1221 ipsorum
1155 1129 1534 1220 regionibus
1583 1152 1622 1201 a
1671 1130 1814 1221 lege
1873 1152 2003 1201 non
2065 1142 2522 1223 agnosceretur

213 1268 463 1317 eorum
508 1246 877 1339 possidendi
926 1246 1337 1339 incapacitas.
1419 1248 1633 1340 Atque
1685 1248 1752 1317 id
1814 1248 1976 1319 adeo
2053 1249 2518 1323 inconcussum

220 1370 353 1452 aet,
408 1370 487 1433 ut
536 1383 619 1433 ne
674 1384 888 1433 unum
944 1363 1213 1455 quidem
1254 1363 1536 1457 reperire
1586 1364 1914 1455 potuerim
1959 1368 2360 1439 canonistam
2402 1370 2518 1458 qui

222 1500 373 1550 rem
408 1480 481 1549 in
526 1480 941 1571 quaestionem
978 1477 1325 1569 vocaverit,
1372 1485 1438 1548 et
1479 1479 1562 1549 de
1603 1479 2004 1551 solemnitate
2051 1484 2181 1553 voti
2231 1504 2518 1575 pauper-

214 1593 369 1665 tatis
392 1596 465 1664 in
496 1594 667 1665 dicto
690 1616 845 1665 casu
888 1594 1283 1665 dubitaverit
1319 1624 1339 1676 ς
1392 1596 1694 1685 quamvis
1723 1616 1910 1667 casus
1955 1596 2066 1665 ille
2113 1599 2182 1667 in
2227 1602 2523 1689 proxime

218 1710 463 1803 elapsis
522 1711 777 1782 saeculis
842 1716 1155 1802 perpetuo
1218 1709 1413 1778 fuerit
1464 1709 2050 1800 frequentissimus.
2123 1712 2189 1779 2⁰
2255 1712 2524 1783 Certum

222 1826 476 1919 pariter
532 1834 647 1913 est,
698 1849 821 1919 pro
872 1825 1149 1897 solemni
1206 1825 1508 1895 habitum
1556 1826 1751 1895 fuisse
1807 1826 1890 1895 ab
1959 1826 2242 1897 Ecclesia
2295 1835 2522 1898 votum

220 1941 631 2031 paupertatis
682 1942 1017 2033 religiosoe,
1073 1941 1249 2032 quod
1295 1942 1655 2010 emiserunt
1713 1940 2026 2029 religiosi,
2091 1962 2130 2009 e
2178 1942 2516 2013 catholicis

218 2054 615 2145 regionibus
658 2056 941 2141 oriundi,
994 2057 1065 2125 in
1108 2054 1349 2145 quibus
1398 2054 1770 2125 solemnitas
1825 2055 1965 2125 haec
2021 2056 2514 2145 agnoscebatur,

215 2172 523 2263 quamvis
560 2171 777 2264 isimul
826 2192 1046 2241 coram
1091 2171 1349 2262 legibus
1397 2170 1870 2243 haereticalium
1918 2172 2262 2261 regionum
2305 2171 2518 2243 forent

214 2290 614 2361 haereditatis
641 2311 925 2381 capaces.
956 2288 1155 2379 Ergo,
1218 2288 1345 2358 nisi
1376 2288 1662 2359 Ecclesia
1703 2290 2198 2381 incapacitatem
2235 2290 2514 2361 dominii

216 2404 735 2499 independenter
758 2426 797 2475 a
824 2403 1247 2474 saecularibus
1284 2404 1542 2497 legibus
1579 2403 1894 2475 inducere
1934 2404 2196 2489 valeret,
2242 2413 2516 2476 errasset

223 2541 349 2614 pro
372 2522 781 2592 solemnibus
825 2520 1121 2593 habendo
1160 2526 1309 2589 vota
1352 2542 1496 2610 quae
1545 2520 1859 2591 solemnia
1909 2543 2045 2591 non
2091 2519 2402 2611 fuissent,
2453 2528 2517 2591 et

222 2638 357 2709 sibi
410 2636 783 2725 tribuendo,
838 2658 971 2727 qua
1022 2636 1355 2722 caruisset,
1400 2640 1798 2724 potestatem.
1855 2635 2048 2715 Quod
2095 2658 2255 2706 cum
2303 2636 2518 2706 dicere

222 2754 415 2822 naias
454 2756 558 2838 sit,
609 2758 899 2823 remanet
940 2758 1015 2821 ut
1057 2751 1323 2820 existere
1365 2748 1560 2841 possit
1600 2748 1812 2838 quoad
1859 2749 2192 2835 religiosos
2237 2753 2514 2821 dominii

221 2868 632 2959 incapacitaS,
680 2869 1103 2959 quantumvis
1138 2888 1285 2936 eam
1337 2860 1440 2935 lex
1483 2860 1808 2933 saecularis
1851 2862 2052 2951 hujus
2091 2868 2206 2930 aut
2251 2862 2518 2933 alterius

216 2984 511 3076 regionis
536 3005 669 3054 non
706 2990 1030 3075 agnoscat.
1736 2978 1744 2987 '

316 3100 528 3171 Nota.
572 3136 665 3153 ——
708 3098 946 3168 Casum
1000 3117 1135 3167 non
1159 3096 1395 3187 agnitoe
1449 3116 1488 3163 a
1540 3096 1844 3186 potestate
1889 3089 2180 3161 soeculari
2237 3092 2514 3181 praefatae

218 3212 671 3303 incapacitatis
718 3212 1019 3304 expendit
1062 3212 1375 3282 dominus
1416 3209 1712 3280 Carriere
1755 3209 1946 3315 quasi
1974 3226 2182 3277 novus
2215 3212 2400 3291 esset,
2452 3212 2516 3275 et

223 3326 457 3397 Gauiae
518 3328 829 3397 duntaxat
890 3327 1217 3418 religiosos
1274 3324 1638 3417 respiceret.
1699 3320 1774 3391 ln
1837 3340 1970 3411 quo
2033 3325 2204 3389 certe
2249 3341 2512 3415 prorsus

224 3440 499 3511 fallitur.
540 3442 737 3525 Nam,
776 3447 853 3513 ut
878 3441 1187 3531 diximus„
1218 3442 1289 3509 in
1330 3438 1658 3509 retroactis
1681 3434 1935 3507 saeculis
1977 3444 2288 3527 perpetuo
2323 3437 2516 3506 exsti·

214 3564 357 3629 tere
384 3557 735 3647 guber-nia,
767 3580 913 3649 quae
948 3556 1228 3628 dominii
1250 3554 1742 3645 incapacitatem
1775 3552 1848 3621 in
1894 3550 2210 3637 religiosis
2239 3548 2514 3619 minime

212 3678 670 3764 agnoscerent.
698 3672 781 3743 Et
810 3678 1027 3743 tamen
1056 3690 1397 3761 nunquam
1430 3668 1772 3759 hucusque
1811 3664 2184 3735 dubitatum
2215 3669 2311 3731 est
2352 3663 2512 3750 quin

212 3790 543 3859 solemnia
570 3789 813 3859 fuerint
848 3798 997 3861 vota
1041 3788 1529 3878 religiosorum,
1557 3804 1635 3853 ex
1687 3781 1826 3855 istis
1869 3778 2248 3872 regionibus
2283 3780 2548 3849 oriun-·

218 3902 489 3973 dorum.
519 3904 655 3973 Cur
678 3925 834 3994 ergo
862 3903 1165 3975 laudatus
1192 3887 1419 3972 auctor
1460 3899 1946 3971 conclusionem
1989 3916 2173 3965 suam
2217 3896 2300 3964 ad
2341 3896 2510 3983 ejus-

214 4016 404 4089 modi
456 4020 935 4109 praeteritorum
990 4025 1361 4111 temporum
1416 4014 1748 4105 religiosos
1821 4033 1956 4083 non
2017 4009 2298 4081 extendit
2317 4007 2352 4078 ⁶?
2378 4008 2512 4083 Cur

220 4150 363 4203 non
390 4131 555 4201 dixit
572 4132 990 4225 probabilius
1022 4154 1265 4204 errasse
1292 4129 1656 4203 canonistas
1683 4148 1910 4197 omnes
1935 4132 2124 4216 atque
2158 4123 2515 4193 Ecclesiam

222 4245 469 4339 ipsam,
525 4249 982 4341 religiosorum
1034 4248 1301 4319 illorum
1353 4250 1499 4315 vota
1549 4264 1668 4337 pro
1727 4239 2134 4313 solemnibus
2183 4238 2509 4325 habendo,

216 4382 409 4452 cum,
431 4365 619 4455 juxta
649 4366 855 4455 ipsius
884 4364 1287 4458 opinionem,
1321 4358 1722 4456 probabilius
1749 4356 1903 4427 talia
1953 4376 2088 4426 non
2129 4353 2394 4436 fuerint,
2429 4353 2516 4423 ob
