2834 4959
409 309 488 366 20
765 297 772 304 ’
979 315 1314 366 amcra‘rus
1359 320 1439 368 na
1482 321 1631 368 maa
1675 317 2089 368 neumatum.

495 433 864 504 Paorosmo
893 435 1028 506 111⁸.
1062 475 1156 490 -
1179 441 1399 508 Datur
1432 439 1503 508 in
1533 439 1840 508 Ecclesia
1866 451 2082 508 status
2118 438 2539 530 perfectionis
2564 461 2675 507 ac-

403 549 764 642 quirendae,
795 573 907 619 seu
933 549 1345 623 tendentium
1373 552 1469 622 ad
1486 554 1989 649 perfectionem.
2020 591 2109 606 -·
2128 551 2240 622 Est
2264 553 2440 624 enim
2481 560 2673 623 noto-

404 666 644 736 rietatis
667 662 946 755 publicae
992 665 1206 755 plures
1234 666 1425 737 hodie
1472 673 1711 736 exstare
1738 666 2029 736 virorum
2054 675 2117 736 et
2165 666 2521 736 mulierum
2568 689 2671 736 so-

403 780 685 864 cietateS,
713 800 856 869 quae
881 785 1112 872 praeter
1141 783 1593 852 mandatorum
1622 781 2158 865 observationem,
2190 782 2453 852 consilia
2475 781 2677 853 etiam

403 895 792 985 evangelica,
843 898 1079 986 piaque
1105 894 1229 964 alia
1275 896 1854 987 supererogationis
1894 918 2091 986 opera¹
2132 896 2256 968 sibi
2306 899 2678 987 exequenda

405 1011 866 1101 praescribunt3
917 1016 1104 1101 atque
1131 1012 1206 1080 ad
1251 1012 1318 1081 id
1373 1018 1736 1082 constanter
1760 1018 1825 1081 et
1879 1021 2187 1104 perpetuo
2236 1013 2676 1105 praestandum

402 1131 531 1199 voti
563 1151 630 1198 se
655 1127 920 1198 vinculo
941 1128 1370 1220 obstringunt.

494 1243 572 1314 Et
604 1245 813 1334 palam
857 1245 1050 1312 etiam
1079 1252 1172 1312 est
1197 1266 1429 1336 scopus
1461 1265 1659 1334 quem
1689 1245 1758 1314 in
1800 1244 2119 1334 ejusmodi
2171 1246 2434 1315 vivendi
2490 1248 2679 1315 insti-

407 1366 543 1429 tuto
594 1359 722 1428 sibi
762 1359 1149 1450 praefigunt:
1188 1359 1576 1451 profitentur
1622 1381 1855 1450 nempe
1910 1381 1978 1429 se
2018 1360 2086 1429 id
2122 1381 2308 1450 agere
2349 1367 2424 1428 ut
2470 1363 2679 1451 magis
2807 1341 2808 1346 ¹

407 1474 541 1544 Deo
569 1473 885 1564 placeant,
911 1474 1071 1542 etin
1119 1475 1425 1544 charitate
1454 1475 1789 1565 proficiant
1806 1501 1827 1562 3
1860 1475 2037 1565 quod
2067 1480 2236 1544 certe
2286 1475 2448 1544 nihil
2496 1475 2677 1545 aliud

406 1597 499 1660 est
525 1613 720 1681 quam
763 1591 846 1660 ad
883 1591 1342 1682 acquirendam
1384 1591 1845 1682 perfectionem
1896 1591 2179 1662 tendere.
2214 1591 2369 1661 'Nec
2426 1591 2510 1660 ab
2558 1591 2680 1662 Ec·
2806 1619 2808 1652 ι

408 1706 616 1776 clesiae
684 1706 959 1776 exordiis
1017 1728 1308 1799 unquam
1369 1707 1629 1776 defuere
1683 1706 1979 1776 homines
2023 1708 2166 1796 qui,
2240 1707 2341 1776 vel
2402 1707 2671 1796 singuli,

409 1820 510 1890 vel
537 1821 608 1889 in
655 1823 1020 1890 societatem
1066 1821 1404 1893 coadunati
1461 1821 1528 1889 id
1580 1821 1861 1890 instituti
1908 1825 2325 1888 sectarentur.
2367 1821 2429 1888 ls
2478 1841 2673 1911 porro

405 1932 662 2002 vivendi
689 1935 926 2005 modus
953 1940 1154 2003 status
1195 1935 1507 2004 rationem
1560 1933 1779 2020 habet,
1810 1933 2135 2024 siquidem
2166 1935 2233 2002 in
2264 1953 2339 2001 eo
2366 1932 2677 2002 stabiliter
2807 1955 2808 1972 ³

407 2047 773 2118 detinentur
795 2052 860 2118 vi
881 2051 1012 2117 voti
1039 2070 1169 2137 quo
1199 2071 1266 2116 se
1312 2055 1620 2140 perpetuo
1654 2048 2051 2138 obligarunt.
2102 2045 2269 2117 Cum
2314 2069 2465 2137 ergo
2492 2054 2564 2116 et
2604 2050 2682 2118 ad

409 2163 866 2252 perfectionem
915 2161 1374 2251 acquirendam
1417 2163 1501 2230 sit
1534 2161 1893 2246 ordinatus,
1949 2169 2013 2232 et
2049 2163 2185 2232 veri
2238 2169 2437 2232 status
2482 2165 2681 2232 ratio-

409 2297 562 2345 nem
588 2277 841 2364 habeat,
875 2276 1064 2368 plane
1089 2277 1376 2366 sequitur
1400 2277 1541 2346 dari
1568 2277 1639 2346 in
1682 2275 1969 2346 Ecclesia
1995 2283 2231 2348 statum
2270 2279 2682 2369 perfectionis
2807 2299 2808 2364 }

409 2390 836 2480 acquirendae.
1457 2391 1462 2395 ’

1340 2719 1617 2793 CAPUT
1654 2722 1740 2793 V.

414 2953 637 3002 sTA‘rus
667 2953 1202 3016 PEmc'rloms,1N
1233 2954 1473 3000 sumn
1499 2952 1932 3000 PERFECTIORIS
1957 2953 2316 3014 ACQUISITAE,
2338 2955 2415 3001 ΕΤ
2440 2955 2682 3003 STATUu

733 3059 1162 3107 PERFECTIONIS
1197 3061 1599 3114 ACQUIRENDAE
1642 3061 1979 3115 ADAEQUATE
2016 3061 2353 3109 DIVIDITUR.

501 3309 579 3378 In
629 3309 1068 3401 superioribus
1111 3307 1427 3400 capitibus
1471 3307 1727 3377 dictum
1774 3314 1871 3377 est
1916 3308 1997 3378 de
2061 3314 2289 3378 natura
2344 3314 2555 3420 status
2621 3315 2687 3380 in
2807 3335 2808 3384 3

413 3443 671 3515 genere,
717 3424 796 3493 de
839 3430 1003 3492 statu
1052 3424 1199 3492 vitae
1251 3422 1639 3505 christianae,
1678 3423 1759 3492 de
1810 3422 2083 3494 essentia
2127 3424 2569 3516 perfectionis,
2612 3427 2691 3496 de
2807 3473 2808 3506 2

412 3546 580 3610 statu
632 3539 1040 3629 perfectionis
1089 3538 1412 3628 acquisitae
1469 3560 1581 3607 seu
1641 3538 2032 3637 exercendae,
2074 3547 2137 3608 et
2182 3537 2265 3608 de
2308 3546 2475 3608 statu
2538 3564 2692 3634 per-

413 3656 706 3726 fectionis
749 3653 1178 3744 acquirendae.
1209 3654 1295 3722 At
1338 3654 1633 3722 nondum
1684 3653 2103 3745 expendimus
2150 3655 2310 3744 quid
2356 3657 2441 3724 sit
2484 3663 2693 3726 status

410 3770 546 3856 ille,
571 3773 688 3861 qui
715 3768 1098 3858 simpliciter
1122 3779 1340 3837 status
1359 3768 1788 3860 perfectionis
1810 3775 2111 3854 vocatum
2142 3777 2205 3838 et
2244 3791 2408 3839 num
2454 3770 2691 3842 haberi
2807 3751 2808 3784 z

413 3883 639 3953 debeat
710 3891 1016 3972 tanquam
1071 3903 1292 3972 genus,
1351 3884 1524 3973 quod
1574 3884 1695 3952 sub
1754 3903 1820 3952 se
1871 3884 2192 3953 contineat
2262 3885 2421 3954 duas
2478 3887 2691 3957 dictas

415 4000 652 4092 species
695 3999 915 4089 (status
959 4019 1193 4089 nempe
1228 3997 1665 4088 acquirendae,
1704 4003 1770 4066 et
1814 4003 2013 4068 status
2054 3999 2381 4089 acquisitae
2436 4003 2697 4092 perfec·-

415 4113 660 4204 tionis),
715 4121 905 4205 atque
946 4117 1018 4184 in
1055 4135 1161 4184 eas
1206 4114 1539 4204 adaequate
1584 4113 1931 4184 dividatur.
1974 4111 2048 4184 ld
2088 4115 2485 4191 nunc‚venit
2528 4138 2698 4186 enu-

414 4226 788 4300 oleandum.

505 4342 874 4413 Pnorosrno
930 4344 1006 4413 1⁸.
1057 4381 1148 4398 -
1213 4344 1390 4413 Varii
1430 4356 1646 4414 status
1692 4344 1849 4414 vitoe
1913 4344 2289 4416 christianae
2336 4341 2699 4434 adoequate
