2834 4959
1121 286 1273 335 PARS
1314 286 1554 337 mmm.
2347 294 2474 353 46⁶1

195 399 669 491 praemittemus
724 400 944 491 primo
979 402 1231 475 decreta
1274 407 1456 477 varia
1504 411 1718 499 quoad
1771 411 1942 505 ipsos
1989 417 2275 507 prolata:
2331 428 2474 493 tum

192 519 349 611 quid
374 520 550 609 juris
575 520 728 591 inde
746 527 1056 612 sequatur
1077 524 1688 602 determinabimus.

1270 746 1409 839 gl.

700 901 861 953 varim
886 900 1165 955 decisiones
1180 903 1472 969 Trappistas
1487 906 1660 963 Gallia
1686 914 2026 975 respicientes.

285 1072 343 1141 1.
378 1074 727 1143 Decretum
756 1077 979 1143 Sacroe
1020 1076 1572 1173 Conqreqationis
1595 1086 2082 1179 Episcoporum
2113 1106 2178 1161 et
2202 1098 2480 1187 requla-

194 1189 373 1256 rium
391 1188 561 1257 anni
574 1189 747 1259 1834
766 1189 879 1281 (1).
893 1228 985 1241 —
1006 1188 1365 1263 «Kalendis
1382 1197 1688 1288 octobris,
1707 1221 1880 1272 anno
1897 1204 2474 1296 MDCCCXXXIV,
2571 1264 2606 1299 .,

202 1330 237 1370 α
268 1300 791 1375 Eminentissimi
831 1310 897 1375 et
938 1304 1482 1381 Reverendissimi
1527 1311 1668 1383 DD.
1721 1313 1789 1386 S.
1859 1318 1934 1388 R.
1989 1321 2060 1391 E.
2107 1324 2476 1399 cardinales

202 1446 237 1483 α
266 1417 535 1489 Carolus
606 1418 1011 1503 Odescalchi,
1084 1424 1420 1514 praefectus
1491 1434 1554 1498 et
1613 1430 1872 1520 relator,
1941 1436 2210 1511 Carolus
2277 1441 2481 1513 Maria

204 1560 237 1597 α
278 1532 589 1621 Pedicini‚
646 1543 707 1604 et
772 1534 1055 1607 Thomas
1110 1539 1314 1609 Weld
1364 1562 1401 1611 a
1460 1546 1862 1619 sanctissimo
1917 1548 2197 1625 Domino
2251 1554 2482 1629 Nostro

202 1677 235 1715 α
267 1649 583 1741 Gregorio
610 1650 795 1741 XVI,
827 1674 904 1722 ex
940 1652 1011 1723 S.
1044 1654 1594 1749 congregatione,
1647 1664 1922 1753 negotiis
1959 1672 2022 1737 et
2055 1672 2478 1745 consultatio-

200 1790 233 1829 «
268 1765 469 1835 nibus
510 1764 977 1859 Episcoporum
1020 1776 1082 1838 et
1124 1770 1528 1862 regularium
1567 1780 1932 1869 praeposita‚
1977 1786 2307 1871 speciatim
2355 1789 2476 1859 de-

200 1906 240 1946 ιι
274 1880 510 1971 putati,
532 1902 661 1970 quo
682 1882 889 1972 aptius
911 1886 1296 1955 monasteria
1312 1884 1784 1979 Trappensium
1807 1892 1879 1959 in
1901 1892 2108 1965 Gallia
2131 1898 2477 1971 instituan-

206 2019 249 2059 α
283 2000 417 2074 tur,
467 1998 531 2062 et
579 1994 919 2067 virtutibus
974 1996 1343 2083 florescant,
1394 2002 1629 2073 auditis
1670 2002 2000 2098 Episcopis
2041 2010 2476 2101 singularium

201 2138 235 2177 «
268 2109 677 2195 dioecesium,
745 2114 814 2183 in
884 2115 1127 2207 quibus
1186 2116 1411 2187 eadem
1462 2121 1848 2192 monasteria
1901 2131 2110 2195 erecta
2175 2136 2354 2219 sunt,
2417 2139 2478 2203 et

198 2250 235 2293 a
268 2226 490 2296 audito
526 2225 599 2297 P.
634 2229 915 2299 Antonio
948 2230 1183 2300 abbate
1218 2230 1671 2324 Melleariensi,
1704 2243 1767 2307 et
1796 2238 2116 2313 visitatore
2141 2242 2225 2314 ab
2251 2248 2474 2317 eadem

201 2372 234 2411 ι
262 2340 337 2413 S.
380 2340 891 2435 congregatione
938 2344 1263 2438 deputato,
1324 2359 1718 2422 censuerunt
1763 2376 1836 2425 ea
1881 2378 2030 2449 quae
2079 2368 2464 2453 sequuntur,

200 2486 235 2525 (ι
261 2459 611 2530 decernere
637 2468 700 2529 et
727 2468 1025 2531 statuere.

286 2599 325 2639 «
369 2576 430 2643 1⁰
464 2572 849 2647 Monasteria
888 2578 1109 2651 omnia
1153 2575 1631 2671 Trappensium
1685 2584 1752 2651 in
1803 2584 2009 2657 Gallia
2059 2613 2261 2662 unam
2311 2616 2476 2665 con-

200 2715 233 2753 (ι
268 2690 713 2779 gregationem
750 2694 1169 2779 constituant,
1206 2711 1353 2783 quae
1393 2693 1819 2783 appellabitur
1858 2706 2279 2794 conqreqatio
2316 2710 2466 2777 Mo·-

197 2830 232 2869 «
258 2802 632 2873 nachorum
664 2806 1189 2877 Cisterciensium
1220 2811 1302 2877 B.
1336 2805 1576 2881 Μανία
1603 2806 1684 2878 de
1713 2812 2009 2903 Trappa.

286 2946 331 2987 ε(
356 2920 426 2989 2⁰
462 2920 631 2991 Huic
666 2922 1029 2993 moderator
1070 2922 1383 3013 generalis
1416 2922 1660 2992 ordinis
1699 2923 2136 2997 Cisterciensis
2183 2934 2460 3021 praeerit,

190 3062 223 3101 α
255 3042 331 3105 et
356 3024 649 3129 singulos
676 3038 935 3109 abbates
961 3038 1399 3108 confirmabit.

284 3179 327 3216 α
359 3151 426 3221 3⁰
474 3150 553 3223 ln
607 3151 817 3223 Gallia
868 3153 1147 3222 vicarius
1204 3153 1522 3243 generalis
1570 3154 1883 3225 habeatur
1935 3158 2118 3227 omni
2167 3166 2468 3251 potestate

190 3294 224 3335 α
252 3266 579 3360 praeditus
598 3268 681 3337 ad
709 3268 1272 3359 congregationem
1303 3276 1474 3339 recte
1503 3269 2107 3344 administrandam..

262 3408 327 3469 ,α
358 3385 429 3451 4⁰
476 3380 549 3451 ld
598 3384 889 3455 muneris
949 3390 1259 3475 perpetuo
1322 3386 1748 3476 conjunctum
1819 3384 1938 3454 erit
1998 3408 2154 3459 cum
2213 3392 2472 3464 abbatia

191 3523 225 3563 α
255 3498 519 3587 antiqui
558 3497 929 3579 monasterii
965 3498 1045 3567 B.
1088 3496 1304 3569 Mariae
1340 3499 1422 3569 de
1461 3497 1742 3593 Trappa,
1782 3520 1856 3570 ex
1900 3522 2030 3591 quo
2072 3503 2468 3597 Trappenses

140 3635 155 3649 ·
188 3637 224 3681 α
260 3613 537 3682 initium
584 3612 978 3699 habuerunt,
1026 3613 1114 3683 ita
1160 3618 1237 3681 ut
1280 3612 1528 3705 singuli
1571 3613 1752 3685 illius
1796 3617 2162 3685 monasterii
2209 3618 2470 3689 abbates

188 3755 223 3795 α
256 3729 575 3799 canonice
609 3730 795 3817 electi
836 3734 1211 3820 potestatem
1242 3729 1470 3821 simul,
1508 3735 1569 3799 et
1611 3752 1848 3801 munus
1886 3734 2110 3802 vicarii
2149 3736 2468 3823 generalis

190 3870 231 3911 ι(
260 3852 767 3935 consequantur.

170 3978 185 3993 ·
286 3985 327 4027 «
358 3959 424 4028 5⁰
453 3959 813 4045 Quotannis
845 3960 1127 4031 vicarius
1160 3959 1480 4050 generalis
1513 3965 1656 4029 tum
1693 3960 2050 4052 capitulum
2092 3962 2460 4051 celebrabit,

193 4104 229 4144 α
258 4076 535 4168 reliquis
580 4077 947 4162 abbatibus,
1014 4074 1116 4143 vel
1194 4073 1520 4167 prioribus
1600 4076 2137 4146 conventualibus
2203 4080 2462 4161 accitis3

252 4267 327 4325 (1)
346 4260 559 4313 Editnm
581 4259 710 4312 illud
732 4259 993 4312 decretum
1010 4258 1229 4323 reperies
1258 4258 1393 4322 apud
1416 4258 1656 4321 Ferraria,
1680 4258 1836 4310 editio
1868 4258 2050 4324 migne,
2079 4264 2221 4353 1852,
2252 4266 2390 4316 tomo
2423 4272 2466 4331 1,

186 4352 297 4404 ool.
340 4356 483 4403 14⁴8.
