2834 4959
393 325 530 390 ,152
968 327 1308 379 moruus
1353 330 1435 376 DE
1476 330 1627 376 JURE
1674 329 2092 377 assummum.

413 477 449 518 α
473 451 682 541 qualis
705 449 1158 538 religiosorum
1185 453 1301 534 est,
1333 448 1625 518 referunt
1664 450 1951 540 primum
1990 449 2071 517 ad
2096 446 2409 520 familiam
2432 449 2685 520 Christi

413 594 450 634 α
468 572 534 636 et
550 565 1040 656 Apostolorum,
1066 562 1180 655 qui
1203 564 1509 632 dixerunt
1533 587 1551 629 z
1574 565 1745 632 Ecce
1764 586 1885 634 nos
1907 562 2289 656 reliquimus
2302 564 2563 648 omnia,
2584 567 2687 634 in-

411 708 448 748 «
471 689 566 750 ter
619 703 764 771 quae
787 680 981 750 etiam
1033 701 1263 752 uxores
1306 681 1733 749 nominantur
1786 704 1803 748 ε
1850 682 2025 750 unde
2066 689 2130 751 et
2182 683 2307 752 vita
2330 681 2683 772 apostolica

407 825 446 864 α
469 804 748 868 vocatur.
781 823 813 862 s

491 912 728 1004 Negari
774 935 926 982 vero
967 933 1100 983 non
1169 917 1372 1004 potest
1407 935 1541 983 esse
1615 912 1932 982 nonnulla
1990 909 2107 982 SS.
2185 909 2457 981 Patrum
2540 933 2683 1002 pro-

399 1032 718 1115 nuntiata,
745 1049 892 1118 quae
920 1029 1077 1098 huic
1139 1029 1471 1098 sententiae
1512 1035 1749 1119 queant
1794 1027 2273 1098 accommodari
2322 1032 2342 1095 ὲ
2394 1028 2679 1120 exempli

399 1167 616 1231 causa,
663 1144 840 1236 quod
879 1142 948 1214 S.
982 1142 1260 1212 loannes
1311 1143 1807 1232 Chrysostcmus
1852 1149 2169 1212 asseverat
2200 1142 2561 1212 monachos
2602 1145 2685 1214 ita

400 1264 614 1332 vivere
667 1262 760 1330 uti
833 1261 1022 1330 initio
1079 1257 1378 1328 Ecclesiae
1446 1259 1741 1328 vivebant
1789 1258 2005 1328 fideles
2054 1259 2127 1328 in
2176 1255 2537 1327 Jerusalem
2594 1260 2677 1350 (1)
2783 1277 2784 1286 “

399 1380 510 1448 cui
555 1381 861 1447 consonat
913 1373 980 1444 S.
1047 1374 1510 1463 HieronymuS,
1575 1367 1749 1442 idem
1824 1394 2089 1465 prorsus
2150 1373 2480 1442 affirmans
2558 1375 2673 1466 (2).

401 1493 669 1563 Sanctus
711 1513 864 1560 vero
919 1489 1270 1575 Possidius,
1329 1491 1445 1560 ubi
1488 1491 1775 1560 narravit
1818 1487 1887 1557 S.
1941 1489 2391 1580 Augustinum
2444 1513 2683 1559 mona-

399 1609 670 1678 sterium
715 1607 884 1675 intra
910 1605 1246 1676 ecclesiam
1289 1606 1665 1694 instituisse,
1703 1605 1879 1675 illico
1922 1603 2263 1695 subjungit
2309 1603 2390 1696 (3)
2443 1631 2459 1674 ε
2514 1631 2553 1672 «
2598 1605 2683 1674 Et

411 1751 448 1790 α
473 1744 628 1792 eum
657 1722 775 1790 Dei
813 1723 1013 1792 servis
1058 1722 1270 1792 vivere
1315 1723 1510 1811 coepit
1552 1721 1909 1790 secundum
1940 1720 2241 1810 ‘modum
2284 1727 2347 1790 et
2386 1721 2679 1810 regulam

413 1838 600 1908 msub
641 1838 876 1906 sanctis
920 1837 1244 1928 Apostolis
1285 1837 1735 1917 constitutam;
1780 1860 1815 1902 >³
1865 1835 2039 1926 quod
2086 1841 2149 1906 et
2192 1838 2327 1926 ipse
2376 1837 2679 1925 Augusti-
2785 1874 2786 1900 ι

405 1975 568 2033 nus,
605 1953 686 2022 de
731 1953 981 2022 clericis
1031 1953 1189 2040 suis,
1243 1952 1361 2043 qui
1399 1950 1681 2042 religiosi
1727 1957 1934 2036 erant,
1998 1971 2367 2020 sermonem
2416 1951 2675 2036 iaciens,
2785 1923 2786 1952 ³

405 2068 684 2138 declarat
725 2070 794 2135 in
845 2069 1024 2136 hunc
1071 2067 1344 2136 modum
1377 2091 1396 2136 ς
1432 2093 1467 2132 α
1506 2065 1721 2136 Nostis
1752 2067 1847 2136 sic
1878 2087 1995 2136 nos
2028 2065 2243 2136 vivere
2273 2067 2340 2134 in
2392 2089 2464 2134 ea
2488 2067 2678 2135 domo

415 2208 452 2248 (ι
481 2204 625 2270 quae
671 2184 909 2250 dicitur
958 2182 1194 2250 domus
1230 2183 1569 2274 episcopii,
1618 2189 1719 2270 ut,
1762 2187 2089 2272 quantum
2140 2183 2492 2273 possimuS,
2544 2182 2679 2249 imi-

417 2321 452 2363 «
475 2302 689 2365 temur
725 2319 832 2366 eos
877 2303 1127 2366 sanctos
1157 2297 1238 2367 de
1273 2296 1512 2386 quibus
1541 2298 1827 2388 loquitur
1862 2297 2031 2367 liber
2068 2297 2355 2368 Actuum
2415 2297 2680 2390 Aposto-

419 2411 802 2482 «lorum....
850 2411 1014 2482 Ecce
1049 2413 1220 2500 dico,
1267 2412 1519 2480 audite:
1567 2414 1680 2502 qui
1716 2411 2080 2482 societatem
2124 2415 2499 2484 communis
2550 2417 2679 2486 vitae

421 2552 454 2590 ιι
469 2527 612 2617 jam
667 2533 1052 2616 susceptam,
1094 2549 1239 2618 quae
1276 2527 1579 2597 laudatur
1626 2527 1693 2595 in
1724 2528 1997 2598 Actibus
2042 2529 2541 2620 Apostolorum,
2576 2533 2677 2604 de-

421 2667 456 2706 «
479 2641 657 2726 serit,
704 2663 740 2709 a
793 2651 940 2716 voto
989 2663 1105 2714 suo
1147 2643 1344 2724 cadit,
1383 2649 1449 2712 et
1490 2665 1527 2710 a
1569 2643 1961 2733 professione
2002 2651 2223 2715 sancta
2258 2647 2431 2716 cadit
2476 2650 2673 2740 (4)....

387 2781 460 2822 ,α
479 2756 625 2848 Ipsa
666 2757 746 2826 de
771 2757 938 2826 libro
980 2759 1268 2828 Aetuum
1311 2757 1768 2848 Apostolorum
1814 2759 1993 2828 vohis
2044 2760 2239 2831 lectio
2282 2761 2677 2856 recitabitur,

420 2897 456 2938 α
477 2878 548 2942 ut
597 2871 858 2942 videatis
899 2873 1016 2942 ubi
1063 2873 1378 2963 descripta
1424 2875 1507 2942 sit
1528 2874 1735 2942 forma
1794 2895 1996 2964 quam
2054 2875 2491 2948 desideramus
2560 2883 2677 2950 im-

419 3013 456 3052 «
474 2986 647 3076 plere
665 2988 780 3078 (5).
801 3013 835 3052 >³
867 2988 1028 3058 Item
1047 2987 1240 3058 verba
1249 2988 1358 3057 illa
1369 2987 1681 3058 Davidica
1708 3015 1725 3058 ε
1754 2991 1923 3060 Ecce
1938 3013 2143 3083 quam
2166 2991 2434 3080 bonum,
2451 3002 2579 3065 etc.
2604 2995 2675 3086 (6)

383 3111 872 3192 commentans,
927 3102 1016 3174 ait
1061 3125 1080 3173 ε
1140 3127 1178 3170 α
1227 3101 1352 3174 lsta
1403 3106 1583 3174 enim
1652 3104 1847 3176 verba
1921 3106 2235 3198 Psalterii,
2292 3111 2409 3182 iste
2482 3111 2677 3181 dulcis

417 3243 454 3284 α
479 3239 728 3308 εοιιιιε,,
761 3220 880 3290 ista
927 3218 1144 3290 suavis
1181 3217 1479 3302 melodia,
1536 3228 1669 3289 tam
1722 3219 1792 3290 in
1842 3223 2092 3294 cantico
2140 3247 2343 3316 quam
2378 3229 2451 3296 iu
2504 3226 2677 3297 intel·

417 3330 669 3416 «lectu,
719 3337 911 3404 etiam
967 3335 1377 3406 monasteria
1430 3337 1696 3428 peperit.
1754 3337 1860 3406 Ad
1912 3337 2096 3409 hunc
2148 3361 2386 3410 sonum
2433 3341 2675 3414 excitati

391 3455 625 3544 t«nsunt
662 3451 884 3526 tratres
917 3455 1032 3544 qui
1073 3451 1362 3522 habitare
1406 3455 1475 3523 in
1499 3475 1716 3522 unum
1746 3456 2265 3547 concupierunt:
2308 3459 2429 3528 iste
2471 3479 2677 3529 versus

420 3562 595 3634 «ruit
631 3564 789 3636 tuba
823 3567 1230 3657 ipsorumm.
1277 3569 1406 3662 lpsi
1456 3570 1651 3661 primi
1686 3568 2143 3642 habitaverunt
2196 3572 2273 3643 in
2312 3594 2531 3644 unum
2578 3575 2679 3664 qui

467 3861 528 3922 (1)
549 3859 701 3914 Hom.
741 3864 796 3914 11
821 3863 874 3912 ln
902 3861 1010 3913 Act.
1036 3861 1244 3927 Apost„
1269 3867 1392 3915 tom.
1426 3867 1457 3916 9
1480 3865 1655 3927 oper..
1676 3875 1791 3928 pag.
1818 3866 1897 3916 94.

475 3951 544 4013 (2)
565 3949 640 4000 De
664 3951 790 4002 υὺὺ
809 3949 992 4015 illucet„
1012 3965 1130 4018 cap.
1163 3957 1211 4018 1,
1232 3957 1355 4004 tom.
1383 3958 1412 4006 2
1444 3955 1626 4018 oper„
1646 3951 1739 4008 col.
1766 3954 1876 4015 847,
1906 3951 2028 4021 edit.
2062 3953 2267 4006 vallars.

463 4036 530 4098 (3)
557 4036 616 4088 ln
651 4037 768 4090 Vita
798 4039 856 4092 S.
875 4039 1168 4106 Δαρωιὺιί,
1186 4041 1324 4106 apud
1351 4041 1719 4105 Bounomos,
1744 4044 1872 4094 tom.
1902 4043 1933 4090 6
1964 4041 2195 4104 augiam,
2224 4055 2338 4108 pag.
2370 4047 2481 4100 428.

460 4124 527 4189 (⁴)
566 4121 729 4181 serm.
775 4130 888 4194 ³5⁵,
920 4131 1048 4184 auu
1089 4131 1155 4184 de
1187 4131 1396 4188 diversis
1441 4136 1523 4194 ⁴9,
1558 4135 1685 4184 tom.
1724 4135 1757 4186 s
1794 4131 1972 4196 oper„
2012 4131 2108 4184 οοι.
2144 4135 2266 4185 1380
2298 4137 2350 4184 ot
2402 4139 2541 4200 1³81,
2564 4132 2671 4187 enit.

405 4211 573 4270 naar.

462 4305 533 4369 (ὅ)
557 4303 728 4358 Sorm.
767 4307 878 4371 356,
905 4311 1028 4365 allas
1053 4311 1120 4364 de
1147 4311 1367 4366 diversis
1395 4315 1475 4377 50,
1500 4317 1625 4365 tom.
1644 4314 1753 4376 ott„
1788 4311 1881 4365 col.
1908 4313 2054 4364 1884.

463 4391 533 4460 β)
551 4391 632 4452 ΡΙ.
654 4407 851 4460 cxxxu,
877 4402 922 4448 ι.
