2834 4959
1086 346 1238 395 PARS
1282 344 1501 395 mnu.
2357 344 2435 398 69

199 463 376 533 «Haec
403 464 667 533 videtur
699 464 894 533 fuisse
940 468 1252 535 sententia
1294 467 1429 535 divi
1454 464 1757 550 Thomae,
1788 467 1934 553 2-2,
1962 492 2029 559 q.
2066 470 2175 551 88,
2208 494 2267 537 a.
2306 474 2368 539 7.
2402 498 2435 536 »

190 579 440 668 (Suarez,
470 578 554 648 de
578 580 948 670 Reliqione,
973 586 1248 650 tractatu
1273 583 1340 668 7,
1371 582 1540 651 libro
1565 582 1633 669 2,
1674 605 1733 651 c.
1758 582 1828 667 6,
1872 606 1941 651 n.
1973 584 2071 676 2.)

264 720 296 758 α
325 691 640 762 Secunda
689 692 1070 785 principalis
1107 696 1333 785 opinio
1375 695 1443 763 in
1474 696 1597 765 hac
1632 697 1901 766 materia
1928 705 2044 782 est,
2077 697 2445 768 solemnita-

190 838 222 879 ι
243 820 368 878 tem
389 812 522 879 voti
555 810 862 878 castitatis
889 808 1146 879 formali
1155 818 1250 879 ter
1265 810 1612 881 consistere
1634 813 1704 880 in
1732 812 1905 895 dicta
1938 813 2031 904 (1)
2059 812 2401 882 traditione
2424 835 2441 881 :

193 950 224 989 ιι
249 928 334 993 ita
359 926 580 993 docent
595 946 826 1013 graves
863 925 1230 1015 theologi...
1259 924 1374 994 Est
1395 932 1613 995 autem
1656 928 1729 995 in
1770 928 1963 997 modo
1986 927 2298 1019 loquendi
2326 928 2446 996 ali-

197 1067 232 1105 «
256 1062 381 1128 qua
427 1040 748 1109 diversitas
801 1040 968 1109 inter
1016 1041 1140 1109 hos
1193 1048 1509 1113 auctores.
1578 1042 1745 1112 Nam
1798 1043 2069 1134 quidam
2116 1050 2440 1123 asserunt,

201 1158 452 1244 «ipsam
499 1155 600 1221 sni
647 1154 1093 1241 traditionem,
1131 1177 1330 1246 quam
1373 1155 1705 1244 religiosus
1743 1157 1898 1226 facit
1944 1157 2274 1247 religioni,
2304 1178 2439 1227 esse

204 1300 238 1339 α
263 1277 659 1346 essentialiter
684 1276 906 1367 ipsum
939 1284 1160 1345 votum
1197 1277 1487 1347 solemne
1532 1280 1859 1362 castitatis,
1886 1280 2057 1370 quod
2092 1280 2277 1348 nobis
2306 1298 2437 1347 non

203 1420 238 1459 α
261 1396 526 1485 placet...
561 1395 700 1465 Alii
745 1416 902 1486 ergo
937 1395 1401 1486 distinguendo
1432 1396 1542 1465 illa
1572 1396 1726 1483 duo,
1772 1404 1964 1488 prout
2023 1420 2139 1467 nos
2174 1397 2285 1467 illa
2313 1396 2449 1465 dis-

195 1537 226 1575 «
249 1512 578 1605 finximus»,
614 1511 842 1579 dicunt
877 1511 963 1579 ab
1006 1513 1146 1603 ipsa
1179 1512 1517 1581 traditione
1558 1512 1795 1581 habere
1836 1520 2058 1583 votum
2085 1514 2216 1581 vim
2259 1512 2453 1581 inha-

199 1652 228 1691 ι
247 1626 540 1696 bilitandi
562 1646 906 1717 personam
929 1625 1012 1695 ad
1047 1626 1542 1695 matrimonium
1568 1652 1584 1708 ;
1614 1633 1677 1696 et
1699 1628 1843 1697 ideo
1869 1628 2050 1697 illam
2078 1650 2213 1696 esse
2248 1628 2455 1699 veluti

201 1742 554 1812 «moralem
579 1742 859 1811 sormam
887 1742 1417 1813 solemnizantem
1464 1742 1781 1832 ejusmodi
1812 1750 2059 1812 votum.
2094 1742 2175 1809 Et
2210 1744 2278 1810 in
2320 1743 2448 1811 hoc

201 1882 234 1921 ι
255 1876 436 1925 seusu
479 1856 967 1925 dicuntvotum
987 1896 992 1904 ·
1013 1855 1305 1922 solemne
1335 1855 1635 1923 castitatis
1689 1856 2023 1925 includere
2068 1855 2451 1945 promissio-

211 1994 244 2037 «
265 1992 408 2039 nem
436 1992 578 2040 m
616 1968 980 2039 traditione
1023 1982 1090 2041 et
1119 1968 1564 2039 translatione
1588 1968 1872 2038 dominii
1908 1972 1977 2038 in
2002 1968 2243 2056 Deum,
2296 1990 2446 2037 me·

205 2111 236 2151 c
258 2086 458 2156 diante
497 2086 794 2170 homine,
827 2106 940 2154 seu
970 2088 1040 2155 in
1071 2086 1407 2155 hominem
1449 2086 1591 2153 vice
1618 2084 1755 2153 Dei.
1789 2111 1823 2151 ι)
1858 2083 2147 2177 (Suarez,
2176 2084 2317 2152 loco
2350 2082 2443 2151 ci-

197 2206 330 2282 tato,
357 2202 622 2285 c.7,n.
659 2201 762 2290 2.)
2298 2172 2317 2195 ⁰

275 2316 560 2383 Tertiam
587 2316 970 2385 sententiam
1011 2316 1317 2385 describit
1357 2314 1936 2406 Schmalzgrueber
1976 2318 2047 2384 in
2094 2315 2271 2382 hunc
2302 2334 2453 2382 mo-

195 2428 334 2497 dum
370 2456 387 2500 :
432 2458 468 2497 α
491 2432 881 2500 Communis
907 2430 1078 2523 apud
1101 2433 1507 2523 jurisperitos
1528 2433 1819 2501 doctrina
1852 2453 1998 2501 eam
2028 2431 2191 2521 (voti
2210 2430 2455 2499 solem-

205 2568 235 2609 ιι
257 2544 562 2635 nitatem)
587 2546 877 2615 refundit
901 2548 972 2614 in
1015 2544 1515 2637 dispositionem
1549 2547 1886 2632 Ecclesiae,
1932 2548 2021 2614 ita
2056 2545 2455 2638 acceptantis

212 2690 246 2727 α
279 2664 456 2757 ἰΙΙπιί,ἱ
477 2672 578 2750 ut,
623 2666 874 2735 seclusa
897 2666 1366 2757 dispensatione
1401 2664 1791 2756 Apostolica,
1832 2665 1916 2731 sit
1937 2673 2361 2754 perpetuum,
2394 2670 2455 2731 et

213 2802 248 2843 e(
273 2787 582 2849 voventem
619 2780 982 2849 inhabilem
1010 2780 1234 2849 reddat
1265 2781 1346 2849 ad
1371 2762 1549 2851 actus
1595 2786 1741 2848 voto
1784 2786 2243 2870 repugnantes.
2296 2778 2451 2847 Tale

213 2914 248 2955 α
271 2900 474 2963 votum
497 2897 579 2965 de
603 2896 772 2964 facto
791 2904 887 2965 est
921 2896 1161 2987 duplex
1199 2895 1531 2986 duntaxat,
1561 2894 1853 2963 videlicet
1874 2898 2099 2961 votum
2124 2910 2451 2959 annexum

209 3032 244 3071 ι
264 3011 638 3103 susceptioni
679 3012 844 3079 sacri
877 3010 1151 3094 ordinis,
1197 3017 1260 3079 et
1285 3010 1593 3103 professio
1636 3009 1966 3099 religiosa.
1998 3032 2035 3073 ³>
2070 3005 2171 3098 (In
2200 3006 2295 3076 tit.
2333 3002 2454 3088 34,

195 3120 338 3192 libri
363 3126 404 3195 3
425 3126 892 3211 Decretalium‚
922 3147 992 3197 n.
1023 3126 1129 3217 8.)

287 3237 452 3309 Licet
473 3248 689 3311 autem
721 3240 1026 3333 praedicto
1051 3240 1245 3311 modo
1270 3240 1651 3310 dissentiant
1697 3245 2009 3326 auctoreS,
2051 3237 2457 3307 unanimiter

199 3360 404 3425 tamen
429 3358 782 3427 admittunt
807 3358 1281 3427 solemnitatem
1308 3360 1439 3427 voti
1470 3357 1771 3427 castitatis
1797 3376 2051 3448 semper
2073 3378 2195 3447 pro
2221 3354 2457 3425 effectu

197 3470 444 3556 habere,
505 3480 580 3542 ut
615 3474 880 3543 dirimat
921 3474 1288 3566 praecedens
1327 3472 1823 3543 matrimonium
1866 3494 1999 3541 non
2038 3488 2463 3541 consumma-

199 3594 362 3676 tum,
389 3595 453 3658 et
475 3590 838 3659 inhabilem
883 3590 1110 3660 reddat
1135 3597 1473 3659 voventem
1511 3590 1594 3658 ad
1620 3588 1796 3658 aliud
1828 3588 2039 3657 valide
2063 3585 2459 3657 contrahen-

200 3702 378 3791 dum,
412 3706 500 3775 ita
535 3710 612 3774 ut
637 3703 899 3777 effectus
930 3705 1040 3776 ille
1067 3707 1334 3797 signum
1381 3710 1631 3775 certum
1656 3709 1719 3774 et
1744 3702 2081 3773 infallibile
2114 3702 2197 3769 sit
2221 3697 2460 3765 solem-
2575 3702 2587 3713 ‘

205 3816 428 3890 nitatis.

267 4052 332 4115 (1)
355 4056 510 4107 Antea
526 4066 710 4118 nempe
723 4052 836 4105 tuse
857 4052 1054 4105 dixerat
1071 4052 1356 4111 suat-estus,
1377 4050 1503 4115 quid
1518 4050 1763 4127 per-illam
1782 4047 2106 4099 traditionem
2130 4042 2461 4106 intelligatur.

219 4136 312 4192 Sed
325 4146 374 4193 et
389 4146 506 4195 satis
525 4142 578 4193 id
599 4142 896 4206 intelligitur
917 4155 1006 4207 per
1028 4145 1208 4195 caetera
1227 4142 1383 4205 ipsius
1405 4139 1574 4201 verba,
1594 4140 1677 4189 hle
1707 4151 1737 4189 a
1759 4136 1902 4187 nobis
1926 4134 2239 4197 transcripta.
