2834 4959
476 365 600 423 404
1046 368 1385 415 moruus
1429 368 1510 414 DE
1551 368 1702 415 mma
1741 368 2158 417 manumittunt.

475 494 726 565 militat.
784 490 949 560 Nam
1002 489 1081 560 ad
1150 491 1347 558 finem
1395 486 1695 559 Ecclesiae
1743 490 2084 581 proprium
2135 495 2438 582 pertinet,
2509 504 2580 566 ut
2609 508 2720 569 sta-

468 616 611 679 tum
658 607 1061 697 religiosum,
1118 604 1285 673 sicut
1349 610 1413 672 et
1469 610 1708 673 statum
1769 605 2198 687 matrimonii,
2281 616 2428 701 apte
2499 614 2722 685 ordinet

466 728 657 811 atque
706 716 1015 809 perficiat.
1072 712 1271 783 Porro
1307 714 1389 783 ad
1441 720 1639 784 status
1681 714 1966 805 religiosi
2011 717 2476 809 perfectionem
2503 733 2562 791 et
2615 728 2718 795 de-

466 856 683 906 corem
724 830 993 925 plurimi
1032 831 1321 917 interest,
1372 835 1451 898 ut
1494 830 1688 899 multi
1719 829 1942 899 saltem
1981 852 2057 899 ex
2097 833 2204 918 iis,
2259 832 2404 924 qui²
2421 839 2714 927 ejusmodi

462 952 661 1020 vitam
694 949 1098 1040 profitentur,
1136 946 1413 1015 dominii
1449 946 1789 1037 incapaces
1839 945 2214 1016 reddantur.
2249 947 2388 1019 Etsi
2433 954 2600 1021 enim
2645 958 2708 1023 ad

458 1075 657 1140 status
698 1066 979 1157 religiosi
1054 1048 1398 1135 essentiam
1465 1085 1598 1133 non
1645 1066 2014 1154 requiratur
2061 1064 2174 1135 illa
2223 1067 2501 1138 dominii
2562 1072 2706 1140 inca-

461 1186 725 1277 pacitas,
760 1181 869 1250 sed
896 1181 1045 1250 satis
1096 1181 1179 1249 sit
1214 1186 1284 1249 ut
1306 1179 1385 1248 de
1431 1178 1616 1248 nulla
1673 1200 1744 1247 re
1791 1180 2032 1271 absque
2081 1180 2344 1251 lieentia
2397 1186 2702 1276 disponere

458 1296 654 1385 possit
683 1293 1042 1382 religiosus,
1074 1298 1294 1360 tamen
1340 1295 1703 1381 paupertas,
1753 1312 1903 1381 quae
1949 1290 2326 1361 dominium
2354 1297 2544 1365 etiam
2583 1298 2699 1365 adi-

458 1410 601 1495 mit,
652 1414 869 1499 utpote
918 1428 1065 1497 quae
1114 1404 1440 1475 bonorum
1487 1405 1892 1475 terrestrium
1947 1406 2371 1498 cupiditatem
2428 1415 2600 1501 quasi
2643 1412 2701 1480 in

454 1525 667 1595 radice
708 1524 1004 1610 destruit,
1034 1522 1243 1613 aptior
1270 1522 1349 1591 de
1382 1543 1451 1591 se
1485 1528 1582 1591 est
1628 1526 1816 1613 atque
1859 1523 2214 1615 perfectior.
2270 1524 2445 1615 Ergo
2489 1534 2562 1595 ut
2611 1548 2701 1595 va·

452 1639 577 1710 leat
640 1638 927 1709 Ecclesia
972 1642 1169 1705 totam
1218 1634 1504 1727 religiosi
1571 1640 1772 1705 status
1847 1636 2180 1707 utilitatem
2233 1643 2296 1705 et
2357 1638 2702 1729 pulchritu-

450 1756 669 1824 dinem
716 1754 1099 1845 expandere,
1155 1750 1344 1821 debet
1388 1772 1571 1843 posse
1616 1753 1951 1845 praesatam
1995 1754 2192 1823 etiam
2233 1752 2496 1821 dominii
2531 1754 2702 1822 inca-

448 1872 786 1963 pacitatem
818 1868 1148 1938 inducere.
1178 1866 1348 1957 Ergo
1376 1872 1649 1958 potestas
1689 1870 1827 1937 haec
1854 1869 1934 1937 ad
1987 1868 2189 1936 finem
2236 1867 2362 1959 ipsi
2388 1870 2700 1961 proprium

448 1988 800 2059 necessaria
846 1992 981 2071 est;
1036 2004 1191 2075 ergo
1247 1983 1430 2052 illam
1462 1982 1676 2055 habet.
1727 1984 1900 2075 Ergo
1970 1984 2304 2054 saecularis
2375 1984 2470 2053 lex
2515 1984 2697 2075 impe·

444 2102 587 2170 dire
636 2102 866 2189 nequit
892 2099 1053 2187 quin
1100 2099 1480 2167 auctoritate
1521 2096 1826 2168 Ecclesiae
1885 2097 2235 2169 inducatur
2283 2098 2354 2167 in
2405 2097 2694 2187 religiosis

446 2213 614 2283 dicta
632 2211 1051 2302 incapacitas.

538 2326 841 2417 Objicies.
918 2361 1010 2378 -—
1056 2324 1203 2397 Non
1246 2327 1477 2397 desunt
1536 2330 1826 2401 doctores
1879 2330 1995 2421 qui
2056 2330 2436 2422 temporalia
2501 2330 2691 2399 omnia
2784 2328 2785 2403 ξ

444 2442 733 2511 saeculari
780 2443 1069 2531 potestati
1108 2440 1413 2520 subdant,
1457 2442 1764 2515 Ecclesiae
1821 2466 1966 2515 vero
1999 2448 2266 2515 nonnisi
2309 2444 2685 2537 spiritualia:

440 2557 551 2625 sed
604 2556 919 2647 capacitas
968 2563 1080 2626 aut
1150 2556 1538 2646 incapacitas
1591 2560 1870 2630 dominii
1917 2562 1998 2631 de
2063 2560 2520 2653 temporalibus
2570 2566 2684 2641 est;

438 2692 595 2761 ergo
622 2692 767 2739 eam
798 2668 1149 2741 inducendi
1193 2678 1466 2762 potestas
1491 2696 1621 2743 non
1672 2674 1998 2761 Ecclesiae,
2050 2676 2161 2745 sed
2191 2676 2480 2747 saeculari
2523 2676 2684 2765 prin-

438 2792 569 2884 cipi
616 2790 891 2861 adscribi
920 2798 1145 2883 potest.
1179 2828 1271 2845 -—
1314 2792 1720 2885 Responde0‚
1769 2796 1991 2887 utique
2033 2818 2164 2865 non
2205 2798 2482 2867 defuisse
2507 2796 2682 2885 scrip-

436 2914 603 2975 tores
647 2906 757 2994 qui
805 2906 891 2972 ita
918 2905 1280 2987 senserint;
1320 2912 1511 2998 prout
1540 2906 1720 2975 fuere
1767 2929 1902 2977 non
1957 2906 2553 2990 tantum'haeretici,
2593 2904 2682 2973 sed

438 3022 481 3089 ii
508 3021 731 3105 etiam,
760 3021 877 3107 qui
906 3016 1227 3087 Gallicani
1254 3020 1613 3109 systematis
1641 3042 1888 3092 errores
1929 3023 2154 3093 tandiu
2185 3026 2677 3117 propugnarunt.

444 3135 529 3205 At
552 3134 917 3203 communis
962 3132 1430 3206 catholicorum
1457 3142 1520 3205 et
1563 3136 1988 3227 probatorum
2024 3141 2362 3209 doctorum
2393 3136 2682 3208 sententia

436 3255 552 3331 est,
592 3249 886 3319 Ecclesiae
944 3256 1301 3341 competere
1348 3252 1420 3319 in
1449 3272 1552 3322 res
1607 3252 1802 3323 etiam
1854 3256 2238 3347 temporales
2282 3258 2676 3349 potestatem:
2781 3224 2783 3315 l

442 3382 569 3431 non
596 3364 861 3453 quidem
906 3387 979 3436 eo
1022 3388 1211 3435 sensu
1252 3368 1428 3458 quod
1455 3369 1534 3437 ad
1582 3370 1935 3461 regendam
1987 3372 2408 3464 temporalem
2431 3371 2677 3441 societa-

434 3484 565 3549 tem
594 3478 883 3549 instituta
925 3480 1211 3552 Ecclesia
1248 3482 1468 3571 fuerit,
1507 3485 1617 3554 sed
1653 3506 1728 3555 eo
1757 3506 1950 3555 sensu
1995 3488 2169 3578 quod
2201 3494 2456 3580 propter
2503 3486 2672 3553 finem

432 3616 633 3664 suum
680 3597 1108 3687 spiritualem,
1178 3602 1242 3665 et
1288 3606 1608 3689 quantum
1667 3601 1818 3670 finis
1865 3602 1976 3672 ille
2032 3604 2336 3695 postulat,
2393 3601 2577 3695 possit
2609 3598 2674 3665 de

434 3710 628 3778 rebus
676 3712 869 3778 etiam
926 3710 1389 3802 temporalibus
1443 3713 1810 3796 decernere,
1861 3724 1925 3786 et
1965 3720 2075 3808 J‘us
2115 3718 2349 3789 habeat
2399 3724 2470 3787 ut
2501 3734 2674 3787 saecu·

432 3824 581 3894 laris
602 3832 871 3918 potestas
895 3826 968 3893 in
992 3826 1116 3895 hoc
1142 3846 1275 3895 non
1314 3829 1546 3911 obstet,
1587 3832 1694 3900 sed
1722 3832 2132 3924 obsequatur.
2181 3834 2262 3903 Et
2289 3842 2456 3905 certe
2479 3831 2672 3901 Eccle-

434 3942 527 4009 sia
558 3945 785 4033 nequit
812 3942 1263 4033 incapacitates
1286 3946 1690 4017 matrimonii
1713 3969 1824 4017 seu
1849 3950 2316 4041 impedimenta
2334 3952 2588 4021 dirimen
2597 3944 2676 4011 tia

432 4060 729 4141 statuere,
752 4057 912 4146 quin
951 4058 1191 4129 multos
1216 4056 1480 4131 effectus
1503 4064 1888 4152 temporales
1927 4066 1995 4133 in
2026 4066 2212 4135 civili
2235 4066 2511 4138 societate
2539 4078 2672 4149 pro-

431 4171 645 4239 ducat.
690 4171 849 4251 Quis
872 4178 1087 4243 tamen
1110 4176 1572 4247 catholicorum
1597 4200 1836 4268 negare
1871 4182 2105 4251 audeat
2129 4182 2304 4252 hanc
2351 4197 2536 4272 quam
2559 4168 2670 4241 sibi
2780 4198 2781 4256 i

430 4284 657 4353 tribuit
686 4283 964 4356 Ecclesia
994 4293 1407 4377 potestatem?

518 4398 951 4470 Anconam-uu
988 4402 1067 4485 ll,
1098 4425 1182 4473 ex
1214 4408 1654 4479 communiter
1677 4424 1940 4503 recepta
1975 4414 2156 4483 inter
2169 4413 2478 4506 probatos
2529 4424 2670 4473 auc-
