2834 4959
1155 372 1306 420 mas
1353 373 1617 430 onaan.
2398 339 2561 430 aar

249 517 398 567 rum
477 491 954 588 approbatoriis
1016 490 1240 572 bullis,
1321 497 1653 564 concessio
1712 495 1853 564 haec
1958 515 2091 566 non
2180 504 2525 589 reperitur.

244 611 540 684 Aliunde
613 613 840 676 autem
897 605 1080 676 illam
1129 629 1166 676 e
1239 617 1463 678 contra
1534 611 1827 680 concedit
1884 611 2101 680 ordini
2164 614 2519 705 religioso:

245 749 488 818 nempe
537 731 610 794 ut
676 722 1042 812 plurimum
1099 725 1410 816 expressis
1462 726 1785 808 terminis,
1849 734 1925 795 ut
1968 733 2281 798 testantur
2343 733 2534 808 dictoe

247 841 794 934 approbationum
837 836 1082 908 bullae:
1133 843 1196 908 et
1251 839 1506 908 etiamsi
1541 840 1609 908 id
1660 859 1793 910 non
1848 840 2273 934 exprimatur,
2314 847 2535 919 inclu-

249 979 400 1028 sum
454 957 522 1023 in
571 956 714 1044 ipsa
737 951 1204 1043 approbatione
1253 954 1661 1024 censendum
1700 961 1820 1043 est,
1852 977 2009 1025 cum
2040 958 2334 1049 alioquin
2377 963 2533 1034 illu·

241 1077 414 1146 soria
439 1073 602 1142 soret
641 1070 1042 1162 approbatio.
1093 1069 1267 1160 Ergo
1311 1077 1605 1142 remanet
1652 1079 1726 1141 ιιι
1752 1079 1877 1142 tota
1899 1074 2039 1144 haec
2068 1081 2535 1170 potestasjcirca

249 1191 644 1261 novitiorum
673 1187 1140 1257 admissionem
1186 1187 1270 1256 sit
1303 1207 1503 1276 penes
1547 1186 1843 1256 ordinem
1872 1190 2285 1280 religiosum;
2312 1196 2535 1268 nulla-

253 1313 440 1392 tenus
471 1307 687 1373 autem
731 1321 932 1392 penes
973 1300 1426 1370 ordinarium.
1470 1301 1641 1370 Hinc
1688 1286 1765 1401 er
1788 1324 1921 1392 quo
1966 1306 2143 1375 sedes
2164 1309 2534 1400 Apostoliea

249 1417 650 1507 religionum
715 1413 1250 1507 approbationem
1305 1413 1431 1484 sibi
1506 1418 1871 1508 reservavit,
1932 1420 2059 1489 hoc
2112 1421 2251 1513 ipso
2278 1427 2537 1496 sustulit

254 1529 594 1622 antiquum
634 1529 746 1619 jus
779 1525 1322 1610 'Oi-dinariorum,
1377 1527 1442 1596 vi
1500 1530 1691 1618 cujus
1762 1531 2159 1601 novitiorum
2199 1536 2533 1626 admissio,

248 1665 362 1716 seu
388 1645 718 1735 ingressus
771 1643 842 1710 in
895 1641 1282 1730 religionem
1340 1639 1749 1731 aliquatenus
1787 1645 1871 1714 ab
1920 1647 2073 1736 ipsis
2110 1647 2531 1742 dependebat.

345 1761 514 1850 Ergo
542 1779 766 1829 revera
775 1759 1064 1848 rigor-osa
1077 1761 1174 1824 est
1195 1757 1545 1846 propositio
1568 1756 1709 1826 haec
1738 1781 1755 1827 τ
1780 1761 2099 1850 Pontifex
2120 1763 2411 1854 aliquem
2426 1790 2541 1836 or-

251 1881 481 1950 dinem
507 1876 968 1970 approbando,
985 1876 1108 1944 hoc
1133 1875 1275 1966 ipso
1294 1897 1447 1944 eum
1470 1873 2015 1966 independentem
2025 1881 2201 1968 facit
2227 1883 2311 1950 ab
2339 1884 2539 1953 Ordi-

256 1994 496 2079 παι-ἑὼ,
523 1989 749 2084 quoad
785 1989 1184 2060 novitiorum
1236 1989 1732 2079 admissionern,
1775 1991 1913 2060 nisi
1970 1995 2381 2062 contrarium
2413 2020 2535 2064 ex·

245 2100 545 2181 primae.

345 2214 520 2306 Ergo
567 2214 759 2284 hodie
799 2213 1132 2283 ordinarii
1178 2219 1549 2307 potestatem
1602 2215 1775 2283 eirea
1812 2214 2215 2307 recipiendos
2264 2219 2538 2287 novitios

245 2330 492 2402 habere
543 2352 674 2398 non
729 2336 1016 2422 possunt,
1093 2329 1220 2398 nisi
1275 2329 1355 2398 de
1400 2332 1549 2418 jure
1600 2329 2027 2420 particulari,
2089 2351 2373 2426 nempe:
2436 2332 2535 2400 vel

245 2447 412 2538 quia
437 2448 508 2514 in
527 2447 745 2536 aliquo
796 2445 958 2514 sorte
1009 2445 1304 2512 instituto
1353 2445 1707 2537 approbato
1744 2447 2214 2538 exprimeretur
2258 2465 2390 2513 non
2435 2467 2535 2514 re-

252 2561 592 2653 cipiendos
639 2558 910 2640 novitios
963 2557 1090 2627 nisi
1143 2558 1225 2628 de
1276 2579 1597 2628 consensu
1644 2560 2011 2645 Ordinarii3
2060 2561 2215 2652 quia
2242 2566 2401 2630 tunc
2426 2581 2541 2652 ap·

251 2675 548 2769 probatio
577 2662 946 2754 Pontificia,
995 2673 1374 2742 institutum
1410 2693 1563 2744 cum
1604 2673 1727 2741 hac
1760 2673 2049 2743 clausula
2092 2676 2537 2765 approbando,

255 2794 392 2862 hoc
467 2793 604 2882 ipso
669 2789 1172 2883 dependentium
1261 2789 1434 2858 hanc
1508 2789 1592 2858 ab
1673 2787 2017 2858 Ordinatio
2070 2789 2379 2872 firmaret,
2426 2813 2541 2866 seu

253 2910 633 2998 potestatem
673 2902 856 2972 illam
911 2900 1256 2972 ordinario
1297 2901 1651 2972 tribueretz
1719 2901 1821 2969 vel
1858 2901 2011 2992 quia
2054 2901 2120 2969 id
2153 2923 2228 2970 ex
2276 2903 2538 2993 speciali

253 3018 518 3089 indulto
585 3016 970 3088 Ordinarius
1029 3025 1194 3086 esset
1247 3021 1683 3086 consecutus:
1740 3015 1843 3086 vel
1924 3013 2186 3086 tandem
2256 3015 2409 3108 quia
2470 3039 2546 3086 ex

255 3133 550 3226 legitime
607 3131 984 3224 praescripta
1057 3131 1529 3202 consuetudine
1603 3131 1726 3202 hoc
1778 3133 1887 3222 jus
1938 3133 2169 3201 merito
2218 3131 2342 3202 sibi
2396 3134 2547 3201 vin-

255 3248 530 3320 dicaret.

355 3370 728 3442 Paorosmo
751 3367 857 3438 11¹.
885 3401 970 3418 --
1018 3370 1205 3460 Erqo
1249 3367 1499 3460 dejure
1543 3370 1881 3440 communi
1922 3372 2149 3462 nequit
2176 3373 2547 3464 Episcopus

257 3489 568 3558 virorum
583 3483 1156 3575 conqreqationem
1177 3483 1262 3552 ab
1283 3487 1340 3552 A
1337 3485 1667 3575 postolica
1684 3485 2309 3578 sedeapprobatam,
2330 3510 2553 3578 coqere

259 3601 364 3674 ad
384 3604 676 3693 aliquem
697 3599 770 3668 in
787 3599 1124 3668 novitium
1150 3599 1630 3689 recipiendum,
1662 3623 1779 3670 nec
1806 3599 2125 3693 impedire
2148 3623 2231 3668 ne
2260 3600 2551 3692 aliquem

257 3715 566 3808 recipiat.
599 3751 692 3768 -
735 3713 1040 3804 Sequitur
1071 3735 1146 3782 ex
1192 3715 1581 3806 praecedenti
1618 3739 1637 3783 ε
1694 3717 1751 3784 si
1790 3718 1971 3786 enim
2019 3714 2213 3806 plena
2256 3723 2320 3782 et
2348 3715 2553 3785 libera

263 3834 449 3902 circa
473 3832 866 3902 novitiorum
887 3831 1324 3921 receptionem
1357 3838 1629 3921 potestas
1662 3837 1783 3902 stet
1800 3855 1997 3924 penes
2018 3832 2231 3902 solum
2258 3833 2549 3914 ordinem

263 3946 682 4036 religiosum,
730 3965 1130 4034 consequens
1175 3953 1296 4028 een
1333 3953 1408 4014 ut
1448 3948 1517 4014 in
1556 3967 1699 4016 eam
1752 3969 1889 4016 sese
1936 3946 2231 4036 ingerere
2280 3956 2559 4037 nequeat

263 4063 660 4156 EpiscopuS,
683 4082 802 4130 nec
827 4058 1232 4150 injungendo
1257 4066 1330 4129 ut
1352 4062 1588 4150 aliquis
1606 4062 1981 4152 recipiatur,
2010 4083 2129 4132 nec
2156 4062 2559 4153 prohibendo

259 4197 354 4248 ne
379 4177 614 4268 aliquis
631 4173 1032 4245 admittatur.

361 4293 566 4363 Nota.
597 4289 963 4380 loquimur
1013 4307 1267 4377 semper
1319 4287 1402 4354 de
1432 4289 1597 4378 sure
1638 4288 2008 4373 communi,
2063 4297 2129 4358 et
2172 4291 2553 4360 monialium

273 4407 558 4476 familias
579 4406 648 4476 in
673 4402 1090 4474 conclusione
1117 4419 1252 4470 non
1271 4400 1877 4493 comprehendendo
1906 4427 1925 4472 t
1959 4424 2114 4474 nam
2138 4405 2215 4475 de
2225 4407 2383 4496 Jure
2396 4429 2557 4498 perr-
