2834 4959
1065 320 1216 367 PARS
1264 317 1461 369 PRIMA
1470 353 1484 368 .
2338 318 2373 375 6
2382 320 2421 374 5

199 468 228 505 α
248 463 372 531 ergo
409 444 608 509 etiam
653 441 736 508 ad
779 446 1013 509 statum
1055 440 1432 531 religiosum
1482 442 1763 511 sufficiet
1803 467 1819 511 ε
1856 444 2015 512 alias
2051 468 2131 514 ne
2162 448 2425 536 professi

195 555 481 645 <squidem
531 555 666 622 veri
712 555 996 644 religiosi
1045 561 1278 635 essent,
1313 538 1469 625 cum
1521 557 1787 627 liberari
1811 580 1849 627 a
1886 561 2149 629 vinculo
2178 563 2425 651 profes-

191 672 410 739 «sionis
457 668 690 738 saltem
740 668 1064 738 pontificis
1111 670 1493 739 authoritate
1527 672 1795 763 possint.
1829 695 1865 737 ³)
1907 672 2427 766 (Schmalzgrue-

183 784 298 871 her,
323 787 394 853 in
409 785 505 853 tit.
553 785 668 873 31,
697 783 856 852 libri
883 783 923 853 3
954 783 1236 869 Decret.,
1267 806 1339 853 n.
1376 784 1513 875 18.)

256 900 358 969 Fst
390 906 600 971 autem
627 900 928 969 doctrina
961 902 1101 969 haec
1137 902 1410 970 omnino
1441 907 1613 971 certa
1646 911 1711 971 et
1747 906 2045 989 tenenda,
2077 907 2131 973 si
2164 907 2430 996 quidem

186 1016 266 1083 ita
291 1038 562 1107 expresse
599 1016 1018 1087 declararunt
1059 1018 1274 1107 quoad
1315 1018 1685 1089 societatem
1716 1020 1869 1089 Jesu
1898 1018 2158 1089 Summi
2202 1021 2432 1091 Ponti-

191 1130 326 1199 fices
357 1130 560 1226 Julius
609 1130 702 1199 111
774 1132 872 1223 (in
932 1131 1423 1203 confirmatione
1469 1135 1754 1204 instituti
1804 1136 2006 1228 huJus
2062 1138 2380 1207 societatis
2410 1192 2428 1227 ‚

193 1246 566 1337 ann01550)
613 1251 676 1315 et
714 1245 1068 1337 Gregorius
1102 1246 1262 1318 XIV
1295 1247 1386 1339 (in
1436 1247 1615 1317 bulla
1665 1252 1833 1320 edita
1882 1272 2058 1319 anno
2109 1252 2435 1343 1591).1n

189 1358 332 1429 dicta
359 1383 590 1454 nempe
640 1365 940 1432 societate
984 1362 1349 1431 scholastici
1391 1366 1555 1433 votis
1604 1388 1671 1434 se
1716 1367 2134 1456 adstringunt
2176 1368 2257 1436 ad
2292 1390 2435 1458 per-

40 1516 42 1563 ς
179 1482 342 1566 petuo
387 1478 794 1549 manendum
849 1479 920 1549 in
976 1478 1203 1549 ordine
1240 1504 1256 1544 :
1307 1479 1577 1551 societas
1621 1485 1839 1551 autem
1894 1481 2017 1555 sibi
2060 1488 2433 1574 potestatem

40 1598 42 1621 '
177 1602 348 1663 servat
382 1616 494 1665 eos
542 1594 910 1665 dimittendi
959 1592 1014 1662 si
1056 1595 1142 1662 ita
1188 1596 1398 1682 magis
1440 1593 1566 1686 ipsi
1618 1590 1918 1687 expedire
1974 1598 2289 1667 videatur.
2358 1598 2449 1667 Et

40 1702 42 1707 ’
179 1708 574 1779 nihilominus
617 1732 660 1779 a
714 1710 990 1802 prael'atis
1056 1705 1481 1779 Pontificibus
1535 1710 1941 1780 declaratum
1984 1720 2078 1781 est
2116 1713 2435 1801 ejusmodi

175 1824 554 1897 scholasticos
611 1848 733 1917 pro
798 1825 966 1895 veris
1036 1831 1100 1895 et
1155 1824 1408 1915 proprie
1487 1824 1677 1895 dictis
1742 1825 2061 1915 religiosis
2114 1848 2249 1895 esse
2317 1830 2431 1899 ha·-

185 1934 428 2005 bendos.

257 2052 545 2146 Objzbioe.
593 2090 688 2104 —
712 2052 990 2135 Quando
1030 2052 1180 2143 quis
1209 2056 1352 2121 vota
1397 2048 1698 2139 religiosa
1744 2049 2005 2136 emittit,
2062 2052 2137 2119 fit
2176 2061 2441 2125 contra-

171 2172 292 2237 ctus
329 2171 552 2261 ipsum
595 2172 767 2239 inter
815 2175 880 2237 et
929 2168 1315 2259 religionem
1368 2192 1387 2235 ε
1442 2168 1583 2261 ipse
1634 2187 1871 2257 nempe
1916 2188 1985 2236 se
2040 2168 2238 2238 tradit
2290 2170 2442 2241 reli-

173 2285 358 2372 gioni;
414 2306 568 2376 quae
597 2285 1007 2356 traditionem
1056 2284 1228 2355 hanc
1258 2290 1596 2375 acceptans
1649 2282 1941 2355 vicissim
1986 2306 2055 2353 se
2091 2285 2336 2377 obligat
2360 2288 2441 2357 ad

171 2398 492 2487 praebenda
571 2399 880 2467 alimenta
947 2398 1202 2489 alisque
1280 2400 1667 2471 necessaria.
1760 2398 2144 2494 Contractus
2226 2406 2441 2471 autem

173 2510 380 2584 debent
441 2535 583 2583 aese
653 2516 966 2603 utrinque
1009 2514 1342 2603 aequaliter
1395 2516 1692 2597 onerosi5
1754 2514 2044 2604 alioquin
2104 2513 2441 2585 claudica-

175 2634 327 2715 rent,
377 2636 438 2699 et
510 2628 794 2697 naturali
848 2627 1114 2720 justitiae
1167 2628 1479 2697 contrarii
1533 2632 1769 2697 essent.
1850 2626 1923 2695 Si
1986 2649 2144 2717 ergo
2206 2649 2441 2697 vovens

179 2738 384 2812 habeat
443 2766 612 2813 onus
685 2750 992 2837 perpetuo
1041 2738 1350 2814 manendi
1390 2744 1460 2812 in
1512 2742 1860 2831 religione,
1906 2742 2139 2832 religio
2201 2743 2441 2811 hahere

182 2854 352 2924 debet
410 2881 568 2931 onus
617 2867 928 2951 perpetuo
977 2880 1134 2927 eum
1171 2856 1519 2945 retinendi,
1560 2878 1678 2925 seu
1716 2878 2057 2946 nunquam
2112 2879 2262 2925 eum
2306 2858 2431 2945 eji-

181 2966 396 3040 ciendi.
420 3010 500 3027 -
521 2972 964 3063 Respondetur
1002 2978 1410 3043 contractum
1439 2970 1709 3054 initum,
1744 2990 1899 3037 cum
1930 2990 2005 3037 ea
2036 2968 2429 3052 conditione,

179 3087 246 3151 ut
283 3085 358 3155 sit
393 3108 696 3159 onerosus
754 3109 830 3157 ex
903 3110 1034 3157 una
1083 3092 1286 3177 parte,
1333 3094 1396 3155 et
1434 3106 1566 3154 non
1624 3106 1700 3153 ex
1748 3084 1967 3171 altera,
2017 3104 2431 3175 nequaquam

173 3220 293 3269 esse
321 3204 576 3291 justitiae
622 3204 1044 3286 contrarium,
1093 3202 1289 3273 modo
1345 3204 1414 3269 in
1461 3222 1607 3271 eam
1646 3201 2091 3271 conditionem
2129 3198 2331 3269 libere
2370 3198 2447 3267 et

169 3313 362 3387 sciens
381 3325 652 3412 utraque
680 3341 826 3411 pars
855 3318 1270 3389 consenserit.
