<?xml version="1.0" encoding="UTF-8"?>
<!DOCTYPE html PUBLIC "-//W3C//DTD XHTML 1.0 Transitional//EN"
    "http://www.w3.org/TR/xhtml1/DTD/xhtml1-transitional.dtd">
<html xmlns="http://www.w3.org/1999/xhtml" xml:lang="en" lang="en">
 <head>
  <title>
</title>
<meta http-equiv="Content-Type" content="text/html;charset=utf-8" />
  <meta name='ocr-system' content='tesseract 3.04.00' />
  <meta name='ocr-capabilities' content='ocr_page ocr_carea ocr_par ocr_line ocrx_word'/>
</head>
<body>
  <div class='ocr_page' id='page_1' title='image "./tractatusdejure01unkngoog_0507.png"; bbox 0 0 2834 4959; ppageno 0'>
   <div class='ocr_carea' id='block_1_1' title="bbox 1083 380 2460 439">
    <p class='ocr_par' dir='ltr' id='par_1_1' title="bbox 1083 380 2460 439">
     <span class='ocr_line' id='line_1_1' title="bbox 1083 380 2460 439; baseline 0 -2"><span class='ocrx_word' id='word_1_1' title='bbox 1083 390 1235 439; x_wconf 68' lang='lat' dir='ltr'><strong>rans</strong></span> <span class='ocrx_word' id='word_1_2' title='bbox 1278 390 1518 439; x_wconf 77' lang='lat' dir='ltr'><strong>Tsnm.</strong></span> <span class='ocrx_word' id='word_1_3' title='bbox 2334 380 2460 439; x_wconf 73' lang='grc'><strong>489</strong></span> 
     </span>
    </p>
   </div>
   <div class='ocr_carea' id='block_1_2' title="bbox 190 510 2500 3601">
    <p class='ocr_par' dir='ltr' id='par_1_2' title="bbox 190 510 2477 1871">
     <span class='ocr_line' id='line_1_2' title="bbox 190 510 2464 605; baseline 0 -26"><span class='ocrx_word' id='word_1_4' title='bbox 190 512 409 583; x_wconf 81' lang='lat' dir='ltr'><strong>minus</strong></span> <span class='ocrx_word' id='word_1_5' title='bbox 470 535 549 585; x_wconf 87' lang='lat' dir='ltr'><strong>ex</strong></span> <span class='ocrx_word' id='word_1_6' title='bbox 610 512 871 605; x_wconf 88' lang='lat' dir='ltr'><strong>speciali</strong></span> <span class='ocrx_word' id='word_1_7' title='bbox 938 510 1109 581; x_wconf 84' lang='lat' dir='ltr'><strong>sedis</strong></span> <span class='ocrx_word' id='word_1_8' title='bbox 1174 511 1562 603; x_wconf 80' lang='lat' dir='ltr'><strong>Apostolicae</strong></span> <span class='ocrx_word' id='word_1_9' title='bbox 1618 512 2030 604; x_wconf 74' lang='lat' dir='ltr'><strong>dispositione</strong></span> <span class='ocrx_word' id='word_1_10' title='bbox 2105 533 2222 603; x_wconf 89' lang='lat' dir='ltr'><strong>pro</strong></span> <span class='ocrx_word' id='word_1_11' title='bbox 2295 512 2464 581; x_wconf 79' lang='lat' dir='ltr'><strong>veris</strong></span> 
     </span>
     <span class='ocr_line' id='line_1_3' title="bbox 190 626 2466 714; baseline 0.001 -19"><span class='ocrx_word' id='word_1_12' title='bbox 190 626 587 699; x_wconf 78' lang='lat' dir='ltr'><strong>solemnium</strong></span> <span class='ocrx_word' id='word_1_13' title='bbox 614 634 916 699; x_wconf 82' lang='lat' dir='ltr'><strong>votorum</strong></span> <span class='ocrx_word' id='word_1_14' title='bbox 945 626 1261 714; x_wconf 77' lang='lat' dir='ltr'><strong>religiosis</strong></span> <span class='ocrx_word' id='word_1_15' title='bbox 1301 626 1526 697; x_wconf 86' lang='lat' dir='ltr'><strong>haberi</strong></span> <span class='ocrx_word' id='word_1_16' title='bbox 1558 627 1960 713; x_wconf 78' lang='lat' dir='ltr'><strong>debuissent,</strong></span> <span class='ocrx_word' id='word_1_17' title='bbox 2001 636 2242 699; x_wconf 82' lang='lat' dir='ltr'><strong>exstare</strong></span> <span class='ocrx_word' id='word_1_18' title='bbox 2269 627 2466 697; x_wconf 88' lang='lat' dir='ltr'><strong>debe-</strong></span> 
     </span>
     <span class='ocr_line' id='line_1_4' title="bbox 192 741 2467 837; baseline 0 -26"><span class='ocrx_word' id='word_1_19' title='bbox 192 750 341 813; x_wconf 88' lang='lat' dir='ltr'><strong>rent</strong></span> <span class='ocrx_word' id='word_1_20' title='bbox 374 742 459 815; x_wconf 89' lang='lat' dir='ltr'><strong>de</strong></span> <span class='ocrx_word' id='word_1_21' title='bbox 498 744 623 815; x_wconf 86' lang='lat' dir='ltr'><strong>hoc</strong></span> <span class='ocrx_word' id='word_1_22' title='bbox 670 743 837 815; x_wconf 86' lang='lat' dir='ltr'><strong>sedis</strong></span> <span class='ocrx_word' id='word_1_23' title='bbox 878 741 1265 837; x_wconf 78' lang='lat' dir='ltr'><strong>Apostolicae</strong></span> <span class='ocrx_word' id='word_1_24' title='bbox 1302 741 1803 813; x_wconf 68' lang='lat' dir='ltr'><strong>extraordinario</strong></span> <span class='ocrx_word' id='word_1_25' title='bbox 1845 749 2080 814; x_wconf 87' lang='lat' dir='ltr'><strong>statuto</strong></span> <span class='ocrx_word' id='word_1_26' title='bbox 2103 741 2467 836; x_wconf 88' lang='lat' dir='ltr'><strong>quamplu-</strong></span> 
     </span>
     <span class='ocr_line' id='line_1_5' title="bbox 194 858 2468 952; baseline 0 -26"><span class='ocrx_word' id='word_1_27' title='bbox 194 860 371 927; x_wconf 86' lang='lat' dir='ltr'><strong>rima</strong></span> <span class='ocrx_word' id='word_1_28' title='bbox 406 860 667 931; x_wconf 89' lang='lat' dir='ltr'><strong>indicia.</strong></span> <span class='ocrx_word' id='word_1_29' title='bbox 726 859 1188 952; x_wconf 84' lang='lat' dir='ltr'><strong>Reperirentur</strong></span> <span class='ocrx_word' id='word_1_30' title='bbox 1230 879 1468 950; x_wconf 83' lang='lat' dir='ltr'><strong>nempe</strong></span> <span class='ocrx_word' id='word_1_31' title='bbox 1519 858 1694 951; x_wconf 90' lang='lat' dir='ltr'><strong>apud</strong></span> <span class='ocrx_word' id='word_1_32' title='bbox 1743 862 2104 931; x_wconf 78' lang='lat' dir='ltr'><strong>canonistas</strong></span> <span class='ocrx_word' id='word_1_33' title='bbox 2133 861 2254 929; x_wconf 85' lang='lat' dir='ltr'><strong>bac</strong></span> <span class='ocrx_word' id='word_1_34' title='bbox 2281 859 2362 927; x_wconf 84' lang='lat' dir='ltr'><strong>de</strong></span> <span class='ocrx_word' id='word_1_35' title='bbox 2399 878 2468 927; x_wconf 89' lang='lat' dir='ltr'><strong>re</strong></span> 
     </span>
     <span class='ocr_line' id='line_1_6' title="bbox 198 972 2470 1067; baseline 0.002 -26"><span class='ocrx_word' id='word_1_36' title='bbox 198 972 705 1067; x_wconf 75' lang='lat' dir='ltr'><strong>disceptationes.</strong></span> <span class='ocrx_word' id='word_1_37' title='bbox 737 973 1012 1059; x_wconf 80' lang='lat' dir='ltr'><strong>Pariter,</strong></span> <span class='ocrx_word' id='word_1_38' title='bbox 1043 974 1113 1043; x_wconf 91' lang='lat' dir='ltr'><strong>in</strong></span> <span class='ocrx_word' id='word_1_39' title='bbox 1142 975 1355 1044; x_wconf 88' lang='lat' dir='ltr'><strong>causis</strong></span> <span class='ocrx_word' id='word_1_40' title='bbox 1382 974 1464 1043; x_wconf 88' lang='lat' dir='ltr'><strong>ad</strong></span> <span class='ocrx_word' id='word_1_41' title='bbox 1496 996 1798 1044; x_wconf 84' lang='lat' dir='ltr'><strong>romanas</strong></span> <span class='ocrx_word' id='word_1_42' title='bbox 1825 975 2364 1066; x_wconf 78' lang='lat' dir='ltr'><strong>congregationes</strong></span> <span class='ocrx_word' id='word_1_43' title='bbox 2390 975 2470 1045; x_wconf 89' lang='lat' dir='ltr'><strong>de</strong></span> 
     </span>
     <span class='ocr_line' id='line_1_7' title="bbox 202 1086 2472 1183; baseline 0.002 -28"><span class='ocrx_word' id='word_1_44' title='bbox 202 1086 421 1157; x_wconf 74' lang='lat' dir='ltr'><strong>valore</strong></span> <span class='ocrx_word' id='word_1_45' title='bbox 472 1088 949 1179; x_wconf 75' lang='lat' dir='ltr'><strong>professionum</strong></span> <span class='ocrx_word' id='word_1_46' title='bbox 997 1092 1127 1157; x_wconf 88' lang='lat' dir='ltr'><strong>toto</strong></span> <span class='ocrx_word' id='word_1_47' title='bbox 1176 1088 1301 1159; x_wconf 85' lang='lat' dir='ltr'><strong>hoc</strong></span> <span class='ocrx_word' id='word_1_48' title='bbox 1346 1090 1744 1160; x_wconf 73' lang='lat' dir='ltr'><strong>saeculorum</strong></span> <span class='ocrx_word' id='word_1_49' title='bbox 1793 1095 2001 1161; x_wconf 88' lang='lat' dir='ltr'><strong>tractu</strong></span> <span class='ocrx_word' id='word_1_50' title='bbox 2053 1089 2336 1183; x_wconf 87' lang='lat' dir='ltr'><strong>perlatis,</strong></span> <span class='ocrx_word' id='word_1_51' title='bbox 2392 1087 2472 1159; x_wconf 91' lang='lat' dir='ltr'><strong>de</strong></span> 
     </span>
     <span class='ocr_line' id='line_1_8' title="bbox 198 1198 2470 1303; baseline 0.001 -34"><span class='ocrx_word' id='word_1_52' title='bbox 198 1198 327 1271; x_wconf 79' lang='lat' dir='ltr'><strong>hac</strong></span> <span class='ocrx_word' id='word_1_53' title='bbox 344 1204 677 1295; x_wconf 62' lang='lat' dir='ltr'><strong>‚peculiari</strong></span> <span class='ocrx_word' id='word_1_54' title='bbox 714 1204 1165 1303; x_wconf 81' lang='lat' dir='ltr'><strong>religiosorum</strong></span> <span class='ocrx_word' id='word_1_55' title='bbox 1205 1225 1242 1273; x_wconf 91' lang='lat' dir='ltr'><strong>e</strong></span> <span class='ocrx_word' id='word_1_56' title='bbox 1282 1204 1656 1294; x_wconf 81' lang='lat' dir='ltr'><strong>regionibus</strong></span> <span class='ocrx_word' id='word_1_57' title='bbox 1708 1204 2026 1275; x_wconf 83' lang='lat' dir='ltr'><strong>haereticis</strong></span> <span class='ocrx_word' id='word_1_58' title='bbox 2071 1211 2184 1275; x_wconf 88' lang='lat' dir='ltr'><strong>aut</strong></span> <span class='ocrx_word' id='word_1_59' title='bbox 2236 1204 2470 1273; x_wconf 84' lang='lat' dir='ltr'><strong>infide-</strong></span> 
     </span>
     <span class='ocr_line' id='line_1_9' title="bbox 202 1314 2470 1391; baseline 0.004 -10"><span class='ocrx_word' id='word_1_60' title='bbox 202 1314 377 1385; x_wconf 81' lang='lat' dir='ltr'><strong>libus</strong></span> <span class='ocrx_word' id='word_1_61' title='bbox 408 1317 839 1389; x_wconf 88' lang='lat' dir='ltr'><strong>oriundorum</strong></span> <span class='ocrx_word' id='word_1_62' title='bbox 880 1316 1249 1387; x_wconf 87' lang='lat' dir='ltr'><strong>conditione</strong></span> <span class='ocrx_word' id='word_1_63' title='bbox 1296 1316 1522 1387; x_wconf 88' lang='lat' dir='ltr'><strong>crebra</strong></span> <span class='ocrx_word' id='word_1_64' title='bbox 1573 1320 1816 1389; x_wconf 89' lang='lat' dir='ltr'><strong>mentio</strong></span> <span class='ocrx_word' id='word_1_65' title='bbox 1865 1326 2264 1390; x_wconf 78' lang='lat' dir='ltr'><strong>occurreret›</strong></span> <span class='ocrx_word' id='word_1_66' title='bbox 2304 1322 2470 1391; x_wconf 87' lang='lat' dir='ltr'><strong>Item</strong></span> 
     </span>
     <span class='ocr_line' id='line_1_10' title="bbox 204 1419 2475 1520; baseline 0.003 -23"><span class='ocrx_word' id='word_1_67' title='bbox 204 1430 279 1497; x_wconf 90' lang='lat' dir='ltr'><strong>in</strong></span> <span class='ocrx_word' id='word_1_68' title='bbox 322 1430 775 1520; x_wconf 88' lang='lat' dir='ltr'><strong>religiosorum</strong></span> <span class='ocrx_word' id='word_1_69' title='bbox 823 1431 1133 1501; x_wconf 87' lang='lat' dir='ltr'><strong>ordinum</strong></span> <span class='ocrx_word' id='word_1_70' title='bbox 1168 1419 1734 1504; x_wconf 77' lang='lat' dir='ltr'><strong>constitutionibus</strong></span> <span class='ocrx_word' id='word_1_71' title='bbox 1771 1440 1836 1503; x_wconf 88' lang='lat' dir='ltr'><strong>et</strong></span> <span class='ocrx_word' id='word_1_72' title='bbox 1875 1434 2254 1503; x_wconf 85' lang='lat' dir='ltr'><strong>earumdem</strong></span> <span class='ocrx_word' id='word_1_73' title='bbox 2291 1456 2475 1503; x_wconf 88' lang='lat' dir='ltr'><strong>com·</strong></span> 
     </span>
     <span class='ocr_line' id='line_1_11' title="bbox 206 1548 2477 1641; baseline 0.003 -28"><span class='ocrx_word' id='word_1_74' title='bbox 206 1548 562 1635; x_wconf 87' lang='lat' dir='ltr'><strong>mentariis,</strong></span> <span class='ocrx_word' id='word_1_75' title='bbox 588 1554 885 1619; x_wconf 83' lang='lat' dir='ltr'><strong>accurate</strong></span> <span class='ocrx_word' id='word_1_76' title='bbox 910 1548 1327 1641; x_wconf 68' lang='lat' dir='ltr'><strong>praefatorum</strong></span> <span class='ocrx_word' id='word_1_77' title='bbox 1354 1548 1804 1639; x_wconf 89' lang='lat' dir='ltr'><strong>religiosorum</strong></span> <span class='ocrx_word' id='word_1_78' title='bbox 1837 1549 2293 1641; x_wconf 83' lang='lat' dir='ltr'><strong>exceptionalis</strong></span> <span class='ocrx_word' id='word_1_79' title='bbox 2321 1572 2477 1619; x_wconf 88' lang='lat' dir='ltr'><strong>con-</strong></span> 
     </span>
     <span class='ocr_line' id='line_1_12' title="bbox 206 1660 2477 1755; baseline 0 -24"><span class='ocrx_word' id='word_1_80' title='bbox 206 1660 367 1731; x_wconf 87' lang='lat' dir='ltr'><strong>ditio</strong></span> <span class='ocrx_word' id='word_1_81' title='bbox 422 1664 911 1734; x_wconf 85' lang='lat' dir='ltr'><strong>describeretur.</strong></span> <span class='ocrx_word' id='word_1_82' title='bbox 969 1662 1169 1733; x_wconf 86' lang='lat' dir='ltr'><strong>Porro</strong></span> <span class='ocrx_word' id='word_1_83' title='bbox 1216 1664 1535 1755; x_wconf 84' lang='lat' dir='ltr'><strong>ejusmodi</strong></span> <span class='ocrx_word' id='word_1_84' title='bbox 1597 1671 2175 1734; x_wconf 85' lang='lat' dir='ltr'><strong>monumentorum</strong></span> <span class='ocrx_word' id='word_1_85' title='bbox 2231 1662 2477 1732; x_wconf 85' lang='lat' dir='ltr'><strong>nedum</strong></span> 
     </span>
     <span class='ocr_line' id='line_1_13' title="bbox 207 1774 1888 1871; baseline 0.002 -27"><span class='ocrx_word' id='word_1_86' title='bbox 207 1774 598 1867; x_wconf 86' lang='lat' dir='ltr'><strong>frequentia,</strong></span> <span class='ocrx_word' id='word_1_87' title='bbox 626 1800 707 1847; x_wconf 90' lang='lat' dir='ltr'><strong>ne</strong></span> <span class='ocrx_word' id='word_1_88' title='bbox 732 1780 1079 1871; x_wconf 76' lang='lat' dir='ltr'><strong>vestigium</strong></span> <span class='ocrx_word' id='word_1_89' title='bbox 1118 1780 1385 1871; x_wconf 87' lang='lat' dir='ltr'><strong>quidem</strong></span> <span class='ocrx_word' id='word_1_90' title='bbox 1402 1778 1636 1847; x_wconf 82' lang='lat' dir='ltr'><strong>adduci</strong></span> <span class='ocrx_word' id='word_1_91' title='bbox 1661 1784 1888 1871; x_wconf 83' lang='lat' dir='ltr'><strong>potest.</strong></span> 
     </span>
    </p>

    <p class='ocr_par' dir='ltr' id='par_1_3' title="bbox 212 1890 2500 3601">
     <span class='ocr_line' id='line_1_14' title="bbox 306 1890 2480 1986; baseline 0 -27"><span class='ocrx_word' id='word_1_92' title='bbox 306 1892 371 1959; x_wconf 78' lang='lat'><strong>2⁰</strong></span> <span class='ocrx_word' id='word_1_93' title='bbox 426 1890 559 1975; x_wconf 85' lang='lat' dir='ltr'><strong>Nec</strong></span> <span class='ocrx_word' id='word_1_94' title='bbox 592 1895 1114 1983; x_wconf 79' lang='lat' dir='ltr'><strong>praesumendum</strong></span> <span class='ocrx_word' id='word_1_95' title='bbox 1148 1902 1247 1965; x_wconf 81' lang='lat' dir='ltr'><strong>est</strong></span> <span class='ocrx_word' id='word_1_96' title='bbox 1296 1902 1517 1964; x_wconf 85' lang='lat' dir='ltr'><strong>votum</strong></span> <span class='ocrx_word' id='word_1_97' title='bbox 1557 1895 1970 1986; x_wconf 79' lang='lat' dir='ltr'><strong>paupertatis,</strong></span> <span class='ocrx_word' id='word_1_98' title='bbox 2015 1894 2188 1984; x_wconf 88' lang='lat' dir='ltr'><strong>quod</strong></span> <span class='ocrx_word' id='word_1_99' title='bbox 2235 1894 2480 1983; x_wconf 84' lang='lat' dir='ltr'><strong>praefati</strong></span> 
     </span>
     <span class='ocr_line' id='line_1_15' title="bbox 218 2004 2475 2105; baseline 0.001 -32"><span class='ocrx_word' id='word_1_100' title='bbox 218 2004 509 2095; x_wconf 79' lang='lat' dir='ltr'><strong>religiosi</strong></span> <span class='ocrx_word' id='word_1_101' title='bbox 557 2011 929 2105; x_wconf 71' lang='lat' dir='ltr'><strong>emiserunt,</strong></span> <span class='ocrx_word' id='word_1_102' title='bbox 978 2032 1054 2079; x_wconf 83' lang='lat' dir='ltr'><strong>ex</strong></span> <span class='ocrx_word' id='word_1_103' title='bbox 1099 2010 1358 2101; x_wconf 87' lang='lat' dir='ltr'><strong>speciali</strong></span> <span class='ocrx_word' id='word_1_104' title='bbox 1398 2009 1566 2079; x_wconf 89' lang='lat' dir='ltr'><strong>sedis</strong></span> <span class='ocrx_word' id='word_1_105' title='bbox 1615 2008 2000 2100; x_wconf 80' lang='lat' dir='ltr'><strong>Apostolieae</strong></span> <span class='ocrx_word' id='word_1_106' title='bbox 2037 2006 2475 2097; x_wconf 83' lang='lat' dir='ltr'><strong>dispositione,</strong></span> 
     </span>
     <span class='ocr_line' id='line_1_16' title="bbox 212 2122 2482 2217; baseline 0.001 -28"><span class='ocrx_word' id='word_1_107' title='bbox 212 2122 415 2192; x_wconf 87' lang='lat' dir='ltr'><strong>fuisse</strong></span> <span class='ocrx_word' id='word_1_108' title='bbox 438 2125 733 2217; x_wconf 87' lang='lat' dir='ltr'><strong>simplex.</strong></span> <span class='ocrx_word' id='word_1_109' title='bbox 780 2125 943 2196; x_wconf 87' lang='lat' dir='ltr'><strong>Nam</strong></span> <span class='ocrx_word' id='word_1_110' title='bbox 980 2126 1315 2216; x_wconf 85' lang='lat' dir='ltr'><strong>religiosos</strong></span> <span class='ocrx_word' id='word_1_111' title='bbox 1354 2125 1519 2212; x_wconf 90' lang='lat' dir='ltr'><strong>illos,</strong></span> <span class='ocrx_word' id='word_1_112' title='bbox 1553 2144 1687 2194; x_wconf 85' lang='lat' dir='ltr'><strong>non</strong></span> <span class='ocrx_word' id='word_1_113' title='bbox 1718 2144 1901 2194; x_wconf 88' lang='lat' dir='ltr'><strong>secus</strong></span> <span class='ocrx_word' id='word_1_114' title='bbox 1943 2144 2016 2194; x_wconf 88' lang='lat' dir='ltr'><strong>ac</strong></span> <span class='ocrx_word' id='word_1_115' title='bbox 2051 2129 2335 2210; x_wconf 80' lang='lat' dir='ltr'><strong>caeteros,</strong></span> <span class='ocrx_word' id='word_1_116' title='bbox 2369 2144 2482 2213; x_wconf 90' lang='lat' dir='ltr'><strong>per</strong></span> 
     </span>
     <span class='ocr_line' id='line_1_17' title="bbox 216 2236 2484 2335; baseline 0 -30"><span class='ocrx_word' id='word_1_117' title='bbox 216 2236 409 2329; x_wconf 87' lang='lat' dir='ltr'><strong>plura</strong></span> <span class='ocrx_word' id='word_1_118' title='bbox 458 2242 691 2311; x_wconf 79' lang='lat' dir='ltr'><strong>saecula</strong></span> <span class='ocrx_word' id='word_1_119' title='bbox 738 2242 1196 2335; x_wconf 72' lang='lat' dir='ltr'><strong>professionem</strong></span> <span class='ocrx_word' id='word_1_120' title='bbox 1228 2262 1413 2312; x_wconf 89' lang='lat' dir='ltr'><strong>suam</strong></span> <span class='ocrx_word' id='word_1_121' title='bbox 1457 2242 1644 2330; x_wconf 84' lang='lat' dir='ltr'><strong>juxta</strong></span> <span class='ocrx_word' id='word_1_122' title='bbox 1693 2240 2026 2333; x_wconf 87' lang='lat' dir='ltr'><strong>propriam</strong></span> <span class='ocrx_word' id='word_1_123' title='bbox 2071 2238 2368 2329; x_wconf 87' lang='lat' dir='ltr'><strong>regulam</strong></span> <span class='ocrx_word' id='word_1_124' title='bbox 2422 2243 2484 2306; x_wconf 89' lang='lat' dir='ltr'><strong>et</strong></span> 
     </span>
     <span class='ocr_line' id='line_1_18' title="bbox 212 2352 2477 2449; baseline 0 -26"><span class='ocrx_word' id='word_1_125' title='bbox 212 2357 701 2427; x_wconf 86' lang='lat' dir='ltr'><strong>constitutiones</strong></span> <span class='ocrx_word' id='word_1_126' title='bbox 743 2358 969 2427; x_wconf 87' lang='lat' dir='ltr'><strong>eodem</strong></span> <span class='ocrx_word' id='word_1_127' title='bbox 1016 2356 1209 2429; x_wconf 89' lang='lat' dir='ltr'><strong>modo</strong></span> <span class='ocrx_word' id='word_1_128' title='bbox 1234 2379 1367 2449; x_wconf 84' lang='lat' dir='ltr'><strong>quo</strong></span> <span class='ocrx_word' id='word_1_129' title='bbox 1406 2358 1545 2446; x_wconf 88' lang='lat' dir='ltr'><strong>alii,</strong></span> <span class='ocrx_word' id='word_1_130' title='bbox 1575 2357 1865 2427; x_wconf 85' lang='lat' dir='ltr'><strong>emisisse</strong></span> <span class='ocrx_word' id='word_1_131' title='bbox 1897 2352 2170 2426; x_wconf 89' lang='lat' dir='ltr'><strong>omnino</strong></span> <span class='ocrx_word' id='word_1_132' title='bbox 2212 2357 2477 2423; x_wconf 89' lang='lat' dir='ltr'><strong>constat.</strong></span> 
     </span>
     <span class='ocr_line' id='line_1_19' title="bbox 218 2465 2484 2566; baseline 0 -29"><span class='ocrx_word' id='word_1_133' title='bbox 218 2465 439 2553; x_wconf 77' lang='lat' dir='ltr'><strong>Porro</strong></span> <span class='ocrx_word' id='word_1_134' title='bbox 458 2472 913 2562; x_wconf 85' lang='lat' dir='ltr'><strong>religiosorum</strong></span> <span class='ocrx_word' id='word_1_135' title='bbox 961 2473 1297 2560; x_wconf 86' lang='lat' dir='ltr'><strong>ordinum,</strong></span> <span class='ocrx_word' id='word_1_136' title='bbox 1342 2474 1424 2544; x_wconf 89' lang='lat' dir='ltr'><strong>de</strong></span> <span class='ocrx_word' id='word_1_137' title='bbox 1466 2474 1708 2566; x_wconf 85' lang='lat' dir='ltr'><strong>quibus</strong></span> <span class='ocrx_word' id='word_1_138' title='bbox 1759 2472 2121 2565; x_wconf 87' lang='lat' dir='ltr'><strong>loquimur,</strong></span> <span class='ocrx_word' id='word_1_139' title='bbox 2165 2470 2484 2555; x_wconf 86' lang='lat' dir='ltr'><strong>instituta,</strong></span> 
     </span>
     <span class='ocr_line' id='line_1_20' title="bbox 216 2585 2490 2679; baseline 0.001 -29"><span class='ocrx_word' id='word_1_140' title='bbox 216 2602 511 2676; x_wconf 82' lang='lat' dir='ltr'><strong>expresse</strong></span> <span class='ocrx_word' id='word_1_141' title='bbox 554 2585 911 2679; x_wconf 87' lang='lat' dir='ltr'><strong>disponunt</strong></span> <span class='ocrx_word' id='word_1_142' title='bbox 954 2587 1314 2659; x_wconf 87' lang='lat' dir='ltr'><strong>faciendam</strong></span> <span class='ocrx_word' id='word_1_143' title='bbox 1366 2610 1502 2657; x_wconf 87' lang='lat' dir='ltr'><strong>esse</strong></span> <span class='ocrx_word' id='word_1_144' title='bbox 1541 2589 2002 2678; x_wconf 81' lang='lat' dir='ltr'><strong>professionem</strong></span> <span class='ocrx_word' id='word_1_145' title='bbox 2051 2609 2162 2679; x_wconf 86' lang='lat' dir='ltr'><strong>per</strong></span> <span class='ocrx_word' id='word_1_146' title='bbox 2217 2586 2338 2655; x_wconf 87' lang='lat' dir='ltr'><strong>tria</strong></span> <span class='ocrx_word' id='word_1_147' title='bbox 2389 2604 2490 2652; x_wconf 84' lang='lat' dir='ltr'><strong>so-</strong></span> 
     </span>
     <span class='ocr_line' id='line_1_21' title="bbox 220 2698 2490 2789; baseline -0 -21"><span class='ocrx_word' id='word_1_148' title='bbox 220 2698 475 2769; x_wconf 76' lang='lat' dir='ltr'><strong>lemnia</strong></span> <span class='ocrx_word' id='word_1_149' title='bbox 508 2709 677 2789; x_wconf 80' lang='lat' dir='ltr'><strong>vota,</strong></span> <span class='ocrx_word' id='word_1_150' title='bbox 722 2709 792 2773; x_wconf 87' lang='lat' dir='ltr'><strong>et</strong></span> <span class='ocrx_word' id='word_1_151' title='bbox 831 2704 1015 2774; x_wconf 84' lang='lat' dir='ltr'><strong>aliter</strong></span> <span class='ocrx_word' id='word_1_152' title='bbox 1052 2704 1287 2773; x_wconf 87' lang='lat' dir='ltr'><strong>factam</strong></span> <span class='ocrx_word' id='word_1_153' title='bbox 1322 2724 1456 2771; x_wconf 90' lang='lat' dir='ltr'><strong>non</strong></span> <span class='ocrx_word' id='word_1_154' title='bbox 1501 2701 1736 2771; x_wconf 79' lang='lat' dir='ltr'><strong>valere.</strong></span> <span class='ocrx_word' id='word_1_155' title='bbox 1788 2702 2086 2770; x_wconf 85' lang='lat' dir='ltr'><strong>Instituta</strong></span> <span class='ocrx_word' id='word_1_156' title='bbox 2127 2706 2340 2769; x_wconf 77' lang='lat' dir='ltr'><strong>autom</strong></span> <span class='ocrx_word' id='word_1_157' title='bbox 2377 2698 2490 2768; x_wconf 89' lang='lat' dir='ltr'><strong>illa</strong></span> 
     </span>
     <span class='ocr_line' id='line_1_22' title="bbox 224 2811 2492 2908; baseline 0 -26"><span class='ocrx_word' id='word_1_158' title='bbox 224 2835 387 2883; x_wconf 87' lang='lat' dir='ltr'><strong>cum</strong></span> <span class='ocrx_word' id='word_1_159' title='bbox 436 2818 558 2887; x_wconf 88' lang='lat' dir='ltr'><strong>hoc</strong></span> <span class='ocrx_word' id='word_1_160' title='bbox 612 2825 828 2888; x_wconf 84' lang='lat' dir='ltr'><strong>tenore</strong></span> <span class='ocrx_word' id='word_1_161' title='bbox 884 2818 1154 2889; x_wconf 88' lang='lat' dir='ltr'><strong>fuerunt</strong></span> <span class='ocrx_word' id='word_1_162' title='bbox 1194 2840 1233 2887; x_wconf 88' lang='lat' dir='ltr'><strong>a</strong></span> <span class='ocrx_word' id='word_1_163' title='bbox 1279 2818 1426 2887; x_wconf 90' lang='lat' dir='ltr'><strong>sede</strong></span> <span class='ocrx_word' id='word_1_164' title='bbox 1467 2814 1836 2908; x_wconf 85' lang='lat' dir='ltr'><strong>Apostolica</strong></span> <span class='ocrx_word' id='word_1_165' title='bbox 1879 2814 2252 2906; x_wconf 84' lang='lat' dir='ltr'><strong>approbata.</strong></span> <span class='ocrx_word' id='word_1_166' title='bbox 2303 2811 2492 2882; x_wconf 88' lang='lat' dir='ltr'><strong>Unde</strong></span> 
     </span>
     <span class='ocr_line' id='line_1_23' title="bbox 222 2926 2490 3026; baseline -0.002 -26"><span class='ocrx_word' id='word_1_167' title='bbox 222 2938 299 3001; x_wconf 87' lang='lat' dir='ltr'><strong>ut</strong></span> <span class='ocrx_word' id='word_1_168' title='bbox 356 2934 501 3022; x_wconf 88' lang='lat' dir='ltr'><strong>quis</strong></span> <span class='ocrx_word' id='word_1_169' title='bbox 552 2935 851 3025; x_wconf 86' lang='lat' dir='ltr'><strong>potuerit,</strong></span> <span class='ocrx_word' id='word_1_170' title='bbox 929 2942 1071 3026; x_wconf 87' lang='lat' dir='ltr'><strong>post</strong></span> <span class='ocrx_word' id='word_1_171' title='bbox 1130 2932 1449 3024; x_wconf 76' lang='lat' dir='ltr'><strong>eJusmodi</strong></span> <span class='ocrx_word' id='word_1_172' title='bbox 1508 2928 2060 3023; x_wconf 86' lang='lat' dir='ltr'><strong>approbationem,</strong></span> <span class='ocrx_word' id='word_1_173' title='bbox 2117 2926 2490 2995; x_wconf 88' lang='lat' dir='ltr'><strong>membrum</strong></span> 
     </span>
     <span class='ocr_line' id='line_1_24' title="bbox 220 3036 2496 3139; baseline -0.004 -25"><span class='ocrx_word' id='word_1_174' title='bbox 220 3046 475 3119; x_wconf 84' lang='lat' dir='ltr'><strong>ordinis</strong></span> <span class='ocrx_word' id='word_1_175' title='bbox 532 3048 677 3117; x_wconf 86' lang='lat' dir='ltr'><strong>fieri</strong></span> <span class='ocrx_word' id='word_1_176' title='bbox 728 3048 973 3139; x_wconf 86' lang='lat' dir='ltr'><strong>absque</strong></span> <span class='ocrx_word' id='word_1_177' title='bbox 1020 3048 1225 3117; x_wconf 88' lang='lat' dir='ltr'><strong>tribus</strong></span> <span class='ocrx_word' id='word_1_178' title='bbox 1276 3046 1674 3117; x_wconf 88' lang='lat' dir='ltr'><strong>solemnibus</strong></span> <span class='ocrx_word' id='word_1_179' title='bbox 1729 3043 1912 3125; x_wconf 80' lang='lat' dir='ltr'><strong>votis,</strong></span> <span class='ocrx_word' id='word_1_180' title='bbox 1967 3036 2324 3111; x_wconf 87' lang='lat' dir='ltr'><strong>necessaria</strong></span> <span class='ocrx_word' id='word_1_181' title='bbox 2373 3037 2496 3106; x_wconf 83' lang='lat' dir='ltr'><strong>fuit</strong></span> 
     </span>
     <span class='ocr_line' id='line_1_25' title="bbox 220 3153 2495 3261; baseline -0.005 -29"><span class='ocrx_word' id='word_1_182' title='bbox 220 3184 519 3261; x_wconf 77' lang='lat' dir='ltr'><strong>expressa</strong></span> <span class='ocrx_word' id='word_1_183' title='bbox 554 3162 721 3235; x_wconf 82' lang='lat' dir='ltr'><strong>sedis</strong></span> <span class='ocrx_word' id='word_1_184' title='bbox 765 3162 1150 3257; x_wconf 79' lang='lat' dir='ltr'><strong>Apostolieae</strong></span> <span class='ocrx_word' id='word_1_185' title='bbox 1195 3161 1552 3255; x_wconf 88' lang='lat' dir='ltr'><strong>dispositio,</strong></span> <span class='ocrx_word' id='word_1_186' title='bbox 1600 3181 1732 3251; x_wconf 89' lang='lat' dir='ltr'><strong>qua</strong></span> <span class='ocrx_word' id='word_1_187' title='bbox 1768 3158 2014 3229; x_wconf 84' lang='lat' dir='ltr'><strong>ordinis</strong></span> <span class='ocrx_word' id='word_1_188' title='bbox 2057 3153 2340 3244; x_wconf 85' lang='lat' dir='ltr'><strong>religiosi</strong></span> <span class='ocrx_word' id='word_1_189' title='bbox 2389 3155 2495 3221; x_wconf 90' lang='lat' dir='ltr'><strong>in·</strong></span> 
     </span>
     <span class='ocr_line' id='line_1_26' title="bbox 224 3268 2500 3371; baseline -0.004 -22"><span class='ocrx_word' id='word_1_190' title='bbox 224 3282 533 3349; x_wconf 87' lang='lat' dir='ltr'><strong>stitutum</strong></span> <span class='ocrx_word' id='word_1_191' title='bbox 564 3300 673 3349; x_wconf 88' lang='lat' dir='ltr'><strong>seu</strong></span> <span class='ocrx_word' id='word_1_192' title='bbox 712 3278 941 3369; x_wconf 88' lang='lat' dir='ltr'><strong>regula</strong></span> <span class='ocrx_word' id='word_1_193' title='bbox 988 3300 1065 3349; x_wconf 88' lang='lat' dir='ltr'><strong>ex</strong></span> <span class='ocrx_word' id='word_1_194' title='bbox 1108 3280 1232 3348; x_wconf 87' lang='lat' dir='ltr'><strong>hac</strong></span> <span class='ocrx_word' id='word_1_195' title='bbox 1274 3284 1450 3371; x_wconf 85' lang='lat' dir='ltr'><strong>parte</strong></span> <span class='ocrx_word' id='word_1_196' title='bbox 1489 3280 1964 3346; x_wconf 87' lang='lat' dir='ltr'><strong>immutaretur.</strong></span> <span class='ocrx_word' id='word_1_197' title='bbox 2015 3270 2148 3341; x_wconf 89' lang='lat' dir='ltr'><strong>Nec</strong></span> <span class='ocrx_word' id='word_1_198' title='bbox 2191 3268 2500 3363; x_wconf 72' lang='lat' dir='ltr'><strong>praesumi</strong></span> 
     </span>
     <span class='ocr_line' id='line_1_27' title="bbox 238 3384 2500 3486; baseline -0.006 -22"><span class='ocrx_word' id='word_1_199' title='bbox 238 3400 448 3486; x_wconf 86' lang='lat' dir='ltr'><strong>potest</strong></span> <span class='ocrx_word' id='word_1_200' title='bbox 488 3395 631 3465; x_wconf 78' lang='lat' dir='ltr'><strong>haec</strong></span> <span class='ocrx_word' id='word_1_201' title='bbox 678 3394 841 3463; x_wconf 89' lang='lat' dir='ltr'><strong>sedis</strong></span> <span class='ocrx_word' id='word_1_202' title='bbox 893 3392 1272 3485; x_wconf 80' lang='lat' dir='ltr'><strong>Apostolicae</strong></span> <span class='ocrx_word' id='word_1_203' title='bbox 1331 3390 1709 3483; x_wconf 82' lang='lat' dir='ltr'><strong>dispositi03</strong></span> <span class='ocrx_word' id='word_1_204' title='bbox 1767 3388 1923 3479; x_wconf 90' lang='lat' dir='ltr'><strong>quia</strong></span> <span class='ocrx_word' id='word_1_205' title='bbox 1957 3386 2247 3477; x_wconf 89' lang='lat' dir='ltr'><strong>quandiu</strong></span> <span class='ocrx_word' id='word_1_206' title='bbox 2293 3384 2374 3454; x_wconf 91' lang='lat' dir='ltr'><strong>de</strong></span> <span class='ocrx_word' id='word_1_207' title='bbox 2423 3401 2500 3453; x_wconf 84' lang='lat' dir='ltr'><strong>ea</strong></span> 
     </span>
     <span class='ocr_line' id='line_1_28' title="bbox 228 3502 2500 3601; baseline -0.006 -23"><span class='ocrx_word' id='word_1_208' title='bbox 228 3530 369 3579; x_wconf 87' lang='lat' dir='ltr'><strong>non</strong></span> <span class='ocrx_word' id='word_1_209' title='bbox 406 3516 676 3593; x_wconf 87' lang='lat' dir='ltr'><strong>constat,</strong></span> <span class='ocrx_word' id='word_1_210' title='bbox 719 3510 930 3601; x_wconf 90' lang='lat' dir='ltr'><strong>pergit</strong></span> <span class='ocrx_word' id='word_1_211' title='bbox 970 3508 1337 3578; x_wconf 87' lang='lat' dir='ltr'><strong>institutum</strong></span> <span class='ocrx_word' id='word_1_212' title='bbox 1374 3506 1756 3595; x_wconf 86' lang='lat' dir='ltr'><strong>religiosum</strong></span> <span class='ocrx_word' id='word_1_213' title='bbox 1797 3507 1930 3573; x_wconf 85' lang='lat' dir='ltr'><strong>vim</strong></span> <span class='ocrx_word' id='word_1_214' title='bbox 1957 3502 2192 3571; x_wconf 88' lang='lat' dir='ltr'><strong>habere</strong></span> <span class='ocrx_word' id='word_1_215' title='bbox 2229 3520 2380 3569; x_wconf 88' lang='lat' dir='ltr'><strong>eum</strong></span> <span class='ocrx_word' id='word_1_216' title='bbox 2421 3518 2500 3566; x_wconf 90' lang='lat' dir='ltr'><strong>eo</strong></span> 
     </span>
    </p>
   </div>
   <div class='ocr_carea' id='block_1_3' title="bbox 120 3614 2500 3723">
    <p class='ocr_par' dir='ltr' id='par_1_4' title="bbox 120 3614 2500 3723">
     <span class='ocr_line' id='line_1_29' title="bbox 120 3614 2500 3723; baseline -0.007 -29"><span class='ocrx_word' id='word_1_217' title='bbox 120 3706 135 3723; x_wconf 51' lang='lat'><strong>·</strong></span> <span class='ocrx_word' id='word_1_218' title='bbox 232 3632 486 3707; x_wconf 88' lang='lat' dir='ltr'><strong>tenore,</strong></span> <span class='ocrx_word' id='word_1_219' title='bbox 534 3646 686 3695; x_wconf 89' lang='lat' dir='ltr'><strong>cum</strong></span> <span class='ocrx_word' id='word_1_220' title='bbox 730 3646 861 3715; x_wconf 90' lang='lat' dir='ltr'><strong>quo</strong></span> <span class='ocrx_word' id='word_1_221' title='bbox 902 3624 1328 3716; x_wconf 82' lang='lat' dir='ltr'><strong>approbatum</strong></span> <span class='ocrx_word' id='word_1_222' title='bbox 1368 3620 1511 3690; x_wconf 77' lang='lat' dir='ltr'><strong>tuit.</strong></span> <span class='ocrx_word' id='word_1_223' title='bbox 1557 3620 1933 3689; x_wconf 87' lang='lat' dir='ltr'><strong>Absurdum</strong></span> <span class='ocrx_word' id='word_1_224' title='bbox 1974 3637 2204 3706; x_wconf 88' lang='lat' dir='ltr'><strong>nempe</strong></span> <span class='ocrx_word' id='word_1_225' title='bbox 2237 3619 2330 3681; x_wconf 88' lang='lat' dir='ltr'><strong>est</strong></span> <span class='ocrx_word' id='word_1_226' title='bbox 2375 3614 2500 3680; x_wconf 86' lang='lat' dir='ltr'><strong>im·</strong></span> 
     </span>
    </p>
   </div>
   <div class='ocr_carea' id='block_1_4' title="bbox 234 3727 2510 4527">
    <p class='ocr_par' dir='ltr' id='par_1_5' title="bbox 234 3727 2510 4527">
     <span class='ocr_line' id='line_1_30' title="bbox 234 3727 2500 3831; baseline -0.007 -22"><span class='ocrx_word' id='word_1_227' title='bbox 234 3746 517 3809; x_wconf 88' lang='lat' dir='ltr'><strong>mutatas</strong></span> <span class='ocrx_word' id='word_1_228' title='bbox 558 3761 599 3809; x_wconf 86' lang='lat' dir='ltr'><strong>a</strong></span> <span class='ocrx_word' id='word_1_229' title='bbox 638 3740 787 3809; x_wconf 87' lang='lat' dir='ltr'><strong>sede</strong></span> <span class='ocrx_word' id='word_1_230' title='bbox 840 3738 1205 3831; x_wconf 71' lang='lat' dir='ltr'><strong>Apostolica</strong></span> <span class='ocrx_word' id='word_1_231' title='bbox 1254 3758 1647 3829; x_wconf 83' lang='lat' dir='ltr'><strong>praesumere</strong></span> <span class='ocrx_word' id='word_1_232' title='bbox 1694 3735 2144 3826; x_wconf 85' lang='lat' dir='ltr'><strong>religiosorum</strong></span> <span class='ocrx_word' id='word_1_233' title='bbox 2192 3727 2500 3797; x_wconf 89' lang='lat' dir='ltr'><strong>ordinum</strong></span> 
     </span>
     <span class='ocr_line' id='line_1_31' title="bbox 242 3841 2504 3945; baseline -0.006 -21"><span class='ocrx_word' id='word_1_234' title='bbox 242 3856 759 3941; x_wconf 85' lang='lat' dir='ltr'><strong>constitutiones,</strong></span> <span class='ocrx_word' id='word_1_235' title='bbox 820 3854 1111 3945; x_wconf 89' lang='lat' dir='ltr'><strong>quandiu</strong></span> <span class='ocrx_word' id='word_1_236' title='bbox 1166 3851 1393 3923; x_wconf 88' lang='lat' dir='ltr'><strong>iisdem</strong></span> <span class='ocrx_word' id='word_1_237' title='bbox 1446 3851 1782 3922; x_wconf 89' lang='lat' dir='ltr'><strong>ordinibus</strong></span> <span class='ocrx_word' id='word_1_238' title='bbox 1838 3850 2016 3920; x_wconf 89' lang='lat' dir='ltr'><strong>nulla</strong></span> <span class='ocrx_word' id='word_1_239' title='bbox 2073 3846 2355 3916; x_wconf 88' lang='lat' dir='ltr'><strong>innotuit</strong></span> <span class='ocrx_word' id='word_1_240' title='bbox 2424 3841 2504 3910; x_wconf 91' lang='lat' dir='ltr'><strong>de</strong></span> 
     </span>
     <span class='ocr_line' id='line_1_32' title="bbox 236 3950 2504 4069; baseline -0.008 -29"><span class='ocrx_word' id='word_1_241' title='bbox 236 3970 439 4040; x_wconf 84' lang='lat' dir='ltr'><strong>hacce</strong></span> <span class='ocrx_word' id='word_1_242' title='bbox 470 3968 921 4041; x_wconf 86' lang='lat' dir='ltr'><strong>immutatione</strong></span> <span class='ocrx_word' id='word_1_243' title='bbox 966 3950 1335 4069; x_wconf 71' lang='lat' dir='ltr'><strong>authentica</strong></span> <span class='ocrx_word' id='word_1_244' title='bbox 1374 3966 1740 4037; x_wconf 88' lang='lat' dir='ltr'><strong>declaratio.</strong></span> <span class='ocrx_word' id='word_1_245' title='bbox 1779 3965 1948 4035; x_wconf 89' lang='lat' dir='ltr'><strong>Cum</strong></span> <span class='ocrx_word' id='word_1_246' title='bbox 1973 3982 2129 4051; x_wconf 88' lang='lat' dir='ltr'><strong>ergo</strong></span> <span class='ocrx_word' id='word_1_247' title='bbox 2168 3958 2348 4027; x_wconf 85' lang='lat' dir='ltr'><strong>nulla</strong></span> <span class='ocrx_word' id='word_1_248' title='bbox 2373 3975 2504 4024; x_wconf 89' lang='lat' dir='ltr'><strong>un-</strong></span> 
     </span>
     <span class='ocr_line' id='line_1_33' title="bbox 236 4075 2506 4178; baseline -0.007 -23"><span class='ocrx_word' id='word_1_249' title='bbox 236 4108 441 4178; x_wconf 87' lang='lat' dir='ltr'><strong>quam</strong></span> <span class='ocrx_word' id='word_1_250' title='bbox 492 4088 915 4157; x_wconf 82' lang='lat' dir='ltr'><strong>intervenerit</strong></span> <span class='ocrx_word' id='word_1_251' title='bbox 956 4104 1251 4176; x_wconf 84' lang='lat' dir='ltr'><strong>expressa</strong></span> <span class='ocrx_word' id='word_1_252' title='bbox 1302 4083 1472 4152; x_wconf 89' lang='lat' dir='ltr'><strong>sedis</strong></span> <span class='ocrx_word' id='word_1_253' title='bbox 1525 4082 1912 4173; x_wconf 79' lang='lat' dir='ltr'><strong>Apostolicae</strong></span> <span class='ocrx_word' id='word_1_254' title='bbox 1962 4075 2318 4169; x_wconf 90' lang='lat' dir='ltr'><strong>dispositi0,</strong></span> <span class='ocrx_word' id='word_1_255' title='bbox 2375 4090 2506 4161; x_wconf 86' lang='lat' dir='ltr'><strong>qua</strong></span> 
     </span>
     <span class='ocr_line' id='line_1_34' title="bbox 234 4177 2507 4293; baseline -0.008 -20"><span class='ocrx_word' id='word_1_256' title='bbox 234 4210 577 4287; x_wconf 82' lang='lat' dir='ltr'><strong>statuatur,</strong></span> <span class='ocrx_word' id='word_1_257' title='bbox 614 4205 689 4271; x_wconf 90' lang='lat' dir='ltr'><strong>ut</strong></span> <span class='ocrx_word' id='word_1_258' title='bbox 725 4177 1138 4271; x_wconf 83' lang='lat' dir='ltr'><strong>Dominicani</strong></span> <span class='ocrx_word' id='word_1_259' title='bbox 1179 4198 1381 4293; x_wconf 86' lang='lat' dir='ltr'><strong>(verbi</strong></span> <span class='ocrx_word' id='word_1_260' title='bbox 1427 4196 1654 4289; x_wconf 87' lang='lat' dir='ltr'><strong>gratia)</strong></span> <span class='ocrx_word' id='word_1_261' title='bbox 1691 4219 1728 4265; x_wconf 90' lang='lat' dir='ltr'><strong>e</strong></span> <span class='ocrx_word' id='word_1_262' title='bbox 1764 4194 2142 4285; x_wconf 87' lang='lat' dir='ltr'><strong>regionibus</strong></span> <span class='ocrx_word' id='word_1_263' title='bbox 2191 4188 2507 4260; x_wconf 81' lang='lat' dir='ltr'><strong>haereticis</strong></span> 
     </span>
     <span class='ocr_line' id='line_1_35' title="bbox 236 4308 2506 4405; baseline -0.006 -18"><span class='ocrx_word' id='word_1_264' title='bbox 236 4318 343 4389; x_wconf 73' lang='lat' dir='ltr'><strong>vel</strong></span> <span class='ocrx_word' id='word_1_265' title='bbox 381 4316 757 4388; x_wconf 85' lang='lat' dir='ltr'><strong>infidelibus</strong></span> <span class='ocrx_word' id='word_1_266' title='bbox 793 4314 1079 4398; x_wconf 89' lang='lat' dir='ltr'><strong>oriundi,</strong></span> <span class='ocrx_word' id='word_1_267' title='bbox 1118 4315 1371 4385; x_wconf 81' lang='lat' dir='ltr'><strong>valeant</strong></span> <span class='ocrx_word' id='word_1_268' title='bbox 1406 4337 1560 4386; x_wconf 89' lang='lat' dir='ltr'><strong>cum</strong></span> <span class='ocrx_word' id='word_1_269' title='bbox 1603 4311 1882 4405; x_wconf 88' lang='lat' dir='ltr'><strong>simplici</strong></span> <span class='ocrx_word' id='word_1_270' title='bbox 1922 4308 2314 4402; x_wconf 85' lang='lat' dir='ltr'><strong>paupertatis</strong></span> <span class='ocrx_word' id='word_1_271' title='bbox 2359 4308 2506 4374; x_wconf 76' lang='lat' dir='ltr'><strong>voto</strong></span> 
     </span>
     <span class='ocr_line' id='line_1_36' title="bbox 240 4424 2510 4527; baseline -0.005 -25"><span class='ocrx_word' id='word_1_272' title='bbox 240 4433 711 4527; x_wconf 86' lang='lat' dir='ltr'><strong>professionem</strong></span> <span class='ocrx_word' id='word_1_273' title='bbox 756 4432 1075 4515; x_wconf 87' lang='lat' dir='ltr'><strong>emittere,</strong></span> <span class='ocrx_word' id='word_1_274' title='bbox 1126 4437 1377 4499; x_wconf 88' lang='lat' dir='ltr'><strong>certum</strong></span> <span class='ocrx_word' id='word_1_275' title='bbox 1416 4436 1512 4499; x_wconf 88' lang='lat' dir='ltr'><strong>est</strong></span> <span class='ocrx_word' id='word_1_276' title='bbox 1574 4450 1706 4516; x_wconf 88' lang='lat' dir='ltr'><strong>eos,</strong></span> <span class='ocrx_word' id='word_1_277' title='bbox 1755 4426 2017 4497; x_wconf 87' lang='lat' dir='ltr'><strong>nonnisi</strong></span> <span class='ocrx_word' id='word_1_278' title='bbox 2068 4446 2180 4517; x_wconf 90' lang='lat' dir='ltr'><strong>per</strong></span> <span class='ocrx_word' id='word_1_279' title='bbox 2225 4424 2348 4493; x_wconf 84' lang='lat' dir='ltr'><strong>tria</strong></span> <span class='ocrx_word' id='word_1_280' title='bbox 2405 4440 2510 4491; x_wconf 89' lang='lat' dir='ltr'><strong>so·</strong></span> 
     </span>
    </p>
   </div>
  </div>
 </body>
</html>
