2834 4959
1081 363 1230 412 PARS
1271 365 1487 412 mum.
2294 369 2325 424 1
2338 369 2373 425 4
2384 369 2415 424 1

169 485 316 553 dam
357 484 486 576 (1):
545 486 772 575 itaque
811 506 1380 576 unumquemque,
1409 487 1526 578 qui
1572 489 1929 562 stabilitatis
1984 499 2131 564 veto
2182 493 2425 585 ligatus

163 623 288 668 non
357 607 542 687 esset,
597 601 884 691 potuisse
951 627 986 667 α
1029 601 1453 671 licentissime
1502 609 1566 671 et
1607 603 1849 696 absque
1908 606 2043 676 ulla
2105 612 2426 682 contradi-

165 745 198 782 ιι
229 718 439 786 ctione
499 715 606 786 vel
669 716 902 788 timore
977 722 1042 785 et
1107 716 1348 786 damno
1403 718 1639 788 animae
1694 741 1827 790 suae
1882 722 1977 792 ire
2030 745 2161 814 quo
2208 726 2423 814 vellet,

159 859 194 900 ιι
231 832 589 901 dummodo
657 838 953 902 maneret
1002 831 1350 903 observans
1405 833 1809 934 propositum
1871 843 1935 906 et
1976 838 2277 910 habitum
2322 863 2427 912 re-

165 975 202 1013 ιι
227 948 490 1036 ligionis
541 947 660 1038 (2).
705 973 740 1013 n
802 951 988 1020 Notat
1047 947 1314 1038 insuper
1390 948 1805 1036 professionis
1883 950 2197 1032 formulas
2258 958 2429 1026 inter

153 1066 340 1154 ipsos
383 1037 839 1132 Benedictinos
873 1061 1072 1132 fuisse
1117 1061 1613 1144 diversissimas,
1644 1065 1779 1134 'etsi
1822 1067 1897 1134 in
1940 1070 2247 1139 omnibus
2286 1071 2427 1144 haec

159 1178 294 1244 tria
337 1177 774 1268 reperirentur,
827 1175 1167 1258 stabilitae,
1230 1197 1494 1245 morum
1555 1179 1885 1249 conversio
1930 1188 1993 1248 et
2034 1182 2417 1254 obedientia.

176 1317 212 1354 ιι
237 1289 368 1360 Hoc
395 1312 560 1376 vero,
586 1287 807 1360 subdit
849 1289 972 1380 (3),
1001 1290 1178 1381 quod
1225 1297 1441 1382 postea
1483 1295 1553 1360 in
1592 1295 2023 1366 monachatus
2073 1297 2425 1368 confirma-

171 1433 210 1470 ιι
237 1408 404 1474 tione
439 1405 734 1475 additum
763 1411 882 1487 est,
910 1405 977 1473 id
1029 1410 1150 1492 est,
1183 1403 1551 1476 benedictio
1590 1409 1795 1478 sancti
1834 1409 2105 1498 ordinis,
2133 1413 2205 1481 in
2240 1414 2421 1484 nulla

171 1549 203 1584 ιι
231 1521 452 1612 regula
505 1521 841 1590 invenitur
895 1521 1310 1604 institutum3
1361 1523 1473 1592 sed
1530 1525 1649 1614 qui
1702 1524 1827 1595 hoc
1878 1525 2177 1612 instituit,
2236 1531 2421 1600 valde

161 1663 192 1700 ιι
233 1639 662 1708 necessariam
717 1657 862 1706 rem
937 1643 1129 1726 atque
1190 1636 1464 1726 dignam
1536 1643 1713 1710 tanto
1770 1641 1985 1712 ordini
2048 1643 2347 1734 providit.
2376 1671 2414 1712 1>

157 1751 360 1842 Pergit
399 1751 674 1821 deinde:
747 1775 784 1818 s
823 1748 920 1819 De
965 1749 1414 1820 benedictione
1465 1752 1591 1820 hac
1628 1759 1694 1822 et
1738 1752 1819 1822 de
1860 1745 1982 1824 ha'c
2036 1758 2423 1848 professione

163 1893 194 1929 ιι
221 1865 410 1936 multi
463 1867 716 1934 diverse
767 1863 1078 1934 sentiunt.
1130 1863 1412 1945 Quidam
1470 1865 1651 1934 enim
1700 1867 1933 1936 dicunt
1974 1869 2237 1939 nullum
2286 1895 2423 1942 esse

171 2009 204 2044 ιι
229 1983 326 2050 vel
371 2003 544 2074 posse
585 2003 722 2052 esse
764 1981 1161 2050 monachum
1207 1979 1344 2048 sine
1371 1979 1809 2070 professione;
1850 2002 2005 2050 nam
2030 1984 2421 2073 professione

173 2129 200 2161 ιι
227 2119 350 2168 non
393 2097 610 2168 solum
649 2119 754 2166 res
799 2095 1046 2184 saeculi,
1079 2096 1190 2164 sed
1231 2097 1431 2165 etiarn
1478 2095 1765 2187 seipsum
1802 2117 1879 2166 ex
1913 2097 2121 2190 seipso
2148 2099 2421 2189 denegat

167 2242 198 2277 ιι
221 2219 326 2305 qui
365 2215 835 2306 professionem
880 2213 1058 2295 facit,
1108 2211 1284 2304 quod
1343 2219 1437 2280 est
1480 2215 1739 2304 proprie
1784 2235 1919 2284 esse
1972 2215 2367 2286 monachum
2394 2241 2417 2288 z

165 2351 192 2390 ιι
217 2326 380 2414 quod
430 2345 628 2394 nemo
681 2329 888 2415 potest
931 2323 1394 2392 contradicere.
1451 2322 1549 2392 Ex
1599 2324 1797 2394 altera
1848 2331 2029 2416 parte
2082 2336 2237 2397 sunt
2302 2327 2419 2418 qui

167 2467 194 2506 ιι
221 2442 447 2512 dicunt
499 2440 679 2530 quod
723 2438 838 2508 illa
887 2439 1280 2510 consecratio
1325 2459 1527 2528 quam
1570 2441 1933 2512 monachus
1978 2442 2233 2534 accipit,
2274 2442 2423 2513 licet

165 2583 196 2620 ιι
222 2557 378 2626 desit
415 2556 744 2648 professio,
778 2556 868 2624 ita
905 2575 1058 2624 eum
1103 2555 1263 2644 ligat
1303 2561 1366 2622 et
1401 2553 1555 2624 facit
1592 2555 1945 2646 perfectum
1980 2560 2411 2648 monachum,

173 2697 210 2734 ιι
237 2675 312 2737 ut
353 2671 532 2740 nullo
569 2670 764 2739 modo
809 2669 1116 2760 deinceps
1165 2668 1245 2738 ad
1288 2669 1601 2738 soeculum
1654 2670 1867 2738 redire
1912 2671 2007 2740 fas
2050 2673 2111 2742 ei
2158 2675 2266 2758 sit,
2302 2697 2423 2743 nec

176 2811 210 2844 «ι
245 2783 536 2854 habitum
597 2783 724 2854 ullo
794 2784 990 2854 modo
1042 2789 1318 2867 mutare,
1367 2804 1486 2852 nec
1540 2781 1679 2852 ullo
1715 2783 1926 2854 ‚modo
1993 2786 2245 2856 salvum
2292 2809 2425 2856 esse

177 2927 211 2962 «
241 2919 428 2988 posse,
468 2903 524 2970 si
582 2895 902 2970 voluntate
951 2908 1014 2970 et
1057 2900 1321 2992 proprio
1370 2919 1482 2968 ore
1538 2898 1703 2969 illud
1753 2899 2007 2990 petierit
2050 2901 2153 2969 vel
2202 2900 2423 2992 aliquo

179 3041 210 3078 ιι
237 3023 392 3084 nutu
429 3017 803 3086 concesserit
843 3040 862 3083 ι
922 3021 985 3086 et
1036 3015 1160 3086 hoc
1217 3036 1410 3084 nemo
1467 3019 1671 3106 potest
1712 3016 2015 3086 aversari.
2060 2993 2229 3084 Sunt
2272 3038 2422 3088 vero

173 3158 204 3194 ιι
227 3131 328 3200 alii
361 3134 477 3224 qui
519 3133 648 3204 hoc
673 3133 923 3202 diverse
951 3132 1263 3201 sentiunt.
1293 3129 1459 3200 Nam
1490 3129 1603 3200 alii
1632 3130 1905 3200 dicunt:
1942 3128 2091 3200 Sola
2118 3129 2423 3220 professio

179 3272 212 3308 ιι
237 3247 461 3318 sufficit
505 3247 708 3318 modo
757 3246 1000 3338 absque
1054 3244 1545 3330 benedictione3
1600 3245 1711 3314 alii
1772 3270 1791 3315 z
1856 3243 2007 3314 Sola
2050 3243 2415 3316 benedictio

176 3387 208 3422 «
233 3361 454 3434 sufficit
497 3363 696 3434 modo
737 3362 978 3452 absque
1023 3360 1440 3452 professione.
1472 3360 1569 3431 De
1618 3361 1741 3430 hae
1789 3381 1888 3443 re,
1920 3365 2239 3450 quantum
2281 3359 2421 3431 Do-

175 3501 206 3538 «
231 3479 436 3549 minus
488 3478 848 3564 donaverit,
895 3497 1014 3568 pro
1063 3497 1248 3567 posse
1298 3483 1517 3546 nostro
1561 3477 1879 3546 dicemus,
1908 3501 1945 3542 n
1991 3475 2073 3546 Et
2114 3479 2422 3548 continuo

167 3591 444 3678 pluribus
513 3595 753 3664 evolvit
821 3591 1170 3662 essentiam
1211 3593 1583 3662 monastices
1633 3592 1783 3661 vitre
1850 3593 1923 3662 in
1966 3599 2273 3684 perpetua
2319 3593 2421 3660 sui

163 3705 544 3782 dedicatione
586 3709 668 3780 ad
714 3707 1056 3801 perfectius
1089 3705 1210 3802 Dei
1257 3705 1643 3797 obsequium
1694 3707 1884 3778 sitam
1932 3729 2088 3778 esse.
2150 3731 2187 3772 ιι
2230 3704 2319 3774 At
2364 3707 2421 3774 si

175 3823 478 3916 «aliquis,
533 3827 624 3896 ait
671 3824 794 3918 (4),
837 3823 1228 3894 confirmare
1275 3822 1556 3893 voluerit
1602 3844 1737 3892 non
1784 3845 1967 3916 posse
2016 3841 2151 3892 esse
2200 3839 2425 3892 mona-

173 3965 206 4002 ιι
229 3937 420 4010 chum
471 3942 600 4012 nisi
643 3941 764 4031 qui
821 3938 1284 4030 professionem
1339 3939 1585 4026 fecerit,
1640 3938 1799 4008 huic
1867 3943 2089 4008 contra
2142 3935 2427 4026 pacificis

225 4167 282 4224 u)
307 4167 448 4230 Apud
472 4166 718 4226 limene,
743 4166 838 4218 loc.
864 4167 982 4229 cit..
999 4179 1050 4230 p.
1077 4167 1156 4216 69.

229 4253 286 4312 (2)
307 4252 434 4305 und.
450 4290 464 4314 ‚
481 4268 531 4318 p.
553 4259 612 4308 6⁷
625 4291 642 4305 .

197 4333 286 4402 213)
311 4338 459 4404 Ihm„
479 4355 526 4405 p.
551 4346 640 4397 69.

231 4425 290 4486 (4)
321 4427 551 4497 1bld.‚p.
589 4435 648 4482 ττ
672 4433 825 4483 eus.
