2834 4959
1077 387 1228 434 PARS
1273 385 1516 436 mam.
2287 383 2320 440 3
2332 383 2408 442 55

151 511 570 608 gregationis,
620 506 1038 600 quantumvis
1091 505 1388 597 dispersi,
1447 527 1597 578 vere
1644 508 1866 581 'adhuc
1912 532 1987 580 ac
2032 515 2289 602 proprie
2334 537 2439 585 re·

151 633 360 700 tinent
429 624 792 696 essentialia
865 621 1201 704 societatis,
1283 629 1637 694 conventus
1714 631 1776 695 et
1847 626 2119 696 ordinis.
2199 629 2437 701 Adbuc

154 763 392 836 nempe
422 739 712 810 conflant
738 737 919 808 illam
947 757 1288 829 personam
1320 739 1660 826 moralem,
1701 742 1811 812 cui
1835 743 1987 833 jura
2011 749 2075 812 et
2101 745 2441 838 privilegia

152 859 558 949 competunt.
616 851 790 944 Ergo
832 873 910 921 ex
942 851 1104 920 facto
1150 852 1594 943 dispersionis,
1640 855 1793 944 jura
1844 855 1983 927 haec
2010 858 2443 950 deperdidisse

155 992 571 1063 nequaquam
614 968 920 1039 censendi
966 973 1140 1036 sunt.
1188 965 1426 1059 Estque
1456 971 1580 1040 hoc
1617 992 1966 1042 commune
1992 973 2299 1043 omnibus
2326 973 2445 1044 ho-

161 1088 431 1158 minum
477 1083 992 1165 collectionibus»,
1062 1105 1206 1174 quae
1259 1089 1571 1174 tanquam
1630 1109 1921 1184 personae
1972 1091 2276 1179 morales,
2330 1112 2445 1161 seu

167 1210 487 1292 tanquam
521 1199 790 1290 collegia
819 1205 932 1268 aut
957 1196 1310 1284 societates,
1349 1202 1459 1290 Jus
1488 1200 1751 1293 aliquod
1790 1209 2243 1294 potestatemve
2288 1227 2445 1298 pos-

165 1319 412 1388 sident.
464 1315 556 1385 Ex
611 1336 684 1385 eo
737 1314 938 1406 quod,
989 1315 1173 1384 verbi
1231 1317 1464 1405 gratia,
1520 1320 1818 1389 canonici
1880 1321 2261 1391 cathedralis
2315 1322 2450 1393 huc

167 1435 335 1504 illuc
386 1433 856 1523 dispergantur,
918 1452 1051 1500 non
1103 1431 1244 1500 ideo
1311 1433 1621 1502 desinunt
1673 1434 2037 1504 cathedrale
2088 1438 2452 1528 capitulum

169 1549 596 1634 constituere3
652 1568 864 1637 neque
899 1545 1060 1615 huic
1104 1546 1408 1637 capitulo,
1467 1570 1542 1616 ex
1593 1549 1756 1619 facto
1814 1550 1991 1620 illius
2038 1552 2454 1642 dispersionis

171 1663 530 1755 quidquam
549 1661 718 1753 juris
747 1661 1112 1751 perimitur.
1149 1659 1334 1730 Unde
1365 1663 1583 1730 statim
1626 1685 1701 1732 ac
1741 1663 1979 1734 iterum
2013 1667 2454 1757 capitulariter

173 1779 473 1848 canonici
513 1776 610 1845 illi
650 1782 926 1864 coeunt,
975 1776 1203 1846 eodem
1254 1797 1384 1867 quo
1432 1777 1613 1868 prius
1642 1781 1791 1869 jure
1820 1783 2013 1870 potiri
2060 1784 2289 1851 merito
2329 1783 2459 1851 exi-

173 1896 553 1965 stimantur.

267 2009 618 2091 Caeterum,
660 2027 794 2076 esse
829 2007 1193 2076 doctrinam
1233 2006 1589 2098 expositam
1629 2029 1668 2076 a
1718 2007 2046 2076 catholicis
2092 2008 2463 2079 doctoribus

179 2122 626 2194 communiter
672 2127 1020 2213 receptam,
1077 2142 1116 2189 a
1162 2122 1411 2191 fortiori
1477 2122 1999 2192 concludendum
2046 2125 2223 2193 venit
2261 2146 2337 2192 ex
2388 2145 2465 2194 eo

179 2239 356 2331 quod
413 2238 718 2330 dispersis
780 2235 1192 2327 regularibus
1241 2237 1352 2325 jus
1400 2235 1715 2326 tribuant,
1784 2239 2168 2308 monasteria
2212 2261 2328 2309 sua
2384 2240 2466 2309 ab

180 2355 506 2426 haereticis
551 2357 887 2444 occupata,
942 2351 1042 2420 vel
1080 2351 1274 2422 etiam
1318 2352 1390 2421 in
1438 2352 1607 2423 bello
1642 2353 1884 2439 diruta,
1924 2355 2367 2426 reassumendi
2406 2364 2470 2426 et

181 2468 645 2552 reaedificandi,
695 2467 938 2558 absque
987 2467 1481 2539 formalitatibus
1529 2491 1649 2560 pro
1703 2472 1864 2542 novi
1914 2487 2267 2543 conventus
2318 2495 2468 2544 ere-

183 2589 404 2658 ctione
473 2583 860 2675 requisitis;
922 2588 1113 2674 prout
1169 2583 1342 2651 inira
1413 2584 1803 2664 ostendetur,
1872 2593 1936 2654 et
1995 2588 2197 2657 videri
2272 2595 2476 2680 potest

185 2701 372 2792 apud
399 2699 748 2770 lauretum
787 2697 866 2767 de
891 2696 1203 2768 Franchis
1251 2697 1755 2788 (Controversioe
1798 2697 1975 2766 inter
2020 2703 2384 2791 Episcopos
2412 2716 2475 2770 et

187 2815 562 2908 requlares,
607 2835 756 2885 cum
793 2812 1229 2883 additionibus
1265 2810 1657 2901 Pasqualigi,
1700 2832 1845 2904 pag.
1883 2812 2037 2898 155,
2067 2813 2219 2882 edit.
2257 2813 2479 2884 Romae
2512 2843 2519 2853 ·

191 2930 428 3020 1656).

289 3047 600 3140 Objides.
645 3025 734 3100 ’-
759 3043 1276 3138 Supponendum
1303 3052 1396 3116 est
1426 3045 1597 3113 banc
1624 3065 1767 3114 esse·
1788 3048 2074 3114 mentem
2110 3044 2277 3114 sedis
2302 3048 2481 3138 Apo-

193 3165 465 3252 stolieae,
517 3163 680 3233 dum
727 3161 1020 3232 ordinem
1087 3162 1371 3253 aliquem
1430 3160 1809 3252 religiosum
1878 3159 2212 3252 approbat,
2294 3163 2485 3254 eique

195 3281 384 3350 varia
410 3284 563 3371 jura
605 3285 668 3348 et
714 3277 1050 3369 privilegia
1098 3275 1411 3364 concedit,
1464 3281 1563 3360 ut,
1602 3275 2017 3364 contingente
2063 3275 2481 3369 dispersione,

196 3394 534 3486 regulares
577 3393 676 3463 illi
719 3394 896 3464 hisce
954 3392 1264 3464 omnibus
1307 3391 1750 3482 praerogativis
1805 3390 2186 3482 spolientur,
2237 3402 2299 3464 et
2348 3397 2488 3487 ipso

197 3514 376 3584 facto
421 3512 494 3580 in
534 3507 1140 3579 saecularisationem
1191 3507 1447 3578 cadant.
1506 3543 1597 3557 —
1640 3503 2044 3598 Respondeo,
2097 3507 2165 3575 id
2218 3509 2491 3578 minime

197 3626 712 3722 supponendum
765 3632 827 3694 et
879 3623 1358 3694 admittendum
1413 3643 1572 3710 esse,
1645 3623 1772 3692 nisi
1837 3624 2259 3716 exprimatur.
2323 3625 2491 3696 Cum

197 3747 390 3816 enim
437 3742 684 3834 aliquid
735 3741 950 3823 datur,
1008 3739 1297 3810 absolute
1350 3738 1493 3808 dari
1539 3746 1861 3827 censetur,
1928 3738 2055 3808 nisi
2100 3741 2496 3811 contrarium

199 3863 538 3932 caveatur.
594 3856 794 3928 Porro
857 3856 1036 3926 sedes
1108 3853 1475 3947 Apostolica
1540 3853 1869 3944 religiosos
1924 3855 2181 3925 ordines
2260 3837 2497 3946 appro-

199 3971 462 4062 bando,
493 3978 554 4041 et
575 3973 756 4044 varia
782 3973 876 4042 eis
910 3973 1060 4062 jura
1089 3969 1467 4051 tribuend0‚
1499 3968 1749 4037 nullam
1791 3969 2109 4060 ejusmodi
2150 3969 2497 4042 restrictio·

205 4110 372 4158 nem
417 4088 706 4178 apponit.
763 4086 1078 4157 Praeterea
1123 4085 1369 4156 nedum
1425 4083 1750 4174 regulares
1786 4083 2107 4176 dispersos
2153 4107 2272 4176 pro
2309 4107 2540 4156 saecu-.

205 4203 496 4274 larisatis
539 4201 792 4290 babeat,
851 4207 916 4272 et
964 4199 1216 4270 sublata
1265 4220 1512 4270 eorum.
1523 4199 1677 4288 jura
1712 4197 2057 4284 existimet,
2104 4203 2502 4273 contrarium

210 4325 489 4390 testatur
541 4321 684 4410 ejus
722 4317 962 4411 praxis,
1009 4322 1203 4408 prout
1247 4338 1323 4384 ex
1372 4314 1542 4384 infra
1587 4311 1863 4383 citandis
1902 4314 2309 4386 documentis
2355 4321 2507 4389 satis

211 4431 559 4504 constabit.
609 4430 920 4504 Praeterea
965 4453 1164 4522 quam
1213 4431 1445 4500 noxius
1498 4429 1660 4499 foret
1707 4428 1815 4499 hic
1856 4429 2185 4520 religiosas
2232 4433 2511 4506 familias
