2834 4959
1130 368 1279 415 PARS
1322 368 1540 417 mm
1547 399 1564 417 .
2339 364 2375 418 4
2383 363 2420 419 8
2431 362 2470 419 5

197 490 485 559 doctores
554 496 735 555 extra
816 488 1317 557 controversiam
1390 489 1702 579 positum,
1759 509 1894 559 esse
1965 489 2257 559 solemne
2305 491 2470 559 illud

194 612 415 675 votum
474 602 533 672 si
587 602 749 671 adsit
794 601 935 672 haec
964 602 1379 693 incapacitas,
1410 624 1541 672 non
1571 624 1706 673 esse
1727 604 2014 675 solemne
2042 604 2255 673 sinon
2279 603 2465 675 adsit.

198 718 293 789 lta
312 726 391 787 ut
432 718 631 789 etiam
680 738 817 787 non
844 717 1101 787 dicatur
1150 718 1409 809 proprie
1451 718 1740 789 solemne
1781 724 2004 789 votum
2050 720 2468 811 paupertatis,

194 834 328 902 nisi
385 838 645 925 propter
685 830 877 900 illum
930 830 1258 902 effectum.
1329 830 1500 903 Hinc
1545 838 1748 925 potest
1797 834 2064 925 quidem
2142 834 2473 905 Romanus

198 948 497 1018 Pontifex
519 946 777 1016 efficere
818 946 985 1015 utin
1014 946 1232 1037 aliqua
1274 947 1574 1037 religiosa
1625 949 1872 1019 familia
1922 955 2144 1019 votum
2192 970 2471 1042 pauper·

197 1062 347 1133 tatis
395 1060 885 1153 incapacitatem
922 1060 1203 1131 dominii
1261 1084 1392 1131 non
1453 1062 1742 1149 inducat,
1785 1068 1850 1133 et
1891 1064 1986 1132 sic
2035 1071 2254 1132 votum
2307 1063 2471 1134 illud

198 1197 279 1246 ex
356 1175 634 1246 solemni
705 1175 981 1266 simplex
1036 1175 1343 1245 reddere:
1404 1184 1470 1245 at
1545 1198 1959 1268 nequaquam
2014 1178 2224 1249 lacere
2273 1186 2476 1268 potest

199 1299 299 1376 nt,
356 1289 611 1361 sublata
665 1288 945 1359 dominii
990 1290 1434 1381 incapacitate,
1470 1298 1697 1363 votum
1749 1292 2037 1362 solemne
2103 1298 2466 1377 1·emaneat;

196 1428 359 1479 cum
412 1408 587 1475 idem
639 1406 724 1473 sit
770 1410 995 1474 votum
1042 1424 1177 1474 esse
1230 1404 1545 1490 solemne,
1605 1411 1672 1476 et
1740 1407 2224 1498 incapacitatem
2283 1405 2474 1476 illam

202 1520 540 1593 inducere.
586 1520 671 1591 Et
713 1521 887 1591 idem
940 1525 1038 1590 est
1068 1521 1284 1611 quoad
1337 1528 1564 1591 votum
1621 1521 1969 1593 castitatis:
2017 1528 2220 1614 potest
2266 1522 2474 1593 facere

196 1638 381 1707 sedes
430 1637 803 1729 Apostolica
856 1644 929 1707 ut
976 1657 1110 1706 non
1160 1638 1528 1707 inhabilitet
1585 1640 1666 1709 ad
1721 1642 2242 1726 matrimonium,
2283 1640 2468 1710 etsie

194 1751 367 1823 illud
391 1752 663 1843 simplex
708 1750 975 1821 reddere
1005 1775 1022 1820 ε
1080 1758 1145 1820 at
1172 1751 1399 1841 nequit
1454 1752 1660 1821 facere
1685 1757 1758 1820 ut
1806 1754 2092 1823 solemne
2117 1756 2202 1823 sit
2229 1753 2474 1843 absque

196 1866 607 1935 inhabilitate
656 1867 735 1935 ad
793 1866 1328 1954 matrimonium;
1385 1886 1542 1936 cum
1612 1886 1744 1934 non
1794 1864 2055 1934 aliunde
2135 1865 2474 1955 dignosca-

204 1990 323 2049 tur
346 1980 547 2071 hujus
567 1982 697 2051 voti
720 1980 1113 2069 solemnitas,
1144 2002 1345 2071 quam
1366 2002 1445 2051 ex
1491 1980 1604 2050 illa
1641 1979 2066 2049 inhabilitate.
2103 1978 2266 2048 Vice
2297 2000 2476 2048 versa

203 2100 421 2187 potest
466 2094 643 2167 sedes
684 2096 1051 2187 Apostolica
1086 2096 1296 2166 facere
1352 2100 1426 2164 ut
1473 2095 1546 2164 in
1597 2094 1818 2184 aliquo
1873 2094 2193 2179 instituto,
2226 2092 2296 2161 in
2341 2115 2475 2184 quo

198 2216 349 2279 vota
392 2207 715 2302 simplicia
742 2210 1053 2281 duntaxat
1076 2210 1563 2292 emittebantur,
1594 2216 1816 2279 votum
1861 2208 2250 2301 paupertatis
2291 2207 2476 2277 inca-

197 2324 541 2414 pacitatem
582 2326 859 2397 dominii
908 2324 1213 2397 inducat:
1244 2326 1353 2397 sed
1380 2332 1538 2396 tunc
1567 2324 1730 2396 iuud
1760 2324 2017 2395 efficite
2045 2323 2328 2415 simplici
2367 2344 2474 2393 so-

198 2440 441 2512 lemne.

294 2544 427 2617 Nec
451 2546 802 2639 objiciatur
827 2548 1011 2617 valde
1036 2548 1349 2638 disputari
1380 2549 1551 2617 inter
1586 2548 1900 2631 doctores,
1933 2549 2003 2617 in
2027 2571 2158 2638 quo
2212 2550 2476 2639 praecise

200 2662 571 2752 reponenda
596 2664 681 2733 sit
730 2662 1167 2733 substantialis
1210 2668 1508 2731 votorum
1536 2662 1926 2731 solemnitas.
1960 2662 2270 2743 Quamvis
2296 2666 2476 2733 enim

202 2777 283 2843 in
312 2774 521 2847 haere
572 2776 948 2869 explicanda
977 2777 1309 2848 sententiis
1339 2773 1944 2859 intersedifferant,
1987 2796 2214 2842 omnes
2258 2781 2476 2843 tamen

200 2913 331 2984 pro
348 2900 515 2965 certo
543 2894 783 2965 habent
806 2900 871 2966 et
898 2895 1185 2975 tradunt,
1218 2892 1506 2963 solemne
1535 2911 1666 2961 non
1696 2910 1830 2959 esse
1868 2898 2092 2956 votum
2135 2895 2474 2981 pauperta-

200 3009 291 3077 tis
334 3011 460 3079 nisi
511 3012 1001 3102 incapacitatem
1028 3008 1307 3080 dominii
1344 3005 1640 3089 inducat;
1669 3011 1758 3089 et,
1780 3002 1920 3073 vice
1949 3022 2154 3091 versa,
2189 3002 2475 3071 solemne

198 3143 343 3191 esse
368 3126 423 3193 si
458 3124 638 3193 hunc
661 3125 971 3217 producat
997 3123 1323 3194 effectum.
1362 3122 1438 3190 Et
1493 3120 1575 3191 de
1600 3120 1724 3189 hoc
1758 3117 1938 3189 nulla
1970 3123 2167 3195 exstat
2191 3115 2478 3206 disputa·

204 3239 315 3309 tio.
348 3236 618 3319 Omnes,
647 3238 947 3330 inquam,
970 3238 1221 3310 dictum
1244 3238 1550 3309 effectum
1598 3235 1839 3305 habent
1861 3241 2170 3323 tanquam
2205 3232 2474 3323 siquam

204 3366 459 3423 certum
497 3355 921 3439 solemnitatis
950 3377 970 3445 3
1026 3376 1159 3447 quo
1206 3353 1454 3424 scilicet
1493 3358 1719 3437 stante,
1755 3356 1930 3421 certo
1966 3346 2140 3417 adest
2167 3347 2478 3419 solemni-

206 3474 341 3547 tas3
368 3474 433 3537 et
446 3470 587 3539 sine
608 3490 767 3559 quo,
804 3490 939 3539 non
968 3468 1165 3538 adest.

299 3582 603 3675 objicies.
644 3622 737 3641 —
771 3583 984 3655 Potest
1010 3582 1183 3675 Papa
1208 3582 1506 3674 religioso
1551 3582 1830 3672 professo
1873 3579 2220 3649 concedere
2258 3583 2332 3645 ut
2354 3574 2477 3643 ali-

200 3720 410 3788 quem
451 3705 659 3769 exerat
688 3699 968 3770 dominii
996 3704 1239 3787 actum,
1265 3699 1440 3771 salva
1462 3698 1590 3767 voti
1618 3695 2004 3789 paupertatis
2029 3691 2474 3778 solemnitate3

204 3824 403 3906 prout
460 3837 577 3885 nos
612 3815 739 3911 ipsi
798 3837 995 3908 supra
1044 3814 1274 3908 (capite
1348 3814 1416 3905 6)
1492 3814 1919 3883 sustinuimus
1971 3834 1988 3880 ε
2045 3830 2199 3899 ergo
2251 3807 2481 3875 merito

200 3933 485 4000 aestimat
516 3930 598 4001 D.
636 3930 928 4001 Can-iere
975 3931 1167 4001 statui
1196 3952 1377 4023 posse
1407 3951 1447 3999 a
1469 3928 1670 4021 Papa,
1695 3934 1769 3999 ut
1795 3935 2012 3998 votum
2040 3926 2122 3994 sit
2163 3921 2478 4006 solemne,

198 4052 585 4117 remanente
612 4070 809 4140 penes
862 4048 1241 4138 religiosum
1282 4048 1602 4129 dominio,
1657 4052 1722 4117 et
1755 4044 1890 4115 solo
1929 4041 2100 4134 juris
2131 4061 2255 4111 usu
2292 4038 2478 4107 abdi-

194 4170 369 4233 cato.

292 4276 677 4370 Respondeo
704 4280 768 4347 1ο
788 4277 1121 4369 distinguo
1140 4279 1529 4349 antecedens
1560 4300 1578 4348 z
1601 4282 1804 4369 potest
1816 4273 2166 4345 concedere
2195 4270 2366 4361 Papa
2387 4272 2480 4354 ut,

196 4394 383 4465 salva
449 4393 581 4463 voti
655 4393 1078 4477 solemnitate,
1132 4392 1474 4485 religiosus
1519 4412 1774 4463 exerere
1826 4388 2023 4483 possit
2085 4386 2302 4457 aetuin
2374 4382 2488 4452 do·
