2834 4959
1315 294 1631 341 ...x-.-

331 468 640 525 summa
701 440 950 521 animi
1021 439 1408 520 alacritate
1468 439 1631 545 ipse
1684 438 1887 519 ultro
1940 436 2026 517 in
2082 438 2429 544 proxime
2490 467 2625 521 se-

333 575 610 683 quenti
667 570 1072 656 volumine
1127 572 1541 670 adnotabo,
1600 572 1808 651 etad
1864 571 2377 680 significatam
2435 598 2626 654 nor-

334 734 546 789 mam
593 705 1214 788 accommodabo.
1255 704 1479 787 Nihil
1526 703 1745 785 enim
1796 704 1997 783 mihi
2046 704 2449 811 antiquius
2476 716 2617 803 aet,

335 868 572 948 quam
612 850 696 921 ut
735 839 1171 949 genuinam
1211 838 1576 919 Ecclesiae
1622 840 2019 936 Romanae,
2075 840 2439 920 omnium
2488 867 2620 921 ec-

337 975 752 1057 clesiarum
819 972 1082 1053 matris
1141 998 1233 1053 ac
1296 972 1707 1079 magistrae,
1776 972 2207 1056 doctrinam
2264 1000 2628 1080 assequar
2679 1052 2689 1061 ,

339 1115 416 1187 et
444 1106 782 1189 fideliter
811 1128 1218 1210 exponam.
1255 1105 1473 1200 Quod
1502 1130 1683 1185 cum
1711 1128 1873 1185 non
1910 1106 2147 1185 semel
2178 1113 2404 1186 antea
2430 1132 2659 1211 pro-.

342 1242 580 1321 fessus
631 1238 808 1333 sim,
867 1236 952 1317 in
1001 1238 1350 1342 praessenti
1399 1235 1884 1341 potissimum
1932 1238 2031 1317 de
2072 1238 2265 1319 <lure
2314 1242 2626 1344 requla-

339 1376 551 1451 rium
595 1378 942 1467 tractatu,
1003 1369 1100 1449 ob
1144 1378 1252 1450 tot
1299 1369 1577 1450 arduas
1626 1394 1801 1475 quae
1846 1370 1931 1449 in
1994 1396 2086 1451 eo
2134 1371 2629 1453 excutiuntur

341 1500 823 1605 quaestioneS,
855 1498 1124 1581 iterato
1156 1498 1691 1581 adnotandum
1714 1498 2168 1580 existimavi.

447 1633 677 1714 Nota.
719 1678 825 1695 —
857 1631 1090 1737 Typis
1113 1631 1279 1737 jam
1321 1633 1687 1713 mandata
1716 1641 1969 1729 erant,
2010 1658 2181 1737 quae
2218 1632 2315 1712 dc
2347 1631 2629 1732 admit-

342 1765 598 1847 tendis
678 1766 776 1843 ad
859 1764 1416 1869 professionem
1500 1763 1807 1845 novitiis
1884 1765 2357 1870 scripsimu5‚
2445 1792 2623 1845 cum

347 1908 742 1981 recentem
785 1899 928 1979 hac
955 1897 1056 1977 de
1088 1923 1172 1978 re
1215 1898 1465 1979 Sacrae
1504 1898 2134 2005 Congrcgationis
2168 1924 2404 2003 super
2438 1908 2630 1979 statu
2680 1972 2701 1988 ,

347 2029 830 2138 regularium
857 2027 1743 2132 dispositionem-retulit
1768 2030 2110 2111 diarium
2144 2030 2381 2111 l'Ami
2422 2032 2515 2111 de
2551 2035 2631 2111 la

347 2166 674 2269 reliqion
727 2161 800 2264 (7
855 2158 1012 2239 mai
1059 2159 1324 2267 1857),
1384 2161 1470 2240 in
1521 2162 1734 2243 hunc
1786 2163 2107 2244 modum
2168 2194 2185 2242 z
2240 2164 2419 2243 Hoee
2460 2192 2631 2269 quoe

347 2308 815 2402 sequuntur,
889 2293 1148 2397 quoad
1215 2295 1613 2399 reliqiosas
1672 2299 2021 2377 virorum
2090 2298 2440 2398 familiae
2462 2360 2483 2396 ,
2544 2302 2632 2377 in

351 2430 625 2535 quibus
672 2431 1045 2509 solemnia
1097 2439 1272 2507 vota
1325 2432 1813 2529 emittuntur,
1854 2456 1955 2509 ex
2008 2428 2447 2533 Apostolieoe
2490 2457 2633 2512 au-

351 2564 723 2643 ctoritatis
749 2560 1234 2663 plenitudine
1268 2566 1537 2641 statuit
1574 2574 1801 2666 atque
1836 2562 2200 2657 decernit,
2242 2578 2317 2644 et
2348 2566 2445 2645 ab
2478 2591 2639 2645 om-

353 2694 583 2773 nibus
623 2692 727 2773 ad
771 2718 958 2795 quo-5·
995 2704 1339 2796 spectant
1375 2719 1473 2773 eoe
1511 2694 1955 2775 obedientioe
1974 2710 2355 2802 praecepto
2393 2698 2637 2779 obser-

355 2830 534 2907 vari
587 2840 659 2905 et
703 2826 1138 2905 eoeeeutioni
1171 2826 1645 2910 demandari
1676 2828 2018 2907 dictricte
2039 2829 2263 2931 jubet
2278 2890 2299 2928 ,
2350 2842 2422 2910 et
2458 2856 2635 2909 eon-

357 2964 625 3040 trariis
701 2957 1320 3063 quibuseumque,
1391 2964 1625 3041 etiam
1696 2963 2011 3065 speciali
2094 2975 2169 3041 et
2231 2962 2635 3049 individua
2696 2948 2702 2957 ’

359 3096 747 3173 mentione
805 3100 880 3169 et
930 3090 1425 3195 deroqatione
1480 3094 1766 3198 diqnis‚
1844 3094 2183 3199 deroqat‚
2260 3120 2351 3173 ac
2408 3096 2637 3199 plene

363 3227 810 3327 deroqatum
837 3248 991 3303 esse
1013 3225 1353 3305 declarat
1373 3256 1398 3303 .·

471 3358 798 3435 Peraeta
856 3356 1307 3459 probatione
1369 3372 1442 3437 et
1498 3362 1874 3441 novitiatu
1940 3360 2045 3439 ad
2107 3365 2637 3466 proescmptum

363 3494 444 3572 S.
489 3492 800 3571 concilii
833 3488 1296 3590 Tridentini,
1339 3497 1972 3575 constitutionum
2008 3492 2632 3597 Apoetoliearum,

365 3638 435 3704 et
460 3637 926 3705 statutorum
961 3626 1264 3707 ordinis
1289 3653 1340 3705 a
1371 3628 1449 3703 S.
1488 3626 1679 3705 Sede
1714 3626 2335 3732 approbatorum,
2378 3632 2649 3709 novitii

367 3768 536 3838 vota
585 3762 964 3864 simplicia
1007 3764 1360 3841 emittant
1395 3772 1807 3865 postquam
1846 3762 2318 3865 eoepleverint
2352 3776 2639 3843 oetatem

367 3916 762 3975 annorum
796 3895 1203 3991 sexdecim,
1235 3892 1328 3973 ab
1362 3895 1618 3975 eodem
1648 3894 2097 3975 Tridentino
2122 3898 2441 3977 coneilio
2466 3911 2629 3977 eta-

371 4037 646 4125 tutam‚
675 4030 796 4106 vel
819 4031 1059 4109 aliam
1098 4029 1499 4133 majorem,
1537 4054 1711 4133 quoe
1739 4034 2011 4130 forsan
2046 4056 2097 4111 a
2132 4036 2439 4113 statutis
2460 4058 2639 4144 pro-

359 4161 535 4261 prii
557 4160 858 4243 ordinis
893 4191 938 4243 a
971 4163 1050 4242 S.
1087 4162 1276 4243 Sede
1306 4162 1743 4267 approbatis
1764 4169 2265 4271 requiratur:
2300 4179 2370 4247 et
2396 4167 2645 4270 quoad

377 4296 607 4373 laicos
667 4305 739 4373 et
800 4320 1218 4394 conversos,
1289 4310 1693 4403 postquam
1758 4298 1865 4380 ad
1931 4326 2099 4381 eam
2148 4312 2645 4407 pervenerint
