<?xml version="1.0" encoding="UTF-8"?>
<!DOCTYPE html PUBLIC "-//W3C//DTD XHTML 1.0 Transitional//EN"
    "http://www.w3.org/TR/xhtml1/DTD/xhtml1-transitional.dtd">
<html xmlns="http://www.w3.org/1999/xhtml" xml:lang="en" lang="en">
 <head>
  <title>
</title>
<meta http-equiv="Content-Type" content="text/html;charset=utf-8" />
  <meta name='ocr-system' content='tesseract 3.04.00' />
  <meta name='ocr-capabilities' content='ocr_page ocr_carea ocr_par ocr_line ocrx_word'/>
</head>
<body>
  <div class='ocr_page' id='page_1' title='image "./tractatusdejure01unkngoog_0059.png"; bbox 0 0 2834 4959; ppageno 0'>
   <div class='ocr_carea' id='block_1_1' title="bbox 123 354 2439 563">
    <p class='ocr_par' dir='ltr' id='par_1_1' title="bbox 123 354 2439 563">
     <span class='ocr_line' id='line_1_1' title="bbox 1098 354 2421 413; baseline 0.011 -14"><span class='ocrx_word' id='word_1_1' title='bbox 1098 354 1250 401; x_wconf 71' lang='lat' dir='ltr'>mas</span> <span class='ocrx_word' id='word_1_2' title='bbox 1293 354 1511 402; x_wconf 73' lang='lat' dir='ltr'>raim.</span> <span class='ocrx_word' id='word_1_3' title='bbox 2344 358 2381 413; x_wconf 68' lang='grc'><strong>4</strong></span> <span class='ocrx_word' id='word_1_4' title='bbox 2394 358 2421 413; x_wconf 85' lang='lat'><strong>1</strong></span> 
     </span>
     <span class='ocr_line' id='line_1_2' title="bbox 123 449 2439 563; baseline 0.004 -20"><span class='ocrx_word' id='word_1_5' title='bbox 123 449 128 461; x_wconf 45' lang='lat'>¹</span> <span class='ocrx_word' id='word_1_6' title='bbox 189 474 476 558; x_wconf 68' lang='lat' dir='ltr'>elimenta,</span> <span class='ocrx_word' id='word_1_7' title='bbox 505 492 652 563; x_wconf 78' lang='lat' dir='ltr'>quae</span> <span class='ocrx_word' id='word_1_8' title='bbox 675 468 1054 563; x_wconf 77' lang='lat' dir='ltr'>perfectioni</span> <span class='ocrx_word' id='word_1_9' title='bbox 1099 473 1513 563; x_wconf 71' lang='lat' dir='ltr'>acquirendae</span> <span class='ocrx_word' id='word_1_10' title='bbox 1566 474 1817 543; x_wconf 87' lang='lat' dir='ltr'>obstare</span> <span class='ocrx_word' id='word_1_11' title='bbox 1862 476 2089 547; x_wconf 88' lang='lat' dir='ltr'>solent.</span> <span class='ocrx_word' id='word_1_12' title='bbox 2126 480 2193 547; x_wconf 82' lang='lat'>2⁰</span> <span class='ocrx_word' id='word_1_13' title='bbox 2232 480 2439 553; x_wconf 85' lang='lat' dir='ltr'>Suffi-</span> 
     </span>
    </p>
   </div>
   <div class='ocr_carea' id='block_1_2' title="bbox 183 585 2547 681">
    <p class='ocr_par' dir='ltr' id='par_1_2' title="bbox 183 585 2547 681">
     <span class='ocr_line' id='line_1_3' title="bbox 183 585 2547 681; baseline 0.005 -26"><span class='ocrx_word' id='word_1_14' title='bbox 183 586 348 656; x_wconf 84' lang='lat' dir='ltr'>ciunt</span> <span class='ocrx_word' id='word_1_15' title='bbox 380 587 574 655; x_wconf 88' lang='lat' dir='ltr'>etiam</span> <span class='ocrx_word' id='word_1_16' title='bbox 621 587 704 655; x_wconf 88' lang='lat' dir='ltr'>ad</span> <span class='ocrx_word' id='word_1_17' title='bbox 753 586 1020 678; x_wconf 80' lang='lat' dir='ltr'><strong>positive</strong></span> <span class='ocrx_word' id='word_1_18' title='bbox 1062 585 1473 677; x_wconf 79' lang='lat' dir='ltr'>dirigendam</span> <span class='ocrx_word' id='word_1_19' title='bbox 1520 593 1586 657; x_wconf 89' lang='lat' dir='ltr'>et</span> <span class='ocrx_word' id='word_1_20' title='bbox 1632 594 1777 681; x_wconf 85' lang='lat' dir='ltr'>apte</span> <span class='ocrx_word' id='word_1_21' title='bbox 1830 592 2197 681; x_wconf 79' lang='lat' dir='ltr'>urgendam</span> <span class='ocrx_word' id='word_1_22' title='bbox 2238 602 2443 667; x_wconf 87' lang='lat' dir='ltr'>totam</span> <span class='ocrx_word' id='word_1_23' title='bbox 2538 608 2547 620; x_wconf 83' lang='grc'><em>“</em></span> 
     </span>
    </p>
   </div>
   <div class='ocr_carea' id='block_1_3' title="bbox 179 701 2443 1377">
    <p class='ocr_par' dir='ltr' id='par_1_3' title="bbox 179 701 2443 1377">
     <span class='ocr_line' id='line_1_4' title="bbox 179 701 2435 805; baseline 0.006 -36"><span class='ocrx_word' id='word_1_24' title='bbox 179 701 546 789; x_wconf 71' lang='lat' dir='ltr'><strong>generaliter</strong></span> <span class='ocrx_word' id='word_1_25' title='bbox 610 702 757 793; x_wconf 84' lang='lat' dir='ltr'>ejus</span> <span class='ocrx_word' id='word_1_26' title='bbox 803 702 1002 771; x_wconf 78' lang='lat' dir='ltr'>vitam</span> <span class='ocrx_word' id='word_1_27' title='bbox 1057 702 1138 771; x_wconf 81' lang='lat' dir='ltr'>ad</span> <span class='ocrx_word' id='word_1_28' title='bbox 1195 702 1603 794; x_wconf 79' lang='lat' dir='ltr'>perfectionis</span> <span class='ocrx_word' id='word_1_29' title='bbox 1674 704 2087 793; x_wconf 69' lang='lat' dir='ltr'>acquirendae</span> <span class='ocrx_word' id='word_1_30' title='bbox 2140 731 2435 805; x_wconf 88' lang='lat' dir='ltr'>scopum.</span> 
     </span>
     <span class='ocr_line' id='line_1_5' title="bbox 181 815 2443 913; baseline 0.006 -29"><span class='ocrx_word' id='word_1_31' title='bbox 181 815 338 885; x_wconf 84' lang='lat' dir='ltr'>Nam</span> <span class='ocrx_word' id='word_1_32' title='bbox 379 839 492 908; x_wconf 82' lang='lat' dir='ltr'>per</span> <span class='ocrx_word' id='word_1_33' title='bbox 537 816 891 885; x_wconf 86' lang='lat' dir='ltr'>consilium</span> <span class='ocrx_word' id='word_1_34' title='bbox 932 816 1312 887; x_wconf 79' lang='lat' dir='ltr'>obedientiae</span> <span class='ocrx_word' id='word_1_35' title='bbox 1364 818 1654 907; x_wconf 85' lang='lat' dir='ltr'>subjacet</span> <span class='ocrx_word' id='word_1_36' title='bbox 1699 819 1929 901; x_wconf 88' lang='lat' dir='ltr'>bomo,</span> <span class='ocrx_word' id='word_1_37' title='bbox 1962 824 2178 913; x_wconf 87' lang='lat' dir='ltr'>quoad</span> <span class='ocrx_word' id='word_1_38' title='bbox 2214 846 2443 897; x_wconf 87' lang='lat' dir='ltr'>omnes</span> 
     </span>
     <span class='ocr_line' id='line_1_6' title="bbox 183 930 2443 1033; baseline 0.005 -35"><span class='ocrx_word' id='word_1_39' title='bbox 183 952 326 999; x_wconf 86' lang='lat' dir='ltr'>snas</span> <span class='ocrx_word' id='word_1_40' title='bbox 361 930 658 1017; x_wconf 87' lang='lat' dir='ltr'>actiones,</span> <span class='ocrx_word' id='word_1_41' title='bbox 709 954 824 1002; x_wconf 80' lang='lat' dir='ltr'>seu</span> <span class='ocrx_word' id='word_1_42' title='bbox 851 932 1062 1023; x_wconf 88' lang='lat' dir='ltr'>quoad</span> <span class='ocrx_word' id='word_1_43' title='bbox 1089 937 1288 1003; x_wconf 89' lang='lat' dir='ltr'>totam</span> <span class='ocrx_word' id='word_1_44' title='bbox 1339 932 1727 1022; x_wconf 79' lang='lat' dir='ltr'>generaliter</span> <span class='ocrx_word' id='word_1_45' title='bbox 1760 935 1960 1005; x_wconf 76' lang='lat' dir='ltr'>vitam</span> <span class='ocrx_word' id='word_1_46' title='bbox 2006 958 2221 1029; x_wconf 89' lang='lat' dir='ltr'>suam,</span> <span class='ocrx_word' id='word_1_47' title='bbox 2254 962 2443 1033; x_wconf 87' lang='lat' dir='ltr'>supe·</span> 
     </span>
     <span class='ocr_line' id='line_1_7' title="bbox 189 1047 2443 1141; baseline 0.005 -26"><span class='ocrx_word' id='word_1_48' title='bbox 189 1048 370 1116; x_wconf 86' lang='lat' dir='ltr'>rioris</span> <span class='ocrx_word' id='word_1_49' title='bbox 387 1047 718 1137; x_wconf 76' lang='lat' dir='ltr'>reginuni;</span> <span class='ocrx_word' id='word_1_50' title='bbox 762 1068 884 1117; x_wconf 88' lang='lat' dir='ltr'>nec</span> <span class='ocrx_word' id='word_1_51' title='bbox 929 1050 1190 1139; x_wconf 89' lang='lat' dir='ltr'>proprio</span> <span class='ocrx_word' id='word_1_52' title='bbox 1229 1049 1499 1119; x_wconf 88' lang='lat' dir='ltr'>arbitrio</span> <span class='ocrx_word' id='word_1_53' title='bbox 1537 1048 1959 1141; x_wconf 80' lang='lat' dir='ltr'>relinquitur,</span> <span class='ocrx_word' id='word_1_54' title='bbox 2014 1054 2123 1123; x_wconf 89' lang='lat' dir='ltr'>sed</span> <span class='ocrx_word' id='word_1_55' title='bbox 2186 1061 2443 1125; x_wconf 86' lang='lat' dir='ltr'>tenetur</span> 
     </span>
     <span class='ocr_line' id='line_1_8' title="bbox 194 1162 2443 1260; baseline 0.004 -29"><span class='ocrx_word' id='word_1_56' title='bbox 194 1184 268 1231; x_wconf 88' lang='lat' dir='ltr'>eo</span> <span class='ocrx_word' id='word_1_57' title='bbox 309 1164 480 1233; x_wconf 89' lang='lat' dir='ltr'>modo</span> <span class='ocrx_word' id='word_1_58' title='bbox 525 1184 744 1254; x_wconf 84' lang='lat' dir='ltr'>agere,</span> <span class='ocrx_word' id='word_1_59' title='bbox 770 1162 888 1253; x_wconf 86' lang='lat' dir='ltr'>qui</span> <span class='ocrx_word' id='word_1_60' title='bbox 907 1162 1034 1255; x_wconf 88' lang='lat' dir='ltr'>ipsi</span> <span class='ocrx_word' id='word_1_61' title='bbox 1062 1166 1475 1257; x_wconf 68' lang='lat' dir='ltr'>praecipitur.</span> <span class='ocrx_word' id='word_1_62' title='bbox 1515 1166 1797 1235; x_wconf 82' lang='lat' dir='ltr'>Aliunde</span> <span class='ocrx_word' id='word_1_63' title='bbox 1836 1174 2093 1237; x_wconf 84' lang='lat' dir='ltr'>tenetur</span> <span class='ocrx_word' id='word_1_64' title='bbox 2122 1171 2257 1260; x_wconf 87' lang='lat' dir='ltr'>ipse</span> <span class='ocrx_word' id='word_1_65' title='bbox 2288 1169 2443 1240; x_wconf 89' lang='lat' dir='ltr'>sub-</span> 
     </span>
     <span class='ocr_line' id='line_1_9' title="bbox 196 1278 2441 1377; baseline 0.004 -32"><span class='ocrx_word' id='word_1_66' title='bbox 196 1278 448 1347; x_wconf 84' lang='lat' dir='ltr'>ditorum</span> <span class='ocrx_word' id='word_1_67' title='bbox 471 1300 752 1349; x_wconf 87' lang='lat' dir='ltr'>suorum</span> <span class='ocrx_word' id='word_1_68' title='bbox 791 1280 1072 1349; x_wconf 89' lang='lat' dir='ltr'>actiones</span> <span class='ocrx_word' id='word_1_69' title='bbox 1122 1285 1185 1348; x_wconf 90' lang='lat' dir='ltr'>et</span> <span class='ocrx_word' id='word_1_70' title='bbox 1230 1280 1429 1349; x_wconf 84' lang='lat' dir='ltr'>vitam</span> <span class='ocrx_word' id='word_1_71' title='bbox 1471 1286 1617 1373; x_wconf 84' lang='lat' dir='ltr'>apte</span> <span class='ocrx_word' id='word_1_72' title='bbox 1658 1282 1939 1371; x_wconf 85' lang='lat' dir='ltr'>dirigere</span> <span class='ocrx_word' id='word_1_73' title='bbox 1988 1290 2053 1352; x_wconf 91' lang='lat' dir='ltr'>et</span> <span class='ocrx_word' id='word_1_74' title='bbox 2104 1284 2441 1377; x_wconf 86' lang='lat' dir='ltr'>impellere</span> 
     </span>
    </p>
   </div>
   <div class='ocr_carea' id='block_1_4' title="bbox 183 1392 2446 1600">
    <p class='ocr_par' dir='ltr' id='par_1_4' title="bbox 183 1392 2446 1600">
     <span class='ocr_line' id='line_1_10' title="bbox 189 1392 2446 1487; baseline 0.004 -26"><span class='ocrx_word' id='word_1_75' title='bbox 189 1392 262 1461; x_wconf 84' lang='lat' dir='ltr'>ad</span> <span class='ocrx_word' id='word_1_76' title='bbox 299 1414 570 1485; x_wconf 83' lang='lat' dir='ltr'>scopum</span> <span class='ocrx_word' id='word_1_77' title='bbox 623 1392 1030 1483; x_wconf 68' lang='lat' dir='ltr'>acquirendae</span> <span class='ocrx_word' id='word_1_78' title='bbox 1103 1395 1531 1487; x_wconf 80' lang='lat' dir='ltr'>perfectionis.</span> <span class='ocrx_word' id='word_1_79' title='bbox 1588 1395 1757 1485; x_wconf 85' lang='lat' dir='ltr'>Ergo</span> <span class='ocrx_word' id='word_1_80' title='bbox 1818 1418 1895 1465; x_wconf 87' lang='lat' dir='ltr'>ex</span> <span class='ocrx_word' id='word_1_81' title='bbox 1976 1396 2247 1468; x_wconf 86' lang='lat' dir='ltr'>consilio</span> <span class='ocrx_word' id='word_1_82' title='bbox 2294 1400 2446 1469; x_wconf 88' lang='lat' dir='ltr'>obe-</span> 
     </span>
     <span class='ocr_line' id='line_1_11' title="bbox 183 1504 2435 1600; baseline 0.004 -29"><span class='ocrx_word' id='word_1_83' title='bbox 183 1504 416 1575; x_wconf 77' lang='lat' dir='ltr'>dientiae</span> <span class='ocrx_word' id='word_1_84' title='bbox 457 1506 678 1575; x_wconf 87' lang='lat' dir='ltr'>oritur</span> <span class='ocrx_word' id='word_1_85' title='bbox 729 1506 828 1573; x_wconf 80' lang='lat' dir='ltr'>vis</span> <span class='ocrx_word' id='word_1_86' title='bbox 867 1504 1164 1595; x_wconf 83' lang='lat' dir='ltr'>quaedam</span> <span class='ocrx_word' id='word_1_87' title='bbox 1211 1528 1328 1576; x_wconf 88' lang='lat' dir='ltr'>seu</span> <span class='ocrx_word' id='word_1_88' title='bbox 1377 1528 1571 1576; x_wconf 85' lang='lat' dir='ltr'>causa</span> <span class='ocrx_word' id='word_1_89' title='bbox 1610 1507 1857 1576; x_wconf 84' lang='lat' dir='ltr'>stabilis</span> <span class='ocrx_word' id='word_1_90' title='bbox 1910 1515 1973 1577; x_wconf 91' lang='lat' dir='ltr'>et</span> <span class='ocrx_word' id='word_1_91' title='bbox 2024 1530 2435 1600; x_wconf 87' lang='lat' dir='ltr'>permanens,</span> 
     </span>
    </p>
   </div>
   <div class='ocr_carea' id='block_1_5' title="bbox 179 1621 2455 4465">
    <p class='ocr_par' dir='ltr' id='par_1_5' title="bbox 179 1621 2447 2386">
     <span class='ocr_line' id='line_1_12' title="bbox 183 1621 2443 1716; baseline 0.004 -30"><span class='ocrx_word' id='word_1_92' title='bbox 183 1644 314 1711; x_wconf 64' lang='grc' dir='ltr'>φη</span> <span class='ocrx_word' id='word_1_93' title='bbox 357 1622 532 1690; x_wconf 77' lang='lat' dir='ltr'>valet</span> <span class='ocrx_word' id='word_1_94' title='bbox 587 1624 788 1691; x_wconf 88' lang='lat' dir='ltr'>totam</span> <span class='ocrx_word' id='word_1_95' title='bbox 843 1621 1128 1691; x_wconf 88' lang='lat' dir='ltr'>hominis</span> <span class='ocrx_word' id='word_1_96' title='bbox 1172 1622 1371 1691; x_wconf 83' lang='lat' dir='ltr'>vitam</span> <span class='ocrx_word' id='word_1_97' title='bbox 1422 1622 1503 1692; x_wconf 88' lang='lat' dir='ltr'>ad</span> <span class='ocrx_word' id='word_1_98' title='bbox 1574 1624 2037 1714; x_wconf 69' lang='lat' dir='ltr'>perfectionem</span> <span class='ocrx_word' id='word_1_99' title='bbox 2095 1627 2443 1716; x_wconf 86' lang='lat' dir='ltr'>acquiren-</span> 
     </span>
     <span class='ocr_line' id='line_1_13' title="bbox 182 1741 2444 1835; baseline 0.003 -26"><span class='ocrx_word' id='word_1_100' title='bbox 182 1741 314 1810; x_wconf 86' lang='lat' dir='ltr'>dam</span> <span class='ocrx_word' id='word_1_101' title='bbox 362 1742 640 1835; x_wconf 74' lang='lat' dir='ltr'>positive</span> <span class='ocrx_word' id='word_1_102' title='bbox 685 1746 751 1811; x_wconf 91' lang='lat' dir='ltr'>et</span> <span class='ocrx_word' id='word_1_103' title='bbox 775 1746 918 1833; x_wconf 89' lang='lat' dir='ltr'>apte</span> <span class='ocrx_word' id='word_1_104' title='bbox 960 1741 1238 1831; x_wconf 83' lang='lat' dir='ltr'>dirigere</span> <span class='ocrx_word' id='word_1_105' title='bbox 1283 1746 1348 1811; x_wconf 90' lang='lat' dir='ltr'>et</span> <span class='ocrx_word' id='word_1_106' title='bbox 1395 1762 1653 1831; x_wconf 84' lang='lat' dir='ltr'>urgere.</span> <span class='ocrx_word' id='word_1_107' title='bbox 1705 1741 1877 1832; x_wconf 82' lang='lat' dir='ltr'>Ergo</span> <span class='ocrx_word' id='word_1_108' title='bbox 1933 1745 2003 1811; x_wconf 90' lang='lat' dir='ltr'>in</span> <span class='ocrx_word' id='word_1_109' title='bbox 2054 1744 2265 1814; x_wconf 88' lang='lat' dir='ltr'>tribus</span> <span class='ocrx_word' id='word_1_110' title='bbox 2290 1745 2444 1816; x_wconf 89' lang='lat' dir='ltr'>solis</span> 
     </span>
     <span class='ocr_line' id='line_1_14' title="bbox 182 1855 2438 1948; baseline 0.002 -26"><span class='ocrx_word' id='word_1_111' title='bbox 182 1855 298 1923; x_wconf 86' lang='lat' dir='ltr'>illis</span> <span class='ocrx_word' id='word_1_112' title='bbox 339 1858 634 1926; x_wconf 85' lang='lat' dir='ltr'>consiliis</span> <span class='ocrx_word' id='word_1_113' title='bbox 670 1856 1056 1947; x_wconf 73' lang='lat' dir='ltr'>evangelicis</span> <span class='ocrx_word' id='word_1_114' title='bbox 1102 1862 1232 1925; x_wconf 86' lang='lat' dir='ltr'>tota</span> <span class='ocrx_word' id='word_1_115' title='bbox 1273 1858 1596 1946; x_wconf 89' lang='lat' dir='ltr'>reperitur</span> <span class='ocrx_word' id='word_1_116' title='bbox 1651 1856 1964 1947; x_wconf 84' lang='lat' dir='ltr'>completi</span> <span class='ocrx_word' id='word_1_117' title='bbox 1998 1862 2197 1925; x_wconf 86' lang='lat' dir='ltr'>status</span> <span class='ocrx_word' id='word_1_118' title='bbox 2226 1860 2438 1948; x_wconf 81' lang='lat' dir='ltr'>perse-</span> 
     </span>
     <span class='ocr_line' id='line_1_15' title="bbox 191 1968 2445 2063; baseline 0 -24"><span class='ocrx_word' id='word_1_119' title='bbox 191 1970 392 2040; x_wconf 87' lang='lat' dir='ltr'>ctionis</span> <span class='ocrx_word' id='word_1_120' title='bbox 425 1970 846 2063; x_wconf 69' lang='lat' dir='ltr'>acquirendae</span> <span class='ocrx_word' id='word_1_121' title='bbox 885 1970 1068 2041; x_wconf 88' lang='lat' dir='ltr'>ratio.</span> <span class='ocrx_word' id='word_1_122' title='bbox 1121 1969 1195 2039; x_wconf 91' lang='lat' dir='ltr'>In</span> <span class='ocrx_word' id='word_1_123' title='bbox 1239 1969 1517 2039; x_wconf 86' lang='lat' dir='ltr'>decursu</span> <span class='ocrx_word' id='word_1_124' title='bbox 1546 1976 1763 2039; x_wconf 87' lang='lat' dir='ltr'>autem</span> <span class='ocrx_word' id='word_1_125' title='bbox 1796 1968 2190 2060; x_wconf 86' lang='lat' dir='ltr'>probationis</span> <span class='ocrx_word' id='word_1_126' title='bbox 2210 1970 2445 2039; x_wconf 88' lang='lat' dir='ltr'>omisi-</span> 
     </span>
     <span class='ocr_line' id='line_1_16' title="bbox 186 2084 2443 2177; baseline 0.003 -26"><span class='ocrx_word' id='word_1_127' title='bbox 186 2105 318 2153; x_wconf 83' lang='lat' dir='ltr'>mus</span> <span class='ocrx_word' id='word_1_128' title='bbox 383 2088 668 2158; x_wconf 88' lang='lat' dir='ltr'>enodare</span> <span class='ocrx_word' id='word_1_129' title='bbox 723 2088 1030 2177; x_wconf 86' lang='lat' dir='ltr'>quasdem</span> <span class='ocrx_word' id='word_1_130' title='bbox 1105 2084 1544 2175; x_wconf 76' lang='lat' dir='ltr'>difficultates,</span> <span class='ocrx_word' id='word_1_131' title='bbox 1610 2108 1755 2177; x_wconf 85' lang='lat' dir='ltr'>quae</span> <span class='ocrx_word' id='word_1_132' title='bbox 1830 2084 2012 2155; x_wconf 77' lang='lat' dir='ltr'>facile</span> <span class='ocrx_word' id='word_1_133' title='bbox 2096 2085 2297 2155; x_wconf 85' lang='lat' dir='ltr'>menti</span> <span class='ocrx_word' id='word_1_134' title='bbox 2326 2108 2443 2157; x_wconf 89' lang='lat' dir='ltr'>oc-</span> 
     </span>
     <span class='ocr_line' id='line_1_17' title="bbox 179 2201 2447 2295; baseline 0.004 -30"><span class='ocrx_word' id='word_1_135' title='bbox 179 2210 472 2290; x_wconf 86' lang='lat' dir='ltr'>currunt,</span> <span class='ocrx_word' id='word_1_136' title='bbox 532 2221 831 2291; x_wconf 86' lang='lat' dir='ltr'>quasque</span> <span class='ocrx_word' id='word_1_137' title='bbox 878 2202 988 2271; x_wconf 87' lang='lat' dir='ltr'>hic</span> <span class='ocrx_word' id='word_1_138' title='bbox 1008 2252 1028 2282; x_wconf 93' lang='lat'>,</span> <span class='ocrx_word' id='word_1_139' title='bbox 1092 2223 1212 2293; x_wconf 88' lang='lat' dir='ltr'>pro</span> <span class='ocrx_word' id='word_1_140' title='bbox 1266 2202 1643 2295; x_wconf 63' lang='lat' dir='ltr'>quaestionis</span> <span class='ocrx_word' id='word_1_141' title='bbox 1686 2205 1999 2292; x_wconf 75' lang='lat' dir='ltr'>gravitate</span> <span class='ocrx_word' id='word_1_142' title='bbox 2024 2254 2046 2286; x_wconf 84' lang='lat'><strong>,</strong></span> <span class='ocrx_word' id='word_1_143' title='bbox 2112 2201 2447 2273; x_wconf 82' lang='lat' dir='ltr'>solvendas</span> 
     </span>
     <span class='ocr_line' id='line_1_18' title="bbox 180 2298 1427 2386; baseline 0.002 -3"><span class='ocrx_word' id='word_1_144' title='bbox 180 2316 496 2386; x_wconf 80' lang='lat' dir='ltr'>duximus.</span> <span class='ocrx_word' id='word_1_145' title='bbox 1411 2298 1427 2312; x_wconf 60' lang='lat'><strong>⁹</strong></span> 
     </span>
    </p>

    <p class='ocr_par' dir='ltr' id='par_1_6' title="bbox 183 2428 2455 4465">
     <span class='ocr_line' id='line_1_19' title="bbox 261 2428 2443 2526; baseline -0 -25"><span class='ocrx_word' id='word_1_146' title='bbox 261 2432 550 2525; x_wconf 79' lang='lat' dir='ltr'>Objicies</span> <span class='ocrx_word' id='word_1_147' title='bbox 601 2432 690 2501; x_wconf 81' lang='lat'>1⁰.</span> <span class='ocrx_word' id='word_1_148' title='bbox 739 2470 834 2485; x_wconf 90' lang='lat'>-</span> <span class='ocrx_word' id='word_1_149' title='bbox 873 2428 1332 2503; x_wconf 85' lang='lat' dir='ltr'>Delectationes</span> <span class='ocrx_word' id='word_1_150' title='bbox 1381 2431 1745 2518; x_wconf 84' lang='lat' dir='ltr'>sensibiles,</span> <span class='ocrx_word' id='word_1_151' title='bbox 1792 2454 1941 2524; x_wconf 71' lang='lat' dir='ltr'>quae</span> <span class='ocrx_word' id='word_1_152' title='bbox 1984 2432 2443 2526; x_wconf 78' lang='lat' dir='ltr'>perfectionem</span> 
     </span>
     <span class='ocr_line' id='line_1_20' title="bbox 185 2546 2445 2639; baseline 0.002 -26"><span class='ocrx_word' id='word_1_153' title='bbox 185 2546 566 2639; x_wconf 85' lang='lat' dir='ltr'>impediunt,</span> <span class='ocrx_word' id='word_1_154' title='bbox 607 2572 740 2619; x_wconf 90' lang='lat' dir='ltr'>non</span> <span class='ocrx_word' id='word_1_155' title='bbox 759 2570 988 2619; x_wconf 90' lang='lat' dir='ltr'>omnes</span> <span class='ocrx_word' id='word_1_156' title='bbox 1015 2548 1331 2617; x_wconf 89' lang='lat' dir='ltr'>tolluntur</span> <span class='ocrx_word' id='word_1_157' title='bbox 1377 2570 1494 2639; x_wconf 87' lang='lat' dir='ltr'>per</span> <span class='ocrx_word' id='word_1_158' title='bbox 1539 2549 1841 2618; x_wconf 88' lang='lat' dir='ltr'>castitatis</span> <span class='ocrx_word' id='word_1_159' title='bbox 1866 2550 2243 2619; x_wconf 88' lang='lat' dir='ltr'>consilium.</span> <span class='ocrx_word' id='word_1_160' title='bbox 2277 2549 2445 2618; x_wconf 86' lang='lat' dir='ltr'>Nam</span> 
     </span>
     <span class='ocr_line' id='line_1_21' title="bbox 191 2663 2447 2756; baseline 0.001 -27"><span class='ocrx_word' id='word_1_161' title='bbox 191 2666 412 2735; x_wconf 82' lang='lat' dir='ltr'>castitas</span> <span class='ocrx_word' id='word_1_162' title='bbox 433 2666 856 2737; x_wconf 83' lang='lat' dir='ltr'>solummodo</span> <span class='ocrx_word' id='word_1_163' title='bbox 893 2665 1190 2756; x_wconf 83' lang='lat' dir='ltr'>reprimit</span> <span class='ocrx_word' id='word_1_164' title='bbox 1223 2663 1673 2733; x_wconf 81' lang='lat' dir='ltr'>delectationes</span> <span class='ocrx_word' id='word_1_165' title='bbox 1698 2685 1997 2733; x_wconf 78' lang='lat' dir='ltr'>venereas</span> <span class='ocrx_word' id='word_1_166' title='bbox 2026 2691 2045 2749; x_wconf 90' lang='lat'>;</span> <span class='ocrx_word' id='word_1_167' title='bbox 2102 2684 2251 2754; x_wconf 79' lang='lat' dir='ltr'>quae</span> <span class='ocrx_word' id='word_1_168' title='bbox 2294 2663 2447 2733; x_wconf 91' lang='lat' dir='ltr'>licet</span> 
     </span>
     <span class='ocr_line' id='line_1_22' title="bbox 195 2778 2447 2869; baseline 0.002 -24"><span class='ocrx_word' id='word_1_169' title='bbox 195 2778 348 2847; x_wconf 86' lang='lat' dir='ltr'>inter</span> <span class='ocrx_word' id='word_1_170' title='bbox 373 2780 707 2853; x_wconf 79' lang='lat' dir='ltr'>sensibiles</span> <span class='ocrx_word' id='word_1_171' title='bbox 735 2783 1037 2851; x_wconf 75' lang='lat' dir='ltr'>maximae</span> <span class='ocrx_word' id='word_1_172' title='bbox 1077 2782 1232 2865; x_wconf 86' lang='lat' dir='ltr'>sint,</span> <span class='ocrx_word' id='word_1_173' title='bbox 1281 2800 1415 2848; x_wconf 92' lang='lat' dir='ltr'>non</span> <span class='ocrx_word' id='word_1_174' title='bbox 1442 2784 1662 2848; x_wconf 87' lang='lat' dir='ltr'>tamen</span> <span class='ocrx_word' id='word_1_175' title='bbox 1709 2785 1865 2849; x_wconf 90' lang='lat' dir='ltr'>sunt</span> <span class='ocrx_word' id='word_1_176' title='bbox 1904 2779 2096 2866; x_wconf 78' lang='lat' dir='ltr'>solae3</span> <span class='ocrx_word' id='word_1_177' title='bbox 2126 2780 2447 2869; x_wconf 88' lang='lat' dir='ltr'>siquidem</span> 
     </span>
     <span class='ocr_line' id='line_1_23' title="bbox 194 2892 2447 2987; baseline 0.001 -28"><span class='ocrx_word' id='word_1_178' title='bbox 194 2892 410 2963; x_wconf 81' lang='lat' dir='ltr'>dantur</span> <span class='ocrx_word' id='word_1_179' title='bbox 445 2898 600 2967; x_wconf 86' lang='lat' dir='ltr'>insu</span> <span class='ocrx_word' id='word_1_180' title='bbox 605 2920 744 2987; x_wconf 87' lang='lat' dir='ltr'>per,</span> <span class='ocrx_word' id='word_1_181' title='bbox 797 2896 982 2966; x_wconf 71' lang='lat' dir='ltr'>verbi</span> <span class='ocrx_word' id='word_1_182' title='bbox 1055 2896 1283 2985; x_wconf 83' lang='lat' dir='ltr'>gratia,</span> <span class='ocrx_word' id='word_1_183' title='bbox 1335 2892 1789 2963; x_wconf 80' lang='lat' dir='ltr'>delectationes</span> <span class='ocrx_word' id='word_1_184' title='bbox 1844 2898 2095 2983; x_wconf 80' lang='lat' dir='ltr'>gustus,</span> <span class='ocrx_word' id='word_1_185' title='bbox 2168 2913 2447 2982; x_wconf 86' lang='lat' dir='ltr'>quarum</span> 
     </span>
     <span class='ocr_line' id='line_1_24' title="bbox 191 3008 2446 3100; baseline 0.001 -25"><span class='ocrx_word' id='word_1_186' title='bbox 191 3010 484 3100; x_wconf 85' lang='lat' dir='ltr'>appetitus</span> <span class='ocrx_word' id='word_1_187' title='bbox 529 3013 595 3079; x_wconf 85' lang='lat' dir='ltr'>et</span> <span class='ocrx_word' id='word_1_188' title='bbox 637 3010 1044 3080; x_wconf 88' lang='lat' dir='ltr'>inordinatus</span> <span class='ocrx_word' id='word_1_189' title='bbox 1087 3030 1248 3079; x_wconf 86' lang='lat' dir='ltr'>usus</span> <span class='ocrx_word' id='word_1_190' title='bbox 1293 3009 1698 3100; x_wconf 87' lang='lat' dir='ltr'>spiritualem</span> <span class='ocrx_word' id='word_1_191' title='bbox 1741 3008 2103 3099; x_wconf 81' lang='lat' dir='ltr'>profectum</span> <span class='ocrx_word' id='word_1_192' title='bbox 2154 3012 2215 3075; x_wconf 89' lang='lat' dir='ltr'>et</span> <span class='ocrx_word' id='word_1_193' title='bbox 2262 3028 2446 3077; x_wconf 86' lang='lat' dir='ltr'>exer-</span> 
     </span>
     <span class='ocr_line' id='line_1_25' title="bbox 188 3120 2450 3217; baseline 0 -27"><span class='ocrx_word' id='word_1_194' title='bbox 188 3124 394 3195; x_wconf 87' lang='lat' dir='ltr'>citium</span> <span class='ocrx_word' id='word_1_195' title='bbox 443 3126 862 3217; x_wconf 86' lang='lat' dir='ltr'>pert’ectionis</span> <span class='ocrx_word' id='word_1_196' title='bbox 912 3146 1043 3193; x_wconf 90' lang='lat' dir='ltr'>non</span> <span class='ocrx_word' id='word_1_197' title='bbox 1090 3144 1324 3215; x_wconf 87' lang='lat' dir='ltr'>parum</span> <span class='ocrx_word' id='word_1_198' title='bbox 1371 3122 1785 3213; x_wconf 83' lang='lat' dir='ltr'>impediunt3</span> <span class='ocrx_word' id='word_1_199' title='bbox 1826 3142 1981 3210; x_wconf 85' lang='lat' dir='ltr'>ergo</span> <span class='ocrx_word' id='word_1_200' title='bbox 2030 3120 2149 3189; x_wconf 86' lang='lat' dir='ltr'>tria</span> <span class='ocrx_word' id='word_1_201' title='bbox 2182 3122 2450 3191; x_wconf 88' lang='lat' dir='ltr'>consilia</span> 
     </span>
     <span class='ocr_line' id='line_1_26' title="bbox 191 3218 2442 3330; baseline 0.001 -27"><span class='ocrx_word' id='word_1_202' title='bbox 191 3260 312 3306; x_wconf 89' lang='lat' dir='ltr'>non</span> <span class='ocrx_word' id='word_1_203' title='bbox 349 3218 689 3311; x_wconf 72' lang='lat' dir='ltr'>sufficiunt</span> <span class='ocrx_word' id='word_1_204' title='bbox 737 3241 818 3309; x_wconf 90' lang='lat' dir='ltr'>ad</span> <span class='ocrx_word' id='word_1_205' title='bbox 865 3238 1260 3330; x_wconf 88' lang='lat' dir='ltr'>completum</span> <span class='ocrx_word' id='word_1_206' title='bbox 1307 3237 1721 3329; x_wconf 82' lang='lat' dir='ltr'>perfectionis</span> <span class='ocrx_word' id='word_1_207' title='bbox 1741 3233 2157 3327; x_wconf 60' lang='lat' dir='ltr'>acquirendae</span> <span class='ocrx_word' id='word_1_208' title='bbox 2180 3241 2442 3307; x_wconf 86' lang='lat' dir='ltr'>statum.</span> 
     </span>
     <span class='ocr_line' id='line_1_27' title="bbox 187 3350 2447 3449; baseline -0.004 -20"><span class='ocrx_word' id='word_1_209' title='bbox 187 3392 277 3405; x_wconf 93' lang='lat'>--</span> <span class='ocrx_word' id='word_1_210' title='bbox 311 3357 817 3449; x_wconf 78' lang='lat' dir='ltr'>Respondemus,</span> <span class='ocrx_word' id='word_1_211' title='bbox 873 3376 990 3446; x_wconf 83' lang='lat' dir='ltr'>per</span> <span class='ocrx_word' id='word_1_212' title='bbox 1039 3354 1385 3424; x_wconf 88' lang='lat' dir='ltr'>consilium</span> <span class='ocrx_word' id='word_1_213' title='bbox 1453 3354 1755 3422; x_wconf 87' lang='lat' dir='ltr'>castitatis</span> <span class='ocrx_word' id='word_1_214' title='bbox 1818 3350 1987 3437; x_wconf 86' lang='lat' dir='ltr'>tolli,</span> <span class='ocrx_word' id='word_1_215' title='bbox 2044 3372 2177 3421; x_wconf 89' lang='lat' dir='ltr'>non</span> <span class='ocrx_word' id='word_1_216' title='bbox 2237 3352 2447 3423; x_wconf 89' lang='lat' dir='ltr'>solum</span> 
     </span>
     <span class='ocr_line' id='line_1_28' title="bbox 187 3464 2451 3557; baseline -0.003 -19"><span class='ocrx_word' id='word_1_217' title='bbox 187 3470 627 3542; x_wconf 84' lang='lat' dir='ltr'>delectationes</span> <span class='ocrx_word' id='word_1_218' title='bbox 677 3492 1002 3557; x_wconf 73' lang='lat' dir='ltr'>venereas,</span> <span class='ocrx_word' id='word_1_219' title='bbox 1055 3470 1168 3538; x_wconf 90' lang='lat' dir='ltr'>sed</span> <span class='ocrx_word' id='word_1_220' title='bbox 1229 3468 1386 3537; x_wconf 87' lang='lat' dir='ltr'>alias</span> <span class='ocrx_word' id='word_1_221' title='bbox 1431 3469 1623 3535; x_wconf 87' lang='lat' dir='ltr'>etiam</span> <span class='ocrx_word' id='word_1_222' title='bbox 1682 3465 2133 3537; x_wconf 86' lang='lat' dir='ltr'>delectationes</span> <span class='ocrx_word' id='word_1_223' title='bbox 2182 3464 2451 3535; x_wconf 87' lang='lat' dir='ltr'>sensibi-</span> 
     </span>
     <span class='ocr_line' id='line_1_29' title="bbox 183 3579 2453 3679; baseline -0.002 -28"><span class='ocrx_word' id='word_1_224' title='bbox 183 3586 288 3654; x_wconf 87' lang='lat' dir='ltr'>les.</span> <span class='ocrx_word' id='word_1_225' title='bbox 339 3584 512 3657; x_wconf 83' lang='lat' dir='ltr'>Nam</span> <span class='ocrx_word' id='word_1_226' title='bbox 553 3586 852 3679; x_wconf 81' lang='lat' dir='ltr'>quamvis</span> <span class='ocrx_word' id='word_1_227' title='bbox 899 3584 1208 3675; x_wconf 86' lang='lat' dir='ltr'>obligatio</span> <span class='ocrx_word' id='word_1_228' title='bbox 1257 3583 1336 3652; x_wconf 89' lang='lat' dir='ltr'>ad</span> <span class='ocrx_word' id='word_1_229' title='bbox 1371 3584 1725 3651; x_wconf 86' lang='lat' dir='ltr'>castitatem</span> <span class='ocrx_word' id='word_1_230' title='bbox 1754 3582 1995 3652; x_wconf 86' lang='lat' dir='ltr'>directe</span> <span class='ocrx_word' id='word_1_231' title='bbox 2026 3581 2089 3653; x_wconf 86' lang='lat' dir='ltr'>et</span> <span class='ocrx_word' id='word_1_232' title='bbox 2140 3579 2453 3671; x_wconf 83' lang='lat' dir='ltr'>primario</span> 
     </span>
     <span class='ocr_line' id='line_1_30' title="bbox 183 3692 2455 3794; baseline -0.006 -22"><span class='ocrx_word' id='word_1_233' title='bbox 183 3692 476 3794; x_wconf 71' lang='lat' dir='ltr'>respiciat</span> <span class='ocrx_word' id='word_1_234' title='bbox 531 3710 786 3772; x_wconf 85' lang='lat' dir='ltr'>tantum</span> <span class='ocrx_word' id='word_1_235' title='bbox 835 3702 1290 3771; x_wconf 85' lang='lat' dir='ltr'>abstinentiam</span> <span class='ocrx_word' id='word_1_236' title='bbox 1343 3722 1381 3769; x_wconf 89' lang='lat' dir='ltr'>a</span> <span class='ocrx_word' id='word_1_237' title='bbox 1429 3700 1721 3767; x_wconf 75' lang='lat' dir='ltr'>venereis</span> <span class='ocrx_word' id='word_1_238' title='bbox 1768 3696 2323 3772; x_wconf 86' lang='lat' dir='ltr'>delectationibus,</span> <span class='ocrx_word' id='word_1_239' title='bbox 2354 3692 2455 3760; x_wconf 88' lang='lat' dir='ltr'>in·</span> 
     </span>
     <span class='ocr_line' id='line_1_31' title="bbox 187 3814 2453 3907; baseline -0.004 -20"><span class='ocrx_word' id='word_1_240' title='bbox 187 3814 412 3887; x_wconf 86' lang='lat' dir='ltr'>directe</span> <span class='ocrx_word' id='word_1_241' title='bbox 460 3830 679 3889; x_wconf 83' lang='lat' dir='ltr'>tamen</span> <span class='ocrx_word' id='word_1_242' title='bbox 738 3825 802 3886; x_wconf 90' lang='lat' dir='ltr'>et</span> <span class='ocrx_word' id='word_1_243' title='bbox 855 3821 1316 3907; x_wconf 85' lang='lat' dir='ltr'>consequenter</span> <span class='ocrx_word' id='word_1_244' title='bbox 1363 3815 1642 3907; x_wconf 86' lang='lat' dir='ltr'>postulat</span> <span class='ocrx_word' id='word_1_245' title='bbox 1694 3815 2061 3906; x_wconf 83' lang='lat' dir='ltr'>generalem</span> <span class='ocrx_word' id='word_1_246' title='bbox 2135 3828 2453 3879; x_wconf 84' lang='lat' dir='ltr'>sensuum</span> 
     </span>
     <span class='ocr_line' id='line_1_32' title="bbox 186 3926 2449 4025; baseline -0.002 -26"><span class='ocrx_word' id='word_1_247' title='bbox 186 3938 244 3999; x_wconf 86' lang='lat' dir='ltr'>et</span> <span class='ocrx_word' id='word_1_248' title='bbox 289 3928 580 4025; x_wconf 86' lang='lat' dir='ltr'>corporis</span> <span class='ocrx_word' id='word_1_249' title='bbox 629 3932 1212 4004; x_wconf 83' lang='lat' dir='ltr'>mortificationem.</span> <span class='ocrx_word' id='word_1_250' title='bbox 1263 3928 1408 3999; x_wconf 91' lang='lat' dir='ltr'>Non</span> <span class='ocrx_word' id='word_1_251' title='bbox 1470 3931 1653 4000; x_wconf 90' lang='lat' dir='ltr'>enim</span> <span class='ocrx_word' id='word_1_252' title='bbox 1706 3930 1937 3999; x_wconf 88' lang='lat' dir='ltr'>intuto</span> <span class='ocrx_word' id='word_1_253' title='bbox 1980 3932 2143 3996; x_wconf 86' lang='lat' dir='ltr'>esset</span> <span class='ocrx_word' id='word_1_254' title='bbox 2170 3926 2449 4017; x_wconf 23' lang='lat' dir='ltr'>casti-tas,</span> 
     </span>
     <span class='ocr_line' id='line_1_33' title="bbox 183 4038 2453 4133; baseline -0.001 -21"><span class='ocrx_word' id='word_1_255' title='bbox 183 4045 234 4113; x_wconf 86' lang='lat' dir='ltr'>si</span> <span class='ocrx_word' id='word_1_256' title='bbox 302 4048 448 4117; x_wconf 86' lang='lat' dir='ltr'>aliis</span> <span class='ocrx_word' id='word_1_257' title='bbox 521 4047 938 4118; x_wconf 86' lang='lat' dir='ltr'>sensibilibus</span> <span class='ocrx_word' id='word_1_258' title='bbox 999 4045 1526 4116; x_wconf 88' lang='lat' dir='ltr'>delectationibus</span> <span class='ocrx_word' id='word_1_259' title='bbox 1573 4043 2052 4133; x_wconf 75' lang='lat' dir='ltr'>indulgeretur.</span> <span class='ocrx_word' id='word_1_260' title='bbox 2108 4038 2291 4111; x_wconf 89' lang='lat' dir='ltr'>Unde</span> <span class='ocrx_word' id='word_1_261' title='bbox 2339 4044 2453 4133; x_wconf 90' lang='lat' dir='ltr'>qui</span> 
     </span>
     <span class='ocr_line' id='line_1_34' title="bbox 189 4155 2453 4257; baseline -0.001 -27"><span class='ocrx_word' id='word_1_262' title='bbox 189 4164 534 4233; x_wconf 83' lang='lat' dir='ltr'>castitatem</span> <span class='ocrx_word' id='word_1_263' title='bbox 585 4164 1026 4257; x_wconf 84' lang='lat' dir='ltr'>amplectitur,</span> <span class='ocrx_word' id='word_1_264' title='bbox 1090 4184 1166 4233; x_wconf 91' lang='lat' dir='ltr'>eo</span> <span class='ocrx_word' id='word_1_265' title='bbox 1205 4163 1348 4254; x_wconf 88' lang='lat' dir='ltr'>ipso</span> <span class='ocrx_word' id='word_1_266' title='bbox 1391 4160 1756 4251; x_wconf 79' lang='lat' dir='ltr'>ingreditur</span> <span class='ocrx_word' id='word_1_267' title='bbox 1802 4162 2070 4244; x_wconf 85' lang='lat' dir='ltr'>statum,</span> <span class='ocrx_word' id='word_1_268' title='bbox 2119 4157 2233 4248; x_wconf 88' lang='lat' dir='ltr'>qui</span> <span class='ocrx_word' id='word_1_269' title='bbox 2282 4155 2363 4227; x_wconf 90' lang='lat' dir='ltr'>de</span> <span class='ocrx_word' id='word_1_270' title='bbox 2386 4177 2453 4227; x_wconf 88' lang='lat' dir='ltr'>se</span> 
     </span>
     <span class='ocr_line' id='line_1_35' title="bbox 189 4268 2453 4361; baseline -0.001 -19"><span class='ocrx_word' id='word_1_271' title='bbox 189 4273 461 4361; x_wconf 84' lang='lat' dir='ltr'>postulat</span> <span class='ocrx_word' id='word_1_272' title='bbox 503 4277 806 4347; x_wconf 87' lang='lat' dir='ltr'>omnium</span> <span class='ocrx_word' id='word_1_273' title='bbox 839 4268 1152 4349; x_wconf 80' lang='lat' dir='ltr'>sensuum</span> <span class='ocrx_word' id='word_1_274' title='bbox 1198 4282 1266 4347; x_wconf 89' lang='lat' dir='ltr'>et</span> <span class='ocrx_word' id='word_1_275' title='bbox 1303 4274 1707 4345; x_wconf 88' lang='lat' dir='ltr'>sensibilium</span> <span class='ocrx_word' id='word_1_276' title='bbox 1758 4270 2261 4341; x_wconf 87' lang='lat' dir='ltr'>delectationum</span> <span class='ocrx_word' id='word_1_277' title='bbox 2284 4290 2453 4339; x_wconf 88' lang='lat' dir='ltr'>con-</span> 
     </span>
     <span class='ocr_line' id='line_1_36' title="bbox 193 4387 2454 4465; baseline -0.001 -10"><span class='ocrx_word' id='word_1_278' title='bbox 193 4390 542 4463; x_wconf 72' lang='lat' dir='ltr'>venientem</span> <span class='ocrx_word' id='word_1_279' title='bbox 595 4394 1074 4465; x_wconf 87' lang='lat' dir='ltr'>coercitionem.</span> <span class='ocrx_word' id='word_1_280' title='bbox 1114 4391 1196 4463; x_wconf 90' lang='lat' dir='ltr'>Et</span> <span class='ocrx_word' id='word_1_281' title='bbox 1239 4393 1332 4461; x_wconf 88' lang='lat' dir='ltr'>sic</span> <span class='ocrx_word' id='word_1_282' title='bbox 1367 4410 1597 4461; x_wconf 70' lang='lat' dir='ltr'>verum</span> <span class='ocrx_word' id='word_1_283' title='bbox 1654 4394 1945 4459; x_wconf 87' lang='lat' dir='ltr'>remanet</span> <span class='ocrx_word' id='word_1_284' title='bbox 1970 4387 2269 4459; x_wconf 84' lang='lat' dir='ltr'>sufficere</span> <span class='ocrx_word' id='word_1_285' title='bbox 2294 4405 2454 4455; x_wconf 88' lang='lat' dir='ltr'>con-</span> 
     </span>
    </p>
   </div>
  </div>
 </body>
</html>
