2834 4959
1122 347 1276 396 ens
1318 349 1560 398 TERTIA.
2360 353 2435 409 33
2446 353 2481 408 3

193 488 334 536 uon
359 486 496 535 esse
513 487 663 534 vere
677 464 1022 555 reliqiosas
1037 488 1061 532 .·
1072 469 1577 558 promissioneS,
1600 493 1751 563 quoe
1767 473 1850 541 ab
1869 475 2029 564 ipsis
2050 478 2481 569 emittuntur,

189 605 330 652 non
371 604 510 650 esse
547 579 646 650 ad
667 601 1006 648 summum
1031 569 1164 650 misi
1185 596 1344 652 vota
1367 585 1711 677 simplicia
1726 609 1759 671 ,·
1794 599 1859 656 et
1898 573 2490 666 transmittendam

187 719 324 766 esse
368 697 675 786 formam
717 706 780 764 et
821 696 1238 786 notificanda
1275 701 1500 785 verba,
1532 701 1771 792 quibus
1798 701 1993 775 dictoe
2016 709 2493 797 promissiones

186 812 608 880 emittuntur
799 810 1096 902 Virqines
1121 814 1563 904 Anqliccmas,
1604 833 1961 910 earumque
1997 834 2203 890 coetus
2226 827 2488 917 esseju-

187 926 574 996 risdictioni
598 925 962 996 ordinatrice
987 928 1475 1020 Episcoporum
1502 931 1823 1019 subditoS,
1846 936 1921 1002 in
1948 958 2233 1026 quorum
2264 939 2490 1012 dioece-

197 1042 392 1112 sibus
421 1054 576 1110 sunt
601 1041 812 1130 (bulla
833 1043 1147 1132 quamvis
1167 1046 1388 1134 juste,
1425 1050 1461 1128 ἓ
1491 1049 1625 1138 13).

303 1157 606 1248 Virgines
648 1164 866 1227 autem
913 1158 1054 1228 illas
1091 1181 1238 1229 vere
1283 1163 1611 1251 religiosas
1654 1187 1783 1232 non
1846 1187 2006 1248 esse,
2046 1189 2165 1238 nec
2208 1192 2325 1260 pro
2374 1195 2487 1241 so-

197 1274 548 1344 lemnibus
587 1273 876 1342 habenda
917 1275 1208 1364 ipfflrum
1237 1286 1409 1355 vota,
1442 1298 1573 1346 non
1622 1285 1871 1350 tantum
1912 1283 2285 1353 auctoritate
2314 1285 2485 1354 Pon-

199 1390 413 1460 tificio
461 1389 830 1478 pronuntiat
875 1387 1255 1459 Benedictus
1296 1389 1475 1476 xlv,
1531 1393 1641 1462 sed
1690 1395 1955 1487 insuper
2004 1398 2305 1480 rationes,
2340 1421 2489 1491 quoe

193 1506 269 1574 id
295 1505 512 1596 palam
541 1503 802 1588 faciant,
837 1504 1100 1574 deducit
1145 1506 1214 1574 in
1255 1505 1435 1576 hune
1468 1509 1741 1580 modum
1785 1533 1802 1580 ε
1858 1537 1895 1578 α
1934 1509 2003 1581 Si
2042 1515 2221 1582 enim
2270 1515 2349 1583 ad
2390 1538 2491 1586 es-

199 1647 238 1686 «
269 1619 558 1690 sentiam
597 1625 796 1686 status
839 1641 986 1688 vere
1027 1621 1310 1710 religiosi
1357 1622 1731 1714 requiritur,
1785 1634 1857 1694 ut
1896 1627 2125 1716 religio
2170 1650 2282 1698 seu
2326 1632 2488 1701 ordo

201 1760 236 1800 ι
265 1734 341 1803 in
369 1735 754 1824 hujusmodi
790 1741 956 1802 statu
999 1735 1382 1826 Apostolicae
1407 1739 1573 1807 sedis
1613 1741 2099 1812 confirmatione
2128 1745 2489 1815 stabiliatur

202 1876 238 1916 «ι
269 1851 318 1940 (i
328 1856 482 1918 uxta
504 1852 850 1920 canonicas
871 1850 1258 1936 sanctioneS,
1283 1853 1362 1920 de
1384 1853 1629 1942 quibus
1652 1856 1724 1922 in
1750 1857 1957 1946 capite
1982 1858 2185 1925 unico
2219 1856 2299 1925 de
2323 1861 2493 1928 Reli-

209 1993 247 2032 «
277 1966 478 2056 qiosis
503 1964 848 2047 Domibus,
880 1966 953 2034 in
982 1965 1075 2055 6),
1099 1987 1224 2036 nec
1259 1967 1501 2036 sufficit
1542 1969 1625 2038 ab
1660 1970 1883 2038 eadem
1922 1971 2293 2062 Apostolica
2341 1978 2489 2044 sede

207 2107 247 2148 α
277 2080 635 2150 obtinuisse
695 2081 1002 2150 duntaxat
1057 2081 1587 2174 approbationem
1644 2090 1707 2154 et
1763 2085 2323 2162 confirmationem
2382 2110 2485 2158 re-

206 2221 240 2263 «
274 2195 620 2287 gidarum,
669 2217 830 2286 quas
883 2197 1100 2287 aliqua
1139 2198 1431 2268 virorum
1460 2205 1591 2294 aut
1634 2201 1991 2270 mulierum
2050 2203 2315 2272 societas
2364 2205 2481 2273 sibi

205 2337 240 2378 α
271 2311 711 2382 observandas
756 2312 1224 2404 praecripserit3
1285 2317 1342 2383 si
1413 2323 1557 2384 vota
1610 2320 2029 2410 paupertatis,
2108 2319 2487 2389 obedientiae

201 2454 236 2495 «ι
260 2435 336 2499 et
361 2430 665 2499 castitatis
691 2428 774 2497 ab
807 2428 1184 2518 Anglicanis
1227 2430 1593 2520 virginibus
1642 2434 1875 2504 emissa
1920 2435 2003 2505 ad
2052 2435 2328 2508 formam
2378 2459 2484 2508 re-

203 2570 240 2612 «
268 2545 586 2635 gularum
627 2566 664 2612 a
707 2541 1034 2614 Clemente
1084 2543 1174 2614 XI
1220 2547 1751 2637 approbatorum,
1802 2553 2149 2640 conjuncta
2197 2553 2325 2622 diei
2374 2577 2485 2624 ne·

207 2687 244 2725 n
267 2669 528 2749 queunt
578 2681 732 2729 cum
784 2681 1077 2752 expressa
1125 2666 1238 2731 aut
1293 2662 1482 2730 tacita
1536 2662 1925 2751 professione
1986 2667 2057 2734 in
2104 2668 2321 2756 aliquo
2368 2691 2485 2738 or-

211 2801 252 2841 «
278 2773 442 2843 dine
491 2796 598 2865 per
655 2775 873 2845 sedem
929 2773 1368 2866 Apostoliemn
1426 2775 1497 2843 in
1550 2780 1718 2842 statu
1774 2796 1941 2844 verae
2000 2781 2357 2868 religionis,
2416 2789 2485 2850 ut

207 2916 249 2956 α
287 2889 642 2982 praefertur,
691 2890 1041 2982 approbato
1074 2913 1094 2975 ;
1151 2891 1322 2960 clare
1367 2894 1534 2979 patet
1582 2893 1646 2958 et
1690 2892 1928 2956 statum
1966 2891 2299 2979 virginum
2351 2896 2487 2961 An-

209 3031 248 3072 α
277 3005 686 3097 glicanarum
730 3028 862 3075 non
913 3027 1050 3075 esse
1073 3011 1312 3076 statum
1359 3027 1523 3074 νει-ω
1568 3005 1926 3096 religionis,
1956 3011 2019 3074 et
2054 3013 2197 3074 vota
2232 3029 2377 3096 quae
2404 3008 2487 3076 ab

208 3123 438 3214 «ipsis
488 3121 683 3203 fiunt,
739 3121 1066 3214 simplicia
1109 3123 1190 3192 ad
1243 3145 1579 3193 summum
1614 3129 1781 3206 vota,
1816 3144 1947 3194 non
1989 3143 2141 3192 vero
2175 3123 2487 3193 solemnia

213 3263 250 3304 ι
277 3237 532 3307 censeri
575 3237 830 3320 debere,
876 3238 956 3306 ad
995 3239 1284 3307 tramites
1331 3236 1667 3307 decretalis
1708 3236 2025 3305 Bonifacii
2070 3235 2263 3328 Papae
2307 3233 2485 3322 vlu,

211 3377 252 3418 α
279 3353 642 3440 q'uaeunica
663 3360 860 3422 exstat
873 3352 998 3422 sub
1027 3353 1216 3422 titulo
1234 3352 1314 3424 de
1330 3357 1490 3424 Voto
1526 3365 1591 3421 et
1617 3351 1759 3421 voti
1786 3350 2283 3444 Redemptione,
2316 3356 2383 3423 in
2412 3357 2480 3423 6.

208 3497 250 3533 ιι
288 3466 475 3548 Quod
529 3471 686 3538 item
737 3489 964 3538 aarum
1016 3475 1187 3555 vota,
1247 3468 1592 3560 simplicia,
1648 3489 1783 3537 non
1838 3467 2154 3538 solemnia
2210 3469 2484 3538 dicenda

205 3609 242 3650 α
271 3585 414 3654 sint
453 3603 554 3654 ex.
579 3581 736 3675 ipsis
787 3584 1004 3653 verbis
1045 3583 1582 3654 constitutionum
1628 3583 1712 3652 ab
1752 3581 1979 3652 eodem
2030 3582 2359 3652 Clemente
2390 3584 2486 3652 XI

203 3725 242 3764 α
270 3721 398 3790 pro
454 3699 587 3768 illis
644 3699 1146 3791 approbatarum
1193 3697 1478 3776 eruitur3
1530 3696 1853 3786 siquidem
1901 3697 1993 3768 ibi
2051 3697 2143 3765 sie
2192 3696 2427 3786 legitur
2465 3724 2481 3765 :

206 3837 250 3876 a
281 3809 466 3879 Licet
489 3813 738 3904 requloe
766 3825 1012 3880 nostroe
1037 3833 1174 3880 non
1205 3809 1482 3880 tendant
1510 3809 1605 3879 ad
1626 3821 1885 3880 statum
1910 3812 2045 3880 sive
2065 3808 2365 3879 ordinem
2386 3833 2489 3878 re-

205 3951 246 3990 α
281 3925 618 4018 liqiosum,
671 3929 806 3997 tria
845 3941 1068 3997 tamen
1109 3939 1268 3996 vota
1317 3929 1539 3996 emitti
1578 3927 1807 4012 solita,
1844 3925 2293 4020 paupertati-5,
2343 3925 2489 3994 obe-

206 4075 246 4114 «
286 4048 564 4118 dientiae
586 4064 652 4119 et
675 4047 1035 4137 castitati-5,
1081 4048 1296 4117 veluti
1335 4047 1671 4140 triplicem
1696 4045 1961 4116 vivendi
1982 4043 2167 4114 modi
2191 4067 2485 4134 murum,

213 4189 252 4228 <t
283 4185 510 4232 omnes
531 4164 862 4256 peculiari
883 4161 1103 4234 studio
1145 4183 1529 4232 conservam
1552 4159 1889 4230 studeant.
1930 4183 1967 4226 ι»
1994 4157 2205 4250 (Bulla
2238 4159 2489 4241 Quam-

209 4277 312 4346 vis
336 4279 554 4369 juste,
587 4281 630 4370 ξ
664 4279 744 4350 13
774 4285 839 4349 et
869 4277 1007 4370 14.)

305 4391 530 4466 Postea
557 4396 935 4487 pronuntiat
971 4393 1358 4465 Benedictus
1384 4393 1565 4483 xlv,
1596 4392 1925 4486 virginum
1960 4389 2489 4484 „Anglioanarmn
