2834 4959
419 331 544 388 142
992 337 1330 388 TRAGTATUS
1365 337 1447 386 ΒΕ
1486 337 1637 384 sumt
1681 339 2098 388 REGULARIUM.

423 489 458 528 (ε
494 461 706 532 verbis
755 460 1096 530 dicemus:
1140 459 1320 542 ‘Quid
1367 461 1573 550 igitur
1590 460 1624 528 ‘?
1660 460 1958 532 Monachi
2008 483 2145 533 non
2188 462 2464 531 fuerunt
2490 468 2669 534 sancti

425 605 458 644 «
489 577 706 647 Patres
773 575 889 667 qui
950 581 1098 645 ante
1151 575 1220 646 S.
1277 574 1705 645 Benedictum
1766 575 2057 666 fuerunt,
2106 583 2172 646 et
2228 577 2664 670 professionem
2739 579 2740 652 j

421 720 456 760 α
483 713 618 762 non
656 692 997 760 fecerunt?
1043 689 1347 761 Monachi
1393 712 1528 761 non
1564 697 1721 761 sunt
1759 694 1877 784 qui
1915 693 2125 784 ipsam
2164 693 2469 783 regulam
2500 695 2666 765 modo

421 836 458 875 «
483 828 616 878 non
684 806 1049 890 observant,
1109 803 1219 874 sed
1281 805 1497 876 adhuc
1548 809 1813 898 antiqua
1880 812 2115 877 statuta
2168 808 2477 893 retinent,
2526 810 2663 880 sicut

424 949 460 989 α
485 926 638 991 sunt
687 917 897 989 Graeci
939 926 1003 988 et
1039 917 1334 1011 AEgyptii
1379 925 1443 988 et
1484 919 1783 990 Armenii
1813 927 1875 990 et
1902 921 2095 990 multi
2134 922 2279 1006 alii,
2308 929 2373 992 et
2406 925 2587 993 etiam
2606 927 2657 994 in
2739 929 2740 976 i

421 1036 790 1107 «latinitate
823 1033 1150 1126 plurimi?
1185 1033 1350 1104 Vere
1375 1034 1815 1125 profitendum
1848 1042 1943 1106 est
1968 1035 2147 1127 quod
2174 1037 2315 1106 veri
2342 1044 2405 1106 et
2429 1039 2657 1130 perfecti
2739 1043 2740 1104 ζ

421 1181 453 1220 α
502 1150 808 1222 monachi
841 1149 1108 1218 fuerunt
1141 1154 1205 1218 et
1241 1155 1421 1220 sunt.
1450 1173 1485 1214 »
1540 1149 1859 1241 Idemque·
1884 1153 2233 1222 confirmat
2264 1176 2379 1244 per
2418 1155 2656 1224 oblatio·
2739 1243 2740 1256 ἵ

407 1291 562 1340 nem
584 1287 948 1360 puerorum
961 1269 1026 1332 et
1043 1264 1507 1356 professionem
1526 1267 2005 1338 monachorum
2024 1267 2119 1337 ad
2132 1271 2623 1341 succurrendum
2634 1297 2656 1352 ,·
2739 1267 2740 1280 ’

407 1407 482 1454 ac
543 1384 814 1452 veniens
881 1381 1033 1448 dein
1078 1379 1160 1448 ad
1226 1371 1555 1471 petitionis
1618 1381 2193 1475 subscriptionem,
2254 1387 2343 1453 ait
2388 1410 2405 1453 :
2486 1385 2654 1466 «Qui
2739 1407 2740 1412 ¹

413 1527 448 1565 «
485 1499 646 1568 dicit
683 1519 817 1567 non
857 1517 1040 1587 posse
1089 1515 1226 1563 esse
1271 1496 1674 1566 monachum
1707 1497 1835 1566 nisi
1876 1499 1994 1588 qui
2038 1499 2510 1592 subscripserit,
2550 1501 2653 1568 tale

415 1639 450 1678 α
475 1620 571 1682 est
621 1633 696 1682 ac
741 1611 794 1680 si
843 1612 1058 1680 dicatz
1106 1609 1250 1679 Non
1305 1616 1513 1700 potest
1558 1633 1694 1681 esse
1744 1614 1894 1702 quis
1942 1612 2345 1684 Christianus
2396 1615 2505 1683 nisi
2550 1615 2648 1704 qui

413 1727 764 1795 «chrisma
824 1727 897 1794 in
952 1725 1158 1816 capite
1211 1732 1274 1793 et
1320 1726 1493 1794 inter
1542 1726 1838 1818 scapulas
1897 1733 2265 1818 perunctus
2312 1729 2506 1815 fuerit,
2556 1730 2651 1797 vel

413 1869 448 1908 (ι
473 1843 639 1912 albis
677 1841 973 1925 indutus,
1003 1839 1106 1910 vel
1155 1839 1493 1910 candelam
1537 1841 1608 1909 in
1647 1863 1853 1910 manu
1894 1863 2029 1912 non
2068 1845 2372 1913 tenuerit.
2406 1843 2457 1912 Ο
2478 1865 2645 1934 quam

412 1985 447 2026 «
470 1957 664 2026 multi
711 1957 783 2025 in
831 1956 1072 2026 coelesti
1133 1957 1338 2046 gloria
1389 1961 1545 2026 sunt
1604 1955 1915 2048 Martyres
1978 1961 2274 2029 coronati
2290 2013 2310 2046 ,
2370 1967 2432 2029 et
2484 1979 2645 2048 quam

413 2111 446 2148 α
476 2081 667 2150 multi
695 2079 1015 2150 verissimi
1051 2079 1405 2150 Christiani
1442 2080 1695 2169 salvati,
1726 2082 1842 2171 qui
1870 2103 2227 2173 nunquam
2265 2085 2335 2152 in
2372 2083 2649 2174 baptismo
2739 2095 2740 2140 ὲ

415 2215 446 2252 α
478 2189 600 2256 ista
657 2192 1082 2278 perceperunt
1112 2191 1218 2255 1...
1263 2186 1412 2255 Non
1457 2186 1662 2267 enim,
1698 2195 1773 2254 ut
1814 2188 1897 2257 ad
1922 2209 2063 2257 rem
2092 2191 2392 2275 redeam,
2424 2191 2485 2256 in
2524 2186 2649 2256 sub-

415 2327 448 2367 «
485 2302 832 2393 scriptione
883 2306 978 2370 est
1014 2301 1341 2392 perfectio,
1369 2301 1481 2371 sed
1522 2303 1593 2370 in
1642 2301 2101 2396 adimpletione
2164 2303 2639 2398 subscriptionis.
2739 2295 2740 2332 ³

411 2441 447 2482 (ι
483 2414 650 2484 Nam
697 2417 830 2485 sive
860 2415 1222 2485 subscribat
1257 2417 1390 2487 sive
1417 2440 1550 2486 non
1580 2418 1975 2509 subscribat,
2006 2420 2059 2490 si
2106 2420 2384 2516 implere
2424 2421 2638 2489 studue-

412 2559 448 2600 α
474 2533 586 2619 rit,
646 2532 1006 2604 monachus
1062 2553 1182 2624 pro
1233 2539 1407 2602 certo
1452 2536 1599 2602 erit.
1652 2560 1689 2600 »
1746 2522 1959 2605 Missis
2006 2539 2281 2624 caeteriS,
2330 2537 2527 2606 adhuc
2566 2555 2638 2602 se-

403 2653 667 2742 quentia
739 2675 816 2721 ex
871 2675 946 2722 eo
988 2653 1419 2743 proferemus,
1479 2653 1720 2744 quibus
1778 2653 1997 2746 aliqua
2045 2655 2479 2726 Benedictinae
2531 2653 2635 2721 for-

403 2770 602 2838 mulae
648 2768 844 2838 verba
889 2769 1350 2861 interpretatur
1401 2769 1494 2862 (1)
1532 2794 1549 2838 ε
1606 2795 1643 2836 ι(
1671 2770 1750 2837 In
1807 2771 1873 2839 id
1924 2792 2077 2842 vero
2114 2772 2293 2864 quod
2340 2771 2632 2862 sequitur:

413 2911 450 2950 <r
480 2887 725 2956 Coram
767 2888 904 2954 Deo
947 2897 1011 2954 et
1052 2886 1300 2954 sanctis
1327 2885 1495 2976 ejus,
1531 2885 1715 2955 nulla
1742 2889 2176 2958 controversia
2212 2896 2307 2958 est
2331 2909 2469 2980 quae
2500 2887 2635 2954 recte
2739 2911 2740 2954 ς

413 3002 713 3090 «opponi
763 3001 1008 3092 possit3
1055 3000 1210 3091 quia
1258 3005 1510 3069 certum
1552 3006 1648 3070 est
1692 3001 1868 3093 quod
1910 3008 1977 3071 et
2032 3001 2168 3074 Deo
2214 3004 2635 3096 promittuntur
2739 3055 2740 3098 ἶ

409 3141 442 3180 «
481 3117 602 3184 ista
629 3125 692 3184 et
715 3137 937 3186 coram
961 3114 1119 3186 Deo.
1136 3168 1181 3186 ..
1211 3115 1307 3185 De
1326 3117 1449 3186 hoc
1466 3137 1617 3186 vero
1641 3117 1821 3207 quod
1852 3119 1925 3187 in
1950 3117 2083 3188 fine
2108 3119 2349 3190 dicitur
2368 3145 2384 3188 :
2400 3119 2479 3186 In
2484 3133 2629 3208 proe-

412 3257 446 3294 α
471 3232 687 3298 sentia
721 3231 955 3300 domni
969 3233 1058 3304 N.
1077 3229 1400 3322 Affatis,
1426 3231 1619 3301 multi
1646 3238 1889 3323 errant,
1919 3234 2331 3327 maximeque
2366 3232 2630 3311 Abbates,

411 3345 906 3416 «existimantes
952 3368 1067 3438 per
1120 3348 1250 3418 hoc
1301 3349 1620 3440 scriptum
1676 3347 1823 3418 illos
1870 3371 2033 3440 quos
2080 3351 2469 3422 benedicunt
2514 3361 2631 3414 suos
2739 3405 2740 3414 ἢ

407 3485 443 3524 (ε
478 3479 614 3530 esse
674 3461 1029 3551 professos3
1097 3463 1272 3554 quod
1341 3461 1578 3533 falsum
1640 3466 1914 3535 omnino
1966 3472 2085 3551 est,
2154 3475 2217 3537 et
2270 3459 2630 3536 verecundia
2739 3479 2740 3488 ¹

405 3596 441 3637 «
468 3571 683 3640 dicere
732 3576 796 3640 et
837 3573 1176 3642 aestimare.
1231 3571 1380 3643 Non
1422 3574 1604 3644 enim
1652 3583 1747 3644 est
1788 3573 1964 3646 aliud
2008 3577 2080 3646 in
2126 3578 2251 3646 hoc
2299 3577 2418 3645 nisi
2462 3567 2622 3640 testis.
2739 3593 2740 3608 2

407 3712 442 3752 α
469 3686 638 3756 Nam
665 3687 790 3756 hoc
813 3686 989 3778 quod
1013 3687 1256 3757 dicitur
1283 3711 1302 3758 t
1334 3690 1422 3758 In
1436 3691 1803 3782 praesentia
1832 3689 2065 3761 domni
2084 3690 2382 3778 Abbatis,
2414 3706 2532 3756 non
2554 3683 2627 3748 est
2739 3707 2740 3752 1

405 3827 440 3866 «
466 3801 594 3871 nisi
615 3801 1022 3873 confirmatio
1050 3802 1437 3888 donationis,
1464 3807 1637 3876 sicut
1659 3807 1729 3876 in
1758 3805 2017 3899 scriptis
2043 3814 2437 3879 terrenarum
2462 3799 2625 3868 dona·
2739 3863 2740 3866 ,

408 3942 442 3981 α
479 3917 753 4004 tionum,
782 3919 855 3986 in
874 3917 1007 3988 fine
1029 3918 1268 3989 dicitur
1284 3926 1349 3989 et
1375 3920 1809 3992 subscribitur
1834 3947 1854 3993 :
1898 3925 2077 3994 Teste
2102 3924 2256 4003 iste,
2276 3929 2431 3988 teste
2450 3911 2615 3982 illo...
2739 3923 2740 3994 j

405 4057 440 4096 α
468 4029 540 4098 ld
563 4051 712 4101 vero
736 4033 910 4124 quod
938 4034 1008 4102 in
1049 4034 1440 4125 quibusdam
1468 4037 1779 4109 coenobiis
1806 4059 1963 4109 cum
2001 4038 2273 4111 Abbatis
2294 4023 2620 4103 testimonio

407 4171 442 4211 α
465 4145 661 4216 etiam
697 4147 892 4218 totius
938 4151 1456 4243 congregationis
1499 4153 1765 4245 ponitur
1798 4153 1929 4226 ita:
1970 4157 2056 4224 In
2084 4149 2438 4248 praesentia
2461 4140 2619 4214 istius
2739 4249 2740 4264 χ

458 4390 528 4454 (1)
549 4391 696 4456 Apud
724 4392 964 4458 Murteae,
993 4411 1042 4462 p.
1067 4401 1127 4451 85
1153 4404 1205 4451 et
1237 4404 1315 4452 86.
