2834 4959
1083 351 1235 398 PABS
1278 353 1516 410 omma
1527 383 1542 400 .
2308 349 2435 406 5⁴9

157 475 340 548 Ratio
367 473 550 548 enim
603 471 768 562 legis
827 493 960 540 non
987 479 1082 540 est
1153 472 1527 542 solemnitas
1594 480 1915 556 votorum,
1944 473 2053 546 sed
2108 482 2339 546 natura
2374 487 2441 548 et

155 591 462 683 perfectio
497 585 786 676 religiosi
829 593 1048 656 status.
1083 586 1252 656 Cum
1301 608 1455 678 ergo
1484 587 1671 658 dictae
1696 590 2249 680 congregationes,
2304 615 2439 664 non

149 708 442 777 obstante
477 707 796 772 votorum
831 701 1270 792 simplicitate,
1315 703 1455 770 veri
1506 709 1708 773 status
1764 705 2048 794 religiosi
2094 706 2439 777 essentiam

151 820 462 905 habeant,
499 817 620 888 sub
673 817 814 906 lege
861 815 1328 908 comprehendi
1389 817 1727 889 censendas
1762 824 1957 908 sunt;
1992 819 2055 887 id
2114 825 2231 903 est,
2278 841 2439 891 cen-

147 934 370 1004 sendte
419 937 570 1000 sunt
595 931 678 1001 de
707 933 788 1002 iis
820 953 982 1016 esse,
1017 951 1178 1021 quas
1213 932 1463 1022 ingredi
1520 933 1732 1002 valent
1770 934 1984 1004 clerici
2033 931 2275 1023 absque
2318 936 2443 1006 ob-

143 1055 326 1118 tenta
354 1045 656 1139 Episcopi
700 1046 982 1116 licentia.

241 1165 454 1232 Nota.
481 1199 572 1214 -
609 1161 734 1230 llic
771 1159 1186 1253 expendenda
1215 1160 1463 1230 veniret
1500 1163 1791 1253 quoestio,
1822 1185 1915 1233 cm
1956 1165 2256 1254 facultas
2282 1168 2445 1237 reli-

149 1280 420 1370 qionem
489 1275 904 1370 inqrediendi
953 1275 1204 1367 absque
1271 1277 1543 1346 licentia
1598 1277 1942 1369 Episcopi,
2001 1279 2447 1371 intelliqenda

149 1396 356 1464 etiam
380 1394 471 1462 sit
497 1393 576 1462 de
596 1392 896 1486 inqressu
924 1391 1000 1460 in
1015 1413 1124 1460 eas
1145 1393 1705 1482 conqreqationes,
1730 1415 1879 1482 qum
1904 1404 2123 1462 status
2142 1388 2446 1486 reliqiosi

149 1511 508 1580 essentiam
551 1529 684 1577 non
729 1506 1004 1576 habent.
1039 1504 1246 1574 Valde
1269 1506 1535 1594 quidem
1575 1510 1859 1598 practica
1886 1515 1981 1576 est
2000 1507 2267 1598 quoestio
2300 1509 2439 1577 illa.

155 1624 230 1696 In
251 1623 506 1708 Galliis,
547 1624 728 1694 verbi
758 1625 992 1712 gratia,
1028 1643 1164 1692 non
1213 1620 1450 1690 desunt
1476 1621 1797 1712 ejusmodi
1841 1623 2133 1694 virorum
2160 1645 2437 1714 congre·

149 1741 446 1830 gationes
473 1759 620 1828 quae
677 1761 718 1808 a
757 1745 954 1808 status
997 1736 1288 1827 religiosi
1339 1737 1614 1806 essentia
1662 1738 2001 1808 deficiunt.
2047 1737 2233 1810 Tales
2256 1749 2437 1827 sunt,

147 1856 322 1924 inter
349 1855 530 1938 alias,
559 1853 1030 1924 Lazaristarum
1067 1859 1133 1922 et
1163 1851 1683 1944 Sulpitianorum
1724 1852 2011 1922 familiae.
2040 1855 2153 1924 An
2188 1856 2443 1926 valeant

149 1969 414 2046 cleriei,
441 1967 680 2056 absque
702 1966 958 2038 licentia
981 1967 1309 2060 Episcopi,
1339 1969 1431 2036 eis
1458 1987 1696 2038 nomen
1737 1967 1915 2052 dare,
1940 1989 2101 2038 suus
2136 1968 2245 2038 hic
2274 1976 2439 2038 esset

147 2083 423 2152 dicendi
470 2082 675 2153 locus.
731 2081 1353 2154 praetermittendam
1405 2089 1623 2152 tamen
1688 2083 2213 2176 disceptationem
2271 2083 2443 2154 hanc

147 2193 484 2264 duximus.
549 2193 992 2286 Expostularet
1053 2197 1232 2264 enim
1277 2201 1356 2262 ut
1408 2197 1477 2264 in
1524 2202 1923 2266 antecessum
1977 2195 2443 2266 detenninare-

151 2317 298 2392 tur,
343 2329 620 2399 quanam
680 2307 1000 2402 Episcopo
1057 2309 1401 2381 obediendi
1470 2310 1861 2401 obligatione
1916 2311 2443 2402 constringantur

151 2424 418 2508 clerici3
476 2431 542 2494 et
579 2445 746 2496 num
787 2425 1007 2494 clerici
1059 2425 1136 2494 ad
1177 2426 1440 2495 titulum
1476 2427 1849 2519 patrimonii
1893 2427 2175 2498 ordinati
2218 2425 2442 2496 eadem

152 2541 524 2610 afficiantur
561 2561 636 2610 ac
671 2542 720 2610 ii
758 2542 876 2632 qui
904 2539 986 2610 ad
1039 2541 1328 2610 beneficii
1353 2542 1619 2612 titulum
1647 2544 1925 2620 ordinati
1953 2541 2213 2612 fuerint.
2252 2541 2439 2623 Quod

151 2677 316 2724 cum
347 2655 542 2726 nimis
577 2657 650 2726 in
671 2655 944 2747 longum
990 2656 1300 2741 traheret,
1329 2655 1701 2724 solvendam
1745 2659 2165 2745 quaestionem
2210 2657 2441 2726 remit-

153 2770 361 2838 timus
389 2771 470 2839 ad
505 2771 708 2842 alium
732 2776 1080 2841 tractatum
1111 2797 1128 2853 ;
1186 2772 1300 2840 ubi
1338 2791 1575 2862 nempe
1607 2771 2001 2838 disseremus
2024 2770 2103 2838 de
2128 2769 2439 2838 obedien-

153 2887 278 2968 tia,
326 2905 522 2975 quam
562 2885 890 2978 Episcopo
939 2895 1242 2977 praestare
1295 2893 1604 2956 tenentur
1660 2885 1903 2968 cleriei,
1964 2885 2031 2952 in
2086 2882 2439 2972 majoribus

157 3001 520 3070 constituti.

245 3113 628 3187 Paorosmo
663 3117 802 3188 IV·.
846 3155 937 3170 —
971 3119 1148 3188 Casu
1193 3140 1323 3210 quo
1351 3117 1614 3186 ecclesia
1638 3137 1841 3208 qrave
1890 3113 2213 3182 damnum
2248 3126 2439 3204 pate·

153 3245 348 3302 retur
373 3253 456 3300 ex
483 3233 776 3302 transitu
815 3234 1042 3304 clerici
1063 3233 1158 3302 ad
1176 3235 1589 3326 reliqionem,
1618 3242 1837 3324 posset
1874 3253 2027 3300 eum
2068 3230 2441 3323 Episcopus

154 3349 473 3432 repetere,
531 3339 740 3410 etiam
783 3352 939 3432 post
990 3341 1489 3432 professionem.
1556 3378 1648 3392 —
1700 3337 2089 3409 Rau-issimus
2139 3338 2331 3410 hodie
2372 3339 2441 3407 in

159 3455 348 3546 praxi
393 3476 579 3524 casus
631 3455 774 3538 ille;
805 3455 1128 3546 siquidem
1175 3459 1245 3525 in
1297 3457 1519 3525 locum
1548 3454 1769 3524 clerici
1808 3453 2187 3544 religionem
2214 3456 2443 3543 ingre-

158 3573 402 3642 dientis
451 3571 640 3642 facile
675 3578 884 3664 potest
931 3570 1296 3664 Episcopus
1352 3571 1559 3642 alium
1606 3570 2017 3658 substituere,
2046 3571 2163 3659 qui
2204 3589 2447 3638 munus

154 3692 276 3756 aut
321 3685 710 3756 beneficium
750 3687 983 3777 prioris
1011 3693 1192 3780 regat
1225 3714 1242 3757 :
1275 3689 1364 3756 ita
1391 3693 1468 3756 ut
1495 3685 1825 3756 damnum
1853 3686 2015 3756 illud
2038 3706 2239 3778 qrave
2268 3683 2449 3753 haud

155 3804 244 3873 sit
289 3800 902 3890 pertimescendum.
953 3801 1311 3894 Siquando
1359 3810 1577 3872 tamen
1607 3809 2001 3889 occurreret,
2029 3806 2143 3894 J'us
2187 3801 2447 3870 haberet

157 3913 524 4007 Episcopus
559 3915 870 3985 clericum
920 3917 1270 4004 retinendi,
1301 3925 1412 3986 aut
1455 3920 1595 4008 jam
1640 3916 2026 4006 religionem
2079 3917 2445 4005 ingressum

157 4031 534 4100 revocandi.
571 4029 642 4100 ld
682 4030 870 4100 docet
889 4031 1276 4102 Benedictus
1313 4030 1467 4102 XlV
1512 4032 1711 4124 (bulla
1740 4033 1853 4100 Ex
1888 4053 2016 4122 quo
2067 4029 2149 4098 14
2167 4029 2451 4120 januarii

163 4146 370 4238 1747)
421 4147 492 4215 in
551 4147 734 4216 hunc
789 4148 1118 4218 modum:
1165 4176 1200 4216 α
1263 4148 1451 4231 Quod
1504 4169 1655 4216 vero
1689 4147 1799 4238 jus
1844 4149 2035 4216 certis
2086 4146 2157 4214 in
2194 4144 2455 4216 casibus

2504 3867 2553 3918 l

169 4289 208 4330 (1
249 4261 524 4332 certisve
578 4261 660 4332 de
729 4263 938 4332 causis
995 4264 1306 4356 competit
1372 4260 1688 4356 superiori
1742 4261 1989 4332 ordinis
2038 4260 2321 4342 laxioris,
2380 4265 2485 4330 ut·

167 4403 206 4444 a
241 4398 443 4447 suum
486 4375 822 4448 subditum
875 4379 1242 4470 regularem
1297 4378 1378 4448 ad
1424 4379 1807 4448 strictiorem
1858 4377 2155 4450 ordinem
2201 4378 2453 4470 digres-
