2834 4959
1108 383 1261 432 uns
1306 385 1567 445 nunu.
2355 390 2426 447 6¹
2445 394 2480 446 7

210 510 414 599 fiant,
446 504 557 574 vel
576 503 651 573 in
679 504 1182 595 conqreqatione
1212 508 1528 576 canonica
1548 507 1848 599 requlari
1869 509 2157 581 viventes
2183 536 2207 583 :
2227 520 2484 607 proela-

213 625 463 692 tionem
498 640 649 689 vero
668 617 1061 689 nullatenus
1087 620 1399 690 habeant.
1432 622 1702 693 Caeteras
1727 631 1945 695 autem
1985 626 2484 718 irregularitates

213 759 331 831 per
364 735 826 828 professionem
866 756 1000 806 non
1030 736 1297 824 auferri,
1348 745 1446 809 est
1496 740 1810 808 sententia
1854 745 2266 814 communior
2312 747 2484 835 (vide

210 852 527 931 Ferraris,
552 872 705 923 voce
731 850 1093 942 Professio,
1127 874 1195 920 n.
1234 851 1409 943 102).

304 966 415 1035 lv.
440 966 761 1056 Professio
796 964 1065 1035 dirimit
1086 966 1423 1057 sponsalia
1450 979 1515 1037 et
1546 969 2055 1041 matrimonium
2095 986 2327 1042 ratum
2349 996 2484 1042 non

214 1093 775 1151 consummamus.
801 1117 892 1132 -—
918 1078 1199 1159 Constat,
1233 1088 1375 1149 tum
1404 1083 1600 1153 variis
1639 1085 1782 1153 aliis
1810 1086 2110 1173 textibus,
2142 1095 2284 1156 tum
2315 1111 2482 1179 prae—

212 1201 401 1293 cipue
446 1198 825 1268 Tridentino
876 1198 1145 1291 (canone
1176 1198 1219 1267 6
1244 1200 1538 1269 sessionis
1562 1201 1652 1270 24
1703 1201 1784 1272 de
1831 1204 2316 1295 Matrimonia),
2355 1227 2484 1295 quo

218 1316 314 1385 sic
340 1315 709 1384 decernitur
754 1337 773 1382 z
840 1338 875 1378 α
922 1312 993 1383 Si
1036 1313 1185 1404 quis
1237 1314 1470 1385 dixerit
1527 1318 2022 1388 matrimonium
2075 1326 2294 1389 ratum
2344 1342 2478 1390 non

225 1456 262 1497 (ε
288 1435 837 1533 consummatum,
880 1450 997 1523 per
1030 1430 1387 1500 solemnem
1434 1432 1769 1522 religionis
1815 1434 2280 1524 professionem
2327 1436 2484 1505 alte-

231 1572 267 1614 «
289 1546 425 1617 rius
450 1548 809 1638 conjugum
832 1566 965 1615 non
991 1536 1245 1631 dirimi,
1268 1547 1613 1617 anathema
1636 1549 1742 1617 sit.
1773 1572 1810 1615 n

305 1661 623 1731 Effectum
684 1662 865 1731 hunc
926 1682 1058 1730 non
1114 1662 1305 1731 habet
1348 1684 1682 1733 sacrorum
1743 1663 2052 1732 ordinum
2099 1666 2418 1755 susceptio
2465 1691 2482 1736 ε

219 1778 469 1846 dirimit
493 1798 727 1869 nempe
749 1777 1156 1847 solummodo
1177 1777 1517 1868 sponsalia,
1561 1799 1692 1846 non
1745 1784 1960 1859 autem
1991 1781 2484 1854 matrimonium

234 1917 269 1957 α
294 1897 507 1960 ratum
532 1913 665 1962 non
701 1898 1225 1961 consummatum
1252 1917 1271 1976 ;
1299 1900 1494 1984 prout
1518 1894 1813 1963 definivit
1837 1892 2111 1962 Joannes
2139 1892 2352 1980 xxn,
2385 1895 2486 1965 his

222 2004 437 2073 verbis
477 2028 495 2075 ε
536 2030 573 2071 «
608 2004 791 2075 Licet
823 2012 1045 2077 votum
1094 2008 1582 2077 solemnizatum
1637 2029 1754 2100 per
1804 2007 1971 2077 sacri
2015 2008 2486 2098 susceptionem

231 2120 560 2206 «ordinis,
592 2127 909 2213 quantum
953 2124 1034 2193 ad
1088 2122 1577 2215 impediendum
1617 2122 2163 2205 contrahendum,
2198 2144 2272 2192 ac
2327 2123 2488 2192 diri-

226 2260 263 2301 «
290 2236 631 2322 mendum,
665 2239 719 2307 si
746 2243 888 2329 post
912 2244 1315 2310 contractum
1353 2240 1571 2325 fuerit,
1605 2240 1688 2309 sit
1726 2240 1950 2309 efficax
1995 2239 2431 2331 reputandum
2464 2266 2483 2327 3

229 2376 264 2417 ι(
292 2351 372 2420 ad
406 2352 887 2424 dissolvendum
924 2359 1138 2426 tamen
1166 2357 1350 2453 prius
1384 2361 1818 2444 contractum,
1847 2356 2250 2445 etiamsilper
2277 2355 2490 2423 carnis

224 2493 261 2558 ρ(
287 2469 587 2560 copulam
652 2491 785 2539 non
832 2470 1027 2539 fuerit
1074 2480 1602 2543 consummatum
1653 2472 1836 2565 (cum
1879 2493 2002 2543 nec
2045 2472 2198 2561 jure
2237 2470 2487 2557 divino,

226 2608 263 2647 <a
291 2605 412 2652 nec
438 2606 551 2676 per
594 2606 804 2653 sacros
851 2605 1129 2655 canones
1158 2588 1518 2676 reperiatur
1557 2588 1682 2655 hoc
1733 2586 2074 2675 statutum)
2128 2586 2488 2656 invalidum

166 2778 172 2785 ι
229 2722 265 2764 α
292 2718 425 2767 csse
462 2698 883 2781 censendum.
917 2723 953 2765 n
990 2696 1354 2787 (Extravag.
1392 2700 1732 2789 Antiquoe,
1782 2699 1861 2767 de
1917 2704 2078 2769 Voto
2115 2712 2180 2767 et
2211 2700 2356 2767 voti
2384 2723 2487 2767 re-

222 2812 651 2905 demptione.)

318 2930 399 3001 V.
431 2931 753 3021 Prosessio
786 2930 1029 3001 liberat
1064 2932 1432 3023 professum
1476 2952 1519 2997 a
1556 2928 1788 3020 patria
1815 2938 2166 3018 potestate.
2201 2965 2294 2980 -
2338 2926 2490 2995 Esse

222 3046 391 3115 hanc
422 3047 785 3117 doctrinam
813 3068 852 3116 a
876 3046 1249 3117 doctoribus
1272 3044 1712 3115 communiter
1746 3049 2096 3134 receptam,
2129 3047 2192 3110 et
2216 3040 2490 3109 omnino

223 3162 601 3251 tenendam,'
625 3162 772 3232 vide
818 3163 991 3254 apud
1032 3160 1319 3231 Ferraris
1360 3160 1538 3253 (voce
1590 3158 1954 3250 Professio,
2001 3179 2071 3225 n.
2132 3156 2309 3248 106).
2364 3154 2490 3225 Lex

222 3278 545 3347 saecularis
575 3298 719 3369 quae
746 3279 1147 3349 contrarium
1178 3277 1565 3369 disponeret,
1591 3297 1710 3369 pro
1741 3273 1922 3344 nulla
1961 3277 2125 3342 esset
2151 3272 2483 3355 habenda3
2535 3352 2547 3376 .

226 3390 402 3459 unde
427 3400 744 3483 parentes,
788 3394 905 3482 qui
952 3391 1272 3479 ejusmodi
1312 3390 1606 3479 saeculari
1643 3390 1786 3479 lege
1833 3388 2069 3477 innixi,
2133 3386 2348 3458 filium
2379 3394 2492 3456 aut

224 3506 429 3576 filiam
479 3530 689 3596 suam,
733 3514 871 3598 post
912 3508 1213 3577 emissam
1267 3506 1754 3597 professionem,
1803 3526 1838 3575 e
1903 3513 2224 3574 conventu
2280 3508 2486 3572 extra-

221 3614 477 3703 herent,
502 3614 956 3705 proculdubio
988 3617 1270 3706 graviter
1310 3618 1682 3706 peccarent3
1724 3634 1843 3682 nec
1882 3618 2142 3704 possent
2181 3610 2249 3677 in
2277 3608 2492 3676 tribu-

224 3730 360 3798 nali
393 3730 787 3819 poenitentiae
807 3730 1075 3815 absolvi,
1101 3730 1225 3799 nisi
1249 3749 1286 3797 a
1311 3718 1426 3797 tali
1454 3730 1768 3819 injustitia
1794 3728 2190 3798 desisterent.

322 3843 433 3911 VI.
470 3843 811 3935 Quidquid
821 3845 1109 3937 acquirit
1129 3843 1472 3936 reliqiosus
1489 3857 1652 3935 post
1669 3844 2166 3938 professionem,
2188 3863 2321 3910 non
2339 3838 2490 3920 sibi,

224 3956 343 4031 sed
362 3960 783 4064 ‘monasterio
814 3960 1099 4051 acquirit
1111 3980 1140 4044 ;
1194 3958 1389 4029 modo
1424 3971 1647 4029 tamen
1687 3958 1916 4050 reliqio
1959 3957 2040 4026 de
2085 3956 2167 4024 iis
2213 3954 2299 4023 sit
2349 3975 2496 4044 quoe

218 4083 511 4167 possunt
522 4072 849 4166 possidere
877 4075 951 4143 in
982 4074 1339 4145 communi.
1372 4074 1558 4144 —ld
1589 4078 1825 4167 pariter
1869 4079 1965 4144 est
2013 4079 2189 4141 extra
2229 4089 2497 4139 omnem
2606 4060 2615 4065 ’
2722 4068 2736 4081 ’

228 4190 725 4260 controversiam
785 4190 1095 4283 positum.
1148 4192 1317 4261 Cum
1360 4197 1578 4261 autem
1629 4191 1864 4259 dentur
1903 4188 2162 4260 ordines
2209 4186 2495 4277 religiosi

232 4304 439 4397 (verbi
469 4307 697 4397 gratia,
736 4304 1090 4397 Capuccini
1122 4314 1187 4411 ⁰⁴,
1210 4306 1488 4376 Minores
1532 4306 1612 4376 de
1639 4303 2094 4397 observantia),
2143 4305 2260 4395 qui
2292 4322 2500 4393 neque

228 4422 423 4490 etiam
455 4423 525 4491 in
551 4424 890 4493 communi
917 4422 1241 4513 possidere
1261 4426 1549 4512 possunt,
1582 4421 1837 4514 exurgit
1859 4421 2154 4513 quoestio,
2197 4419 2277 4489 ad
2301 4438 2496 4510 quem
