2834 4959
1070 343 1225 396 uns
1272 347 1563 398 summm.
2339 351 2462 408 235

284 463 351 532 ΙΙ.
382 463 653 534 Necesse
704 486 835 534 non
878 473 972 534 est
1008 474 1082 537 ut
1107 471 1504 560 exprimatur
1529 472 1802 562 triplicis
1845 475 1974 542 voti
2015 479 2452 567 perpetuitas,

203 581 370 650 modo
414 588 633 648 tamen
686 583 1077 650 contrarium
1134 605 1265 652 non
1309 585 1584 654 dicatur.
1655 585 1823 655 Nam
1876 589 2135 678 quando
2195 592 2273 658 de
2319 603 2460 666 voto

200 697 445 788 triplicis
468 693 725 763 consilii
772 697 1126 786 evangelici
1168 701 1415 768 mentio
1455 701 1530 768 fit
1566 701 1989 793 simpliciter,
2026 705 2096 772 id
2144 713 2262 794 est,
2292 709 2462 777 nihil

198 811 483 891 addendo,
546 808 935 896 intelligitur
987 812 1067 880 de
1140 819 1287 882 voto
1342 812 1664 900 absoluto,
1727 837 1811 886 ac
1879 819 2150 907 proinde
2220 844 2455 912 perpe-

200 933 327 995 tuo.
2159 939 2168 946 '

292 1040 393 1108 lII.
434 1039 586 1107 ltem
634 1059 891 1108 necesse
944 1061 1079 1110 non
1133 1048 1225 1111 est
1266 1045 1650 1134 exprimere,
1713 1051 1856 1114 vota
1905 1048 2274 1139 recipienda
2323 1050 2457 1120 fore

208 1155 448 1225 nomine
486 1155 1003 1244 congregationis
1048 1163 1111 1224 et
1155 1158 1424 1227 nomine
1461 1158 1604 1243 Dei,
1640 1160 1724 1229 ab
1773 1161 1997 1253 aliquo
2041 1165 2121 1232 ad
2163 1165 2228 1232 id
2277 1173 2458 1256 pote-

207 1275 433 1340 statem·
474 1269 787 1355 habente3
852 1271 1047 1340 modo
1102 1276 1322 1340 tamen
1376 1276 1780 1342 contrarium
1843 1297 1978 1346 non
2033 1280 2451 1369 exprimatur.

206 1389 356 1458 Nam
404 1389 659 1478 quando
703 1387 1021 1477 permittit
1066 1389 1244 1459 sedes
1296 1391 1670 1482 Apostolica
1723 1400 1868 1462 vota
1913 1395 1986 1462 in
2037 1395 2252 1486 aliqua
2305 1419 2455 1467 con-

203 1504 541 1591 gregatione
588 1503 759 1587 fieri,
824 1510 1127 1574 censetur
1172 1505 1541 1576 facultatem
1593 1510 1800 1578 facere
1851 1510 2126 1602 hujusce
2181 1506 2456 1602 congress

196 1618 445 1705 gationis
495 1618 817 1708 superiori
886 1623 1033 1686 vota
1078 1618 1191 1688 illa
1246 1626 1308 1690 et
1370 1620 1806 1713 traditionem,
1859 1647 1990 1715 qua
2055 1648 2292 1696 vovens
2337 1627 2452 1695 Dei

197 1733 433 1802 servitio
484 1755 615 1802 sese
668 1733 1028 1824 mancipat,
1090 1733 1213 1804 rite
1275 1735 1679 1826 acceptandi.
1732 1737 1812 1805 In
1882 1739 2186 1826 pluribus
2233 1749 2452 1812 tamen

198 1845 381 1916 bullis
430 1869 623 1916 novas
668 1849 1192 1938 congregationes
1242 1850 1787 1940 approbantibus,
1843 1873 2207 1941 expressam
2263 1877 2452 1944 repe-

202 1963 324 2030 ries
368 1963 711 2034 facultatem
767 1966 943 2034 hanc
992 1970 1139 2034 vota
1197 1965 1581 2056 recipiendi,
1631 1966 2074 2055 superioribus
2117 1969 2454 2058 approbati

200 2080 338 2148 novi
386 2081 651 2150 instituti
698 2103 1103 2152 concessam.
1154 2081 1343 2164 Quod
1396 2104 1518 2172 ego
1573 2088 1730 2172 puto
1783 2083 1864 2151 ad
1915 2082 2119 2152 tutius
2165 2084 2445 2174 apponi3

198 2211 323 2262 non
358 2203 567 2266 autem
614 2197 791 2288 quod
838 2199 1110 2266 omnino
1159 2197 1592 2268 necessarium
1641 2197 1746 2284 sit,
1786 2202 1862 2266 ut
1889 2219 2134 2266 novum
2184 2199 2452 2270 institu-

198 2317 325 2381 tum
346 2314 625 2404 religiosi
676 2320 877 2382 status
904 2315 1245 2383 essentiam
1285 2314 1539 2384 habeat.
1593 2313 1780 2384 Sicut
1819 2315 2012 2384 etiam
2061 2313 2450 2404 quandoque

196 2429 257 2495 in
282 2430 748 2520 approbationis
788 2429 1069 2497 formula
1090 2431 1381 2520 ponitur,
1414 2437 1560 2499 vota
1587 2431 1656 2498 in
1711 2451 1878 2500 novo
1933 2430 2226 2498 instituto
2253 2429 2450 2526 emit·-

195 2543 387 2629 tenda,
414 2547 548 2615 fore
578 2544 1070 2614 substantialia
1106 2545 1444 2634 reliqz'onis
1479 2550 1622 2612 vota
1652 2571 1669 2612 z
1712 2565 1862 2633 quae
1889 2543 2155 2633 quidem
2207 2545 2446 2614 locutio

201 2655 415 2744 optima
464 2665 559 2728 est
614 2658 694 2725 ad
732 2657 1135 2746 arguendam
1199 2658 1272 2723 in
1338 2675 1508 2724 novo
1557 2655 1846 2722 instituto
1897 2659 2096 2723 status
2163 2656 2451 2747 religiosi

206 2773 507 2842 essentiam
540 2797 563 2858 ;
594 2795 729 2842 non
756 2779 977 2842 tamen
1015 2773 1095 2840 ad
1119 2769 1188 2839 id
1219 2771 1574 2840 necessaria
1602 2773 1719 2855 est,
1747 2789 1901 2836 cum
1929 2771 2128 2858 possit
2172 2769 2346 2835 idem
2377 2792 2450 2837 cx

208 2885 335 2954 aliis
351 2891 545 2959 verbis
588 2890 991 2958 sufficienter
1014 2891 1329 2957 constare.

290 3001 383 3073 [v.
426 3003 699 3077 Necesse
764 3025 899 3074 non
946 3011 1039 3074 est
1092 3003 1396 3094 exprimi,
1455 3007 1602 3070 vota
1650 3000 1784 3070 fore
1844 2999 2202 3091 simplicia,
2259 2998 2450 3068 modo

202 3121 389 3188 tamen
414 3120 615 3188 nullae
660 3117 872 3188 adsint
900 3137 1087 3186 voces
1133 3137 1279 3205 quae
1310 3136 1542 3184 eorum
1569 3111 2042 3182 solemnitatem
2079 3111 2442 3178 enuntient.

198 3228 352 3303 Nam
388 3237 705 3327 superiori
749 3232 1155 3326 paragrapho
1196 3229 1628 3317 firmavimus,
1655 3229 2035 3316 religiosum
2075 3224 2450 3294 institutum

202 3365 331 3415 non
372 3352 757 3422 censendum
800 3370 933 3418 esse
968 3345 1399 3442 approbatum
1449 3365 1606 3415 cum
1655 3343 1818 3412 votis
1863 3339 2285 3424 solemnibus,
2320 3340 2448 3408 nisi

196 3458 269 3526 id
292 3467 683 3555 cxlx-imatur.
716 3467 893 3558 Ergo
942 3466 999 3534 si
1054 3485 1187 3533 non
1245 3463 1646 3552 exprimatur
1691 3465 1990 3528 votorum
2042 3458 2447 3536 solemnitas,

192 3573 311 3647 hoc
332 3579 463 3672 ipso
498 3605 619 3672 pro
654 3579 1061 3673 simplicibus
1096 3576 1395 3646 habenda
1421 3580 1638 3645 erunt.
1681 3573 1854 3664 Ergo
1907 3578 1982 3640 ut
2027 3573 2154 3669 sint
2191 3565 2448 3656 simpli·-

186 3693 309 3780 cia,
336 3718 581 3768 neccsse
608 3705 744 3770 no’n
774 3704 871 3768 cst
896 3696 1023 3767 hoc
1046 3694 1351 3786 exprimi,
1378 3691 1492 3762 sed
1519 3690 1755 3762 sufficit
1785 3697 2014 3760 utnon
2051 3685 2448 3778 exprimatur

190 3815 593 3886 contrarium.
