2834 4959
379 239 460 294 62
947 243 1290 293 moruus
1343 245 1424 292 DE.
1467 244 1618 292 sum-2
1663 239 2079 290 menmium.

465 367 636 438 Hinc
663 368 956 456 sequitur
1005 366 1513 458 prohibitionem
1569 363 1780 456 quoad
1830 366 2069 430 statum
2115 357 2502 448 religiosum
2552 364 2649 430 in-

371 482 788 572 telligendam
836 503 970 550 esse
1022 481 1188 550 s'icut
1216 483 1758 572 impedimentum
1799 476 2115 545 dirimens
2162 474 2381 563 quoad
2434 479 2645 545 matri-

375 599 698 668 monium.
727 596 785 666 N
793 598 868 666 isi
897 597 1180 688 Ecclesia
1212 599 1507 666 edixisset
1556 593 2097 686 impedimentum
2124 589 2451 658 dirimens
2477 592 2643 660 clan-

373 715 775 798 destinitatis,
827 735 1053 780 verum
1092 717 1155 780 et
1200 713 1492 779 validum
1552 711 1711 778 foret
1758 705 2258 774 matrimonium
2316 704 2644 775 clandesti-

375 853 558 898 num.
595 829 839 898 Pariter
887 830 1014 896 nisi
1061 826 1344 896 Ecclesia
1386 825 1825 918 prohibuisset
1881 829 2079 890 status
2126 822 2469 910 religiosos
2525 847 2643 891 non

375 945 781 1036 approbatos,
837 945 970 1010 veri
1020 950 1083 1010 et
1135 942 1332 1010 validi
1357 941 1567 1008 forent
1594 939 1689 1006 illi
1719 944 1920 1005 status
1946 935 2230 1026 religiosi
2256 935 2501 1024 absque
2526 935 2645 1004 ulla
2779 985 2780 1020 3

377 1060 831 1151 approbatione
859 1111 878 1144 ,
949 1059 1141 1126 modo
1219 1056 1528 1124 baberent
1601 1055 1753 1122 alias
1826 1052 2225 1120 conditiones
2304 1053 2387 1118 ad
2448 1072 2645 1120 essen-

376 1176 535 1242 tiam
597 1181 794 1242 status
845 1173 1130 1262 religiosi
1197 1173 1605 1240 necessarias.
1666 1167 1747 1238 Et
1783 1169 1949 1236 sicut
2002 1167 2073 1234 in
2128 1167 2473 1257 hypothesi
2524 1190 2645 1236 non

378 1293 702 1360 existentis
755 1289 1203 1382 impedimenti
1248 1287 1801 1370 clandestinitatis,
1834 1306 2064 1352 verum
2100 1285 2282 1352 adest
2330 1286 2647 1352 matrimo-
2779 1269 2780 1314 l

379 1407 591 1490 nium,
616 1405 776 1494 quin
829 1403 1114 1472 Ecclesia
1162 1403 1322 1471 illud
1355 1403 1621 1492 positive
1670 1400 2011 1490 approbet;
2068 1401 2159 1467 ita
2206 1401 2279 1466 in
2328 1399 2647 1490 hypothesi

361 1522 553 1612 quod
601 1541 734 1587 non
785 1522 1010 1587 existat
1043 1519 1214 1588 dicta
1269 1518 1618 1608 probibitio
1677 1517 1888 1606 quoad
1944 1521 2183 1584 statum
2252 1514 2640 1604 religiosum,

381 1658 575 1705 verus
599 1644 693 1704 est
723 1640 918 1704 status
949 1634 1287 1724 religiosus
1312 1633 1555 1724 absque
1594 1633 1725 1700 ulla
1769 1633 2033 1723 positiva
2054 1630 2384 1700 Ecclesiae
2432 1651 2642 1720 appro-

381 1751 660 1820 batione.

473 1864 659 1936 Unde
689 1866 945 1934 tandem
976 1866 1324 1935 dicendum
1356 1865 1612 1933 videtur
1640 1865 1717 1933 ad
1750 1870 1949 1933 status
1990 1863 2279 1952 religiosi
2328 1862 2645 1932 essentiam

381 1979 628 2067 requiri
655 1975 919 2067 quidem
947 1988 1020 2044 ut
1055 1977 1246 2045 illum
1275 1977 1563 2044 Ecclesia
1588 1997 1719 2043 non
1744 1975 2085 2067 prohibeat
2110 1999 2127 2058 3
2154 1977 2267 2044 sed
2298 1975 2645 2042 nullatenus

383 2092 630 2180 requiri
654 2100 729 2158 ut
754 2093 944 2158 illum
980 2093 1249 2180 positive
1279 2091 1614 2181 approbet.

481 2207 693 2274 Hodie
728 2213 947 2273 autem
982 2205 1095 2274 illa
1123 2208 1411 2295 quaestio,
1450 2229 1533 2274 an
1586 2206 1959 2297 approbatio
2004 2207 2084 2274 ad
2134 2205 2427 2297 religiosi
2470 2208 2645 2272 status

386 2319 809 2390 substantiam
838 2318 1175 2409 pertineat,
1213 2341 1390 2389 mere
1415 2320 1703 2389 theorica
1732 2327 1827 2388 est
1864 2344 1881 2390 z
1935 2319 2263 2411 siquidem
2292 2327 2535 2389 certum
2566 2321 2644 2382 est

379 2441 777 2534 jamdudum
809 2455 814 2460 “
850 2440 1174 2532 prohibita
1228 2442 1421 2512 fuisse
1458 2443 1698 2534 ‚omnia
1764 2445 2058 2512 instituta
2137 2445 2465 2535 religiosa,
2538 2441 2645 2508 hoc

389 2559 530 2649 ipso
569 2559 739 2648 quod
783 2557 1306 2649 approbationem
1350 2580 1482 2627 non
1515 2560 1939 2628 obtinuerint.
1986 2559 2079 2628 Ita
2124 2566 2202 2627 ut
2238 2560 2320 2627 de
2348 2561 2508 2628 facto
2534 2555 2642 2622 ho-

387 2674 494 2742 die
521 2679 800 2764 nequeat
828 2674 1061 2752 adesse,
1089 2673 1379 2763 religiosi
1436 2682 1634 2744 status
1686 2679 1983 2760 essentia,
2036 2675 2161 2743 nisi
2216 2675 2385 2742 adsit
2436 2692 2643 2761 appro-

389 2789 580 2858 batio.
625 2789 746 2858 Sed
788 2790 912 2857 boc
954 2791 1247 2880 provenit
1272 2811 1347 2859 ex
1370 2792 1522 2880 jure
1570 2813 1746 2859 mere
1782 2790 2240 2873 ecclesiastic03
2284 2811 2417 2857 non
2446 2791 2640 2855 autem

387 2925 463 2973 ex
483 2907 632 2995 jure
654 2905 902 2984 divino,
933 2925 1047 2972 seu
1075 2925 1151 2972 ex
1187 2906 1324 2995 ipsa
1345 2904 1628 2993 religiosi
1654 2910 1853 2973 status
1879 2911 2133 2973 natura.
2158 2901 2349 2973 Unde
2376 2904 2429 2971 si
2453 2899 2643 2969 Eccle-

389 3022 482 3090 sia
508 3021 677 3087 hanc
703 3041 887 3088 suam
920 3018 1130 3110 legem
1156 3019 1609 3108 prohibentem
1640 3025 1992 3104 revocaret,
2025 3021 2243 3087 denuo
2273 3022 2480 3110 posset
2504 3013 2644 3082 exis-

389 3142 524 3204 tere
559 3155 748 3203 verus
801 3141 998 3202 status
1045 3134 1384 3222 religiosus
1426 3133 1668 3224 absque
1721 3134 1889 3202 dicta
1944 3135 2449 3227 approbatione:
2498 3131 2643 3197 sicut

389 3250 681 3319 validum
718 3252 931 3319 denuo
983 3249 1142 3318 foret
1191 3249 1681 3316 matrimonium
1726 3247 2228 3334 clandestinum,
2288 3247 2343 3317 si
2382 3241 2641 3314 Ecclesia

393 3362 914 3432 clandestinitatis
953 3363 1495 3452 impedimentum
1516 3364 1831 3432 dirimens
1855 3360 2125 3432 tolleret.

481 3475 663 3546 Nota
695 3477 756 3544 1.
789 3513 878 3528 —
903 3475 1398 3550 Conclusionem
1439 3484 1725 3546 nostram
1766 3479 2075 3563 defendit,
2126 3479 2295 3547 inter
2342 3478 2519 3560 alica,
2548 3489 2640 3537 ve-

394 3601 698 3670 nerabilis
724 3599 1157 3668 Bellarminus
1197 3597 1300 3689 (de
1325 3601 1686 3689 Monac-hia,
1711 3624 1768 3670 c.
1809 3602 1876 3686 4,
1910 3601 2032 3670 col.
2066 3600 2224 3689 431,
2261 3603 2412 3671 edit.
2450 3593 2642 3684 lugol-

397 3717 629 3808 stad.):
665 3742 700 3784 α
749 3715 974 3784 Oritur
1020 3713 1146 3781 hoc
1196 3715 1364 3799 loco,
1423 3717 1659 3806 inquit,
1720 3716 1928 3784 brevis
1973 3719 2273 3807 quaedam
2326 3711 2635 3788 dubitatis,

408 3851 548 3898 «an
598 3833 990 3921 religionum
1043 3829 1358 3898 institutio
1405 3831 1610 3899 libera
1644 3832 1748 3916 sit,
1820 3853 1903 3900 an
1954 3854 2103 3900 vero
2170 3839 2351 3922 egeat
2404 3821 2637 3898 Summi

407 3973 442 4010 ι(
471 3945 798 4015 pontificis
829 3945 1370 4034 confirmatione3
1415 3946 1524 4013 sed
1579 3945 1781 4014 facilis
1818 3952 1914 4014 est
1950 3947 2209 4015 solutio.
2270 3944 2411 4013 Duo
2456 3935 2639 4029 siqui·

413 4088 446 4124 (ι
472 4059 714 4127 demin
747 4064 929 4130 omni
957 4059 1273 4149 religione
1318 4061 1793 4131 inveniunturt
1844 4062 2117 4130 essentia
2143 4063 2281 4153 ipsa
2308 4051 2636 4146 religionis„

413 4201 448 4240 «
477 4196 622 4264 quae
657 4176 730 4242 in
764 4176 969 4244 tribus
1007 4175 1170 4242 votis
1193 4176 1312 4241 sita
1359 4183 1493 4256 est;
1546 4183 1609 4242 et
1657 4175 2107 4245 determinatio
2159 4179 2339 4244 illius
2384 4165 2639 4240 esseutiae

411 4315 446 4354 α
473 4291 554 4358 ad
583 4297 836 4359 certum
863 4293 1131 4360 modum
1162 4290 1467 4379 gvivendi.
1522 4291 1601 4358 Et
1652 4293 1915 4381 quidem
1964 4294 2235 4361 essentia
2276 4285 2633 4376 religionum
