2834 4959
1076 374 1229 424 mas
1272 376 1512 423 raam.
2310 374 2430 431 47¹

142 502 329 571 riam
350 498 524 568 anni
551 495 751 581 1836,
786 495 1189 587 Trappistas
1212 497 1438 589 Belqii
1460 498 1828 590 respiciens.
1857 537 1948 553 —
1983 524 2019 564 α
2045 498 2242 571 Sacra
2267 502 2442 575 Con-

149 642 185 683 «
212 614 515 709 gregatio
540 612 817 702 negotiis
844 616 906 679 et
960 612 1542 683 consultationibus
1579 612 2050 707 Episcopornm
2097 624 2157 685 et
2185 618 2442 708 regula-

148 758 185 797 «
222 730 413 801 rium
461 728 827 821 praeposita,
890 727 1171 818 acceptis
1229 728 1773 819 postulationibus
1836 727 2042 800 Patris
2101 731 2336 822 prioris
2382 742 2444 805 et

150 872 186 913 α
226 844 707 915 monachorum
738 841 1113 911 monasterii
1146 840 1666 913 Westmallensis
1703 844 1948 917 ordinis
1969 844 2438 939 Cisterciensis,

148 987 189 1029 ι
221 958 749 1051 congregationis
796 956 1007 1029 Beatae
1054 955 1275 1029 Mariae
1331 958 1411 1028 de
1441 956 1719 1051 Trnppa,
1751 961 1822 1029 in
1863 960 2124 1030 dioecesi
2181 960 2471 1031 Mecbliw

150 1103 187 1144 ι
232 1074 477 1155 niensi,
508 1080 570 1143 et
598 1073 861 1163 cognito
888 1073 1269 1144 eorumdem
1292 1073 1772 1143 monachorum
1802 1074 2018 1145 studio
2042 1076 2112 1145 in
2153 1078 2442 1147 curanda

154 1218 195 1258 α
231 1190 649 1283 prosperitate
676 1188 883 1279 ipsius
910 1188 1161 1259 ordinis
1188 1192 1252 1257 et
1272 1188 1620 1281 disciplina
1641 1189 1926 1281 regulari
1957 1191 2222 1278 tuenda,
2251 1198 2444 1284 atque

153 1332 194 1374 ι
232 1303 553 1377 omnibus
576 1304 803 1375 sedulo
831 1304 1309 1395 diligenterque
1331 1303 1668 1397 perpensis
1707 1306 1778 1374 in
1810 1304 2096 1395 generali
2120 1306 2439 1381 auditorio

150 1449 191 1491 α
228 1420 368 1493 diei
394 1420 469 1491 11
506 1421 721 1489 martii
760 1419 959 1509 1836,
990 1419 1211 1489 statuit
1234 1425 1295 1488 et
1316 1418 1599 1489 decrevit
1627 1428 1818 1511 prout
1845 1422 2132 1512 sequitur
2163 1446 2181 1491 z

252 1562 293 1605 α
323 1538 383 1605 1.
445 1535 992 1627 Archiepiscopus
1030 1533 1512 1605 Mecbliniensis
1568 1536 2034 1606 monasterium
2091 1537 2446 1608 Westmal-

157 1680 193 1721 ι
230 1654 411 1726 leuse
471 1651 719 1722 ordinis
780 1650 1224 1721 cisterciensis
1278 1652 1618 1722 strictioris
1675 1652 2126 1734 observantiae,
2193 1654 2445 1723 sublata

158 1796 197 1837 α
230 1768 549 1861 qualitate
594 1774 657 1836 et
684 1768 1111 1860 praerogativa
1153 1766 1534 1860 prioratus,
1573 1768 1643 1835 in
1683 1766 1947 1835 titulum
1976 1766 2294 1850 abbatioe,
2343 1771 2447 1838 vel

142 1892 197 1951 ‘n
243 1904 369 1973 per
428 1903 495 1949 se
554 1881 665 1949 vel·
707 1903 817 1973 per
862 1880 1062 1951 aliam
1106 1902 1452 1972 personam
1512 1882 1582 1949 in
1635 1878 2080 1952 ecclesiastica
2127 1881 2442 1970 dignitate

158 2025 201 2066 α
242 1995 681 2079 constitutam,
714 1994 909 2065 elevet
958 2016 1113 2065 cum
1147 1995 1456 2065 omnibus
1493 1994 1776 2086 juribus,
1815 1994 2191 2085 privilegiis,
2233 1996 2441 2063 bono·

158 2137 195 2178 ι
234 2111 453 2191 ribus,
493 2108 1083 2201 jurisdictionibus,
1110 2116 1175 2179 et
1215 2109 1526 2179 omnibus
1566 2130 1743 2200 quae,
1765 2113 1826 2177 et
1869 2104 2253 2201 Apostolicis
2277 2128 2441 2177 con-

160 2253 199 2294 «
238 2227 681 2298 stitutionibus
730 2232 797 2295 et
858 2224 1088 2317 regula
1141 2224 1415 2312 ordiniS,
1461 2225 1542 2295 ad
1607 2225 1906 2295 ecclesias
1961 2223 2310 2294 abbatiales
2380 2230 2444 2292 et

164 2369 203 2409 α
234 2342 499 2413 abbates
523 2348 831 2436 spectant.
1038 2410 1047 2417 .

256 2486 295 2527 ι
334 2460 407 2531 2.
466 2458 607 2530 Hoc
645 2458 1141 2548 monasterium,
1192 2464 1257 2528 et
1304 2458 1556 2549 reliqua
1581 2460 1652 2527 in
1693 2456 1918 2547 Belgio
1937 2462 2163 2527 'erecta
2193 2454 2290 2523 vel
2313 2455 2441 2523 eri-

164 2599 203 2641 ι
254 2574 493 2668 genda‚
548 2574 941 2666 peculiarem
995 2572 1560 2663 congregationem
1622 2592 1776 2639 cum
1831 2577 1962 2640 toto
2007 2570 2232 2639 ordine
2280 2589 2440 2639 con-

166 2716 205 2757 α
244 2692 539 2779 junctam
616 2688 1009 2761 constituent
1032 2740 1051 2775 ,
1122 2683 1231 2757 cui
1324 2688 1650 2777 praeerunt
1729 2682 1988 2752 abbates
2067 2687 2440 2754 monasterii

170 2832 209 2873 ι
248 2803 767 2876 Westmallensis
817 2782 1125 2873 canonice
1170 2798 1381 2889 electi,
1425 2798 1521 2869 uti
1575 2795 1802 2865 vicarii
1857 2797 2187 2885 generales
2238 2795 2440 2864 Patris

170 2946 207 2987 α
246 2918 537 3011 praesidis
586 2918 905 3011 generalis
930 2916 1179 2987 ordinis
1221 2912 1774 2997 cisterciensium,
1799 2911 1914 3002 qui
1956 2912 2026 2980 in
2065 2910 2238 2981 Urbe
2267 2930 2446 2979 com·

172 3060 209 3101 «
248 3041 561 3104 moratur.
1188 3084 1199 3093 -

264 3175 301 3217 κ
334 3149 401 3221 3.
448 3149 589 3241 lpse
614 3148 813 3219 abbas
853 3144 1396 3228 Westmallensis,
1427 3153 1492 3213 et
1545 3144 1759 3213 caeteii
1800 3140 2060 3212 abbates
2100 3146 2163 3209 et
2203 3141 2448 3230 priores

174 3293 211 3333 α
258 3266 805 3341 monasteriorum
835 3284 983 3355 quae
1004 3262 1076 3331 in
1100 3261 1322 3351 Belgio
1358 3257 1623 3329 fundata
1679 3263 1855 3343 sunt,
1881 3256 1983 3325 vel
2013 3257 2081 3325 in
2121 3262 2450 3346 posterum

175 3407 212 3448 α
256 3378 733 3467 fundabuntur,
754 3382 935 3469 Juxta
984 3377 1325 3447 canonicas
1384 3374 1642 3464 regulas
1693 3380 1756 3442 et
1804 3372 2293 3442 constitutiones
2349 3394 2452 3441 or-

181 3532 216 3571 «
262 3506 437 3606 dinis
476 3504 828 3595 eligantur,
856 3510 919 3571 et
948 3501 1261 3571 abbatum
1289 3497 1516 3568 electio
1543 3518 1580 3566 a
1605 3493 1874 3588 praeside
1894 3496 2174 3586 generali
2204 3495 2453 3564 ordinis

180 3642 214 3683 ιι
248 3614 691 3687 cisterciensis
712 3611 1160 3684 confirmanda
1182 3610 1325 3679 erit.

268 3756 307 3797 α
344 3731 413 3799 4.
476 3728 631 3801 Haec
684 3728 1119 3819 congregatio,
1170 3725 1251 3795 ad
1280 3722 1656 3793 servandam
1698 3722 2208 3792 uniformitatem
2259 3716 2326 3784 in
2354 3739 2457 3786 or-

180 3874 217 3911 «
252 3846 436 3936 dine,
460 3845 761 3937 regulam
782 3844 849 3915 S.
869 3842 1201 3915 Benedicti
1226 3846 1291 3909 et
1316 3838 1803 3918 constitutiones
1831 3836 2079 3907 abbatis
2107 3834 2186 3903 de
2215 3832 2452 3910 Reme,

182 3990 217 4029 «
248 3984 289 4033 a
319 3962 601 4033 summis
624 3960 1059 4055 Pontificibus
1090 3956 1471 4027 Innocentio
1498 3952 1611 4041 Xl‚
1642 3951 1988 4023 Benedicto
2013 3948 2192 4033 XlV‚
2226 3945 2341 4018 Pio
2368 3944 2454 4017 vt

182 4104 216 4143 α
242 4084 311 4149 et
352 4077 471 4149 Pio
500 4074 621 4148 Vll
668 4075 987 4163 laudatas,
1029 4071 1415 4145 observabit.

273 4221 310 4262 ι
342 4194 413 4265 5.
468 4194 543 4262 In
616 4214 739 4263 usu
798 4190 1093 4275 naualis,
1156 4186 1457 4273 Missalis,
1504 4182 1814 4253 Breviarii
1864 4186 1928 4251 et
1999 4178 2458 4268 Martyrologii,

192 4338 225 4376 α
252 4316 545 4380 servetur
590 4310 927 4380 decretum
977 4305 1187 4377 Sacrae
1232 4300 1760 4394 congregationis
1799 4296 2090 4383 Ritunm,
2128 4296 2330 4365 latum
2361 4294 2463 4363 die

193 4452 223 4489 ι
252 4424 345 4495 20
370 4425 596 4517 aprilis
630 4423 825 4494 1822.
