2834 4959
393 363 520 423 516
963 364 1304 412 mon-rus
1341 363 1423 412 mr
1464 363 1615 410 Jmu:
1656 359 2073 409 assummum.

386 496 507 565 rite
543 491 939 560 emittentur.
982 484 1156 575 Ergo
1183 491 1252 554 ut
1290 491 1436 553 vota
1473 485 1615 554 haec
1660 484 1734 552 in
1776 481 1996 573 aliqua
2022 483 2289 572 regione
2330 483 2469 575 jam
2526 509 2663 557 non

383 613 518 684 sint
557 605 895 692 solemnia,
947 622 1206 672 necesse
1257 609 1374 688 est,
1448 606 1545 684 ut,
1595 599 1807 691 quoad
1858 619 2003 670 eam
2060 601 2425 690 regionem,
2474 601 2662 674 sedes

380 721 744 816 Apostolica
783 717 1061 789 declaret
1113 721 1432 786 mutatam
1480 716 1877 786 voluntatem
1928 735 2143 803 suam,
2176 716 2245 783 vi
2280 715 2465 807 eujus
2504 715 2655 784 fue-

379 853 529 914 rant
561 844 899 930 hucusque
953 837 1292 906 solemnia.
1345 835 1427 904 Et
1464 855 1619 904 cum
1675 835 1854 926 prior
1894 833 2064 904 sedis
2108 835 2497 926 Apostolicae
2536 855 2655 906 vo-

378 961 594 1031 luntas
619 957 960 1049 possideat,
990 975 1124 1023 non
1166 951 1355 1022 debet
1393 953 1671 1044 supponi
1698 952 2044 1036 contraria,
2074 951 2203 1020 nisi
2260 954 2343 1021 de
2378 973 2455 1020 ea
2482 951 2657 1021 suffi-

377 1076 618 1146 cienter
641 1075 905 1142 constet.
951 1067 1127 1160 Ergo
1161 1089 1384 1137 revera
1433 1067 1561 1136 nisi
1602 1066 1993 1136 sufficienter
2042 1071 2290 1136 constet
2320 1065 2497 1136 hanc
2526 1087 2655 1136 esse

378 1191 572 1262 hodie
593 1187 761 1258 sedis
791 1183 1184 1278 Apostolicae
1209 1184 1631 1275 voluntatem,
1675 1187 1749 1250 ut
1774 1181 2099 1274 simplicia
2124 1180 2437 1252 duntaxat
2461 1185 2652 1252 emit-

376 1315 593 1376 tantur
624 1327 663 1373 a
687 1303 876 1373 dictis
899 1299 1108 1390 Belgii
1139 1299 1539 1370 monialibus
1570 1305 1742 1382 vota,
1764 1319 1881 1390 pro
1910 1297 2313 1368 solemnibus
2344 1305 2494 1368 vota
2514 1300 2651 1369 baec

376 1419 674 1492 habenda
695 1422 909 1486 erunt.

463 1535 842 1603 Psorosmo
895 1529 1038 1599 vl·.
1074 1565 1162 1582 —
1200 1532 1355 1602 Non
1399 1541 1663 1597 constat
1716 1549 1849 1598 esse
1904 1527 2309 1598 voluntatem
2354 1529 2656 1598 Romani

379 1649 720 1741 Pontificis
743 1659 819 1717 ut
839 1645 1174 1740 simplicia
1195 1645 1535 1715 duntaxat
1559 1657 1715 1714 vota
1734 1667 1779 1714 a
1796 1644 1997 1714 dictis
2008 1645 2215 1738 Belqii
2228 1645 2643 1714 monialibus

373 1765 796 1837 emittantur.
846 1801 936 1814 —
971 1761 1195 1842 Quoad
1244 1760 1557 1828 moniales
1596 1757 1824 1827 Gauiae
1858 1755 2240 1828 sufficienter
2284 1761 2641 1828 innotuisse

373 1880 615 1951 dictam
671 1879 838 1948 sedis
879 1876 1268 1974 Apostolicae
1313 1875 1739 1964 voluntatem,
1789 1875 2037 1944 fortiter
2086 1873 2312 1943 saltem
2362 1875 2649 1942 innuunt

371 1997 581 2068 Sacrae
619 1991 1116 2066 Poenitentiariae
1142 1989 1609 2060 declarationes
1640 2011 1835 2081 supra
1883 1996 2289 2060 memoratae.
2330 1990 2416 2059 At
2443 1989 2649 2081 quoad

368 2111 698 2202 Belgium,
734 2131 866 2178 non
895 2110 1076 2176 item.
1109 2105 1278 2176 Nam
1324 2105 1635 2174 Romanae
1672 2105 2131 2175 declarationes
2164 2128 2313 2196 quae
2342 2105 2642 2196 Belgium

369 2224 753 2317 respiciunt,
805 2201 950 2291 alife
1023 2221 1536 2312 simplicitatem,
1609 2220 1756 2290 aliae
1812 2222 2287 2292 solemnitatem
2354 2229 2646 2292 votorum

367 2339 696 2409 adstruere
722 2338 1067 2422 videntum
1097 2342 1163 2404 et
1205 2337 1297 2405 sic
1340 2357 1481 2404 rem
1526 2337 1837 2406 incertam
1887 2336 2289 2429 relinquunt.
2336 2337 2446 2407 Ad
2480 2337 2647 2430 quod

367 2453 907 2548 patefaciendum,
926 2455 1077 2522 satis
1101 2451 1224 2518 erit
1245 2451 1423 2519 varia
1444 2450 1767 2544 ejusmodi
1792 2473 2096 2545 responsa
2116 2453 2344 2524 ordine
2378 2453 2648 2524 chrono-

368 2572 580 2662 logico
607 2589 957 2639 recensere.
1375 2575 1384 2582 '
1714 2573 1722 2580 '

460 2687 526 2754 1·
558 2686 632 2755 ln
656 2683 961 2775 rescripto
993 2683 1063 2753 S.
1097 2681 1597 2753 Poenitentiariae
1640 2685 1729 2754 20
1774 2685 2146 2756 novembris
2204 2685 2385 2756 1820
2434 2683 2647 2778 (relato

369 2824 588 2894 supra,
643 2806 822 2893 parte
866 2797 933 2886 3,
967 2803 1120 2868 sect.
1167 2798 1234 2884 3,
1267 2799 1543 2868 subsect.
1601 2802 1664 2888 1,
1716 2821 1860 2892 cap.
1910 2799 1978 2890 3,
2010 2823 2273 2894 argum.
2320 2801 2396 2886 5,
2458 2825 2524 2870 n.
2556 2800 2637 2892 8),

371 2940 661 3012 expresse
701 2924 1012 3008 tanquam
1055 2915 1364 2984 solemnia
1385 2916 1711 2985 habentur
1735 2922 1879 2986 vota
1930 2923 2079 2988 ante
2102 2917 2353 2988 dictum
2399 2894 2645 2990 annum

371 3036 606 3104 emissa
623 3055 660 3102 a
685 3031 1038 3102 canonissis
1065 3031 1270 3099 sancti
1295 3029 2198 3125 Augustini‚aBarlaymont
2222 3056 2455 3104 nuncu
2462 3037 2644 3128 patiS,

373 3169 653 3240 quarum
697 3152 1050 3217 conventus
1080 3143 1402 3215 Bruxellis
1450 3154 1673 3216 exstat.
1704 3145 1803 3215 En
1853 3151 2147 3242 rescripti
2184 3152 2381 3220 verba
2416 3175 2441 3221 t
2472 3155 2647 3220 Dans

376 3285 444 3331 oe
487 3261 700 3332 de'cret
749 3263 843 3354 (1)
883 3261 1275 3330 mentionnd
1283 3263 1623 3353 plusieurs
1659 3263 1821 3352 fois,
1843 3276 1910 3333 et
1951 3263 2125 3335 dans
2166 3265 2241 3334 la
2278 3267 2473 3334 lettre
2496 3288 2643 3334 sus-

375 3375 517 3446 dite
559 3377 675 3470 (2),
717 3378 1256 3470 l’empeclzement
1283 3379 1483 3468 qu'on
1514 3389 1650 3446 met
1682 3380 1724 3446 ἁ
1768 3379 2126 3449 l'emission
2166 3380 2278 3450 des
2316 3403 2515 3449 voeuae
2552 3401 2649 3449 so·

378 3494 636 3564 lennels
669 3517 753 3563 ne
769 3491 1044 3586 reqarde
1057 3517 1190 3585 pas
1227 3494 1321 3563 les
1367 3495 1723 3564 anciennes
1748 3497 2097 3587 professeS,
2129 3499 2251 3588 qui
2276 3521 2361 3567 ne
2388 3497 2643 3567 doivent

367 3611 530 3702 plus
553 3611 730 3703 faire
750 3610 858 3679 des
883 3629 1107 3690 voeuoe,
1135 3611 1310 3680 mais
1341 3612 1436 3679 les
1451 3611 1781 3680 nouvelles
1798 3612 2168 3704 reliqieuses
2188 3615 2308 3705 qui
2326 3639 2407 3684 en
2424 3619 2643 3706 ser-ont

372 3725 542 3795 dans
575 3728 642 3796 la
669 3728 858 3796 suite.
911 3731 1118 3812 Dono,
1169 3729 1228 3796 si
1250 3730 1291 3795 ὰ
1325 3749 1518 3796 cause
1544 3727 1653 3796 des
1677 3728 2147 3798 circonstances
2193 3753 2282 3799 on
2315 3757 2359 3800 a
2382 3730 2643 3822 quelque

372 3842 582 3936 eqard
617 3865 708 3912 au
745 3842 963 3914 decret
1003 3854 1069 3911 et
1117 3843 1160 3912 ὰ
1188 3856 1351 3912 cette
1377 3845 1594 3930 lettre,
1625 3845 1718 3913 les
1762 3846 2107 3915 anciennes
2146 3823 2535 3940 reliqieuser
2564 3865 2639 3911 ne

373 3959 642 4030 doivent
699 3983 828 4053 pas
876 3959 1181 4031 craindre
1233 3961 1497 4052 qu’elles
1538 3985 1620 4031 ne
1662 3963 2045 4054 paruissent
2121 3985 2257 4055 par
2286 3965 2357 4032 la*
2406 3987 2470 4032 se
2532 3957 2630 4027 cle'·

431 4167 498 4230 (l)
531 4163 721 4228 Nempe
759 4163 1274 4230 decretum-guberna
1303 4165 1550 4218 Gallicam
1586 4167 1643 4216 18
1672 4163 1915 4218 februar-tl
1950 4169 2091 4229 880⁰,
2120 4179 2223 4232 qno
2252 4169 2517 4232 unicunque
2532 4173 2639 4215 rno-

365 4253 488 4304 niall
519 4252 760 4303 tribuitur
785 4253 1034 4304 bonorum
1061 4267 1272 4306 suorum
1295 4257 1571 4320 proprietas
1610 4257 1663 4305 ot
1688 4254 1843 4308 libera
1892 4254 2282 4320 administratio,
2304 4261 2361 4310 et
2380 4255 2637 4324 prohihen-

365 4345 454 4391 tur
472 4345 718 4406 perpetua
735 4345 867 4394 vota.

433 4431 502 4490 (2)
527 4429 714 4492 nempe
729 4429 940 4492 epistola
963 4432 1182 4484 ministri
1201 4431 1453 4488 cultuum.
