2834 4959
417 329 539 385 196
963 338 1305 386 moruus
1342 338 1423 384 m:
1468 337 1617 384 JURE
1667 337 2086 386 anonumum.

422 486 456 525 α
482 459 793 549 ligionem
824 464 1052 550 praeter
1078 458 1489 550 approbatas
1497 482 1526 542 ‚·
1573 459 1701 545 vel,
1743 458 1965 550 utqui
2011 457 2348 548 religiosus
2387 457 2530 527 fieri
2565 481 2668 528 vo-

419 601 455 642 «
477 574 933 662 luerit„unam
972 573 1051 643 de
1080 574 1474 666 approbatis
1510 581 1815 643 assumat.
1865 573 1944 642 Et
1970 572 2402 644 nihilominus
2437 582 2671 644 certum

282 773 288 780 .
418 715 452 755 ι(
477 695 569 759 est
593 689 685 757 ibi
714 688 958 778 requiri
986 677 1536 780 appr-‘obationem
1562 688 2019 778 Pontificiam.
2052 687 2220 757 Nam
2243 689 2384 778 ejus
2409 691 2668 760 necessi-

417 829 452 871 «
478 811 569 873 tas
597 825 712 894 per
738 803 931 872 illum
958 807 1202 872 textum
1232 803 1498 871 inducta
1534 802 1826 892 primum
1859 807 1975 870 est.
2023 799 2104 870 Et
2131 803 2430 871 similiter
2463 807 2534 872 in
2571 827 2674 874 ca-

416 946 450 986 «
476 921 606 1011 pite
643 920 868 1007 unico,
904 917 1129 988 eodem
1166 917 1378 1006 titulo,
1413 918 1486 986 in
1515 917 1560 985 6
1589 915 1852 1008 (nempe
1881 919 1953 985 in
1988 917 2240 986 decreto
2280 917 2673 1011 reliqionum

409 1060 445 1100 «
474 1033 737 1103 concilii
775 1033 1262 1124 LugdunensiS,
1305 1053 1502 1122 supra
1549 1030 1964 1122 transcripto)
2017 1030 2198 1122 prius
2233 1033 2673 1124 improbantur

412 1175 447 1214 «
470 1149 815 1239 religiones
876 1169 1085 1235 novae,
1142 1169 1289 1238 quae
1340 1145 1898 1238 approbationem
1951 1166 2085 1214 non
2139 1153 2568 1232 meruerunt3
2623 1157 2675 1216 et

410 1293 442 1332 «
470 1271 686 1356 postea
711 1269 1096 1333 revocantur
1124 1283 1274 1353 quae
1302 1262 1868 1332 confirmationem
1895 1260 2065 1331 sedis
2105 1263 2160 1330 A
2156 1263 2510 1354 postolicoe
2555 1287 2672 1334 non

410 1408 445 1447 «
473 1386 875 1450 meruerunt.
918 1378 1105 1448 Unde
1146 1383 1391 1446 constat
1429 1399 1543 1468 per
1585 1376 2136 1468 approbationem
2186 1379 2372 1469 priua
2403 1380 2676 1450 absolute

409 1523 443 1562 «
470 1495 741 1575 dictam,
775 1494 1353 1584 confirmationem
1383 1491 1556 1561 sedis
1579 1495 1634 1561 A
1638 1494 1980 1586 postolicoe
2007 1499 2222 1585 postea
2245 1494 2576 1584 explicari.
2611 1495 2680 1564 Et

404 1637 439 1677 α
467 1613 630 1678 ratio
654 1610 848 1678 etiam
878 1608 1001 1676 hoc
1024 1607 1249 1676 suadet
1279 1631 1296 1675 z
1330 1613 1476 1676 tum
1511 1611 1695 1697 quia,
1729 1627 1886 1678 cum
1909 1608 2144 1699 injure
2173 1608 2340 1698 leges
2365 1609 2498 1676 sint
2523 1610 2676 1677 uni-

402 1749 439 1788 «
466 1724 764 1808 versales,
802 1721 903 1790 vel
935 1720 1320 1809 Pontificiae,
1348 1723 1454 1790 vel
1495 1724 1876 1793 conciliares
1913 1745 1950 1791 a
1987 1721 2407 1792 Pontificibus
2433 1725 2682 1792 confir·

402 1863 440 1906 ι
468 1845 681 1925 matae,
740 1860 873 1907 non
930 1837 1135 1908 solent
1194 1858 1422 1906 vocare
1487 1838 2017 1930 approbationem
2073 1838 2476 1930 simpliciter,
2559 1841 2682 1908 nisi

403 1981 438 2024 a
465 1977 611 2047 quae
646 1955 869 2024 eadem
904 1951 1248 2022 Pontificia
1295 1955 1668 2022 auctoritate
1709 1953 1877 2022 facta
1917 1959 2014 2026 est
2044 1976 2061 2020 ε
2111 1960 2252 2020 tum
2290 1956 2485 2023 etiam
2539 1957 2682 2046 quia

402 2097 438 2136 ε(
466 2071 841 2161 approbatio
882 2089 1015 2137 non
1063 2059 1335 2136 omnino
1364 2075 1537 2136 certa
1579 2089 1702 2136 nec
1725 2067 2138 2156 universalis,
2177 2081 2428 2138 'nomen
2453 2091 2684 2161 appro-

406 2209 442 2249 α
466 2185 745 2252 bationis
786 2182 1167 2271 simpliciter
1208 2202 1337 2250 non
1384 2187 1698 2251 meretur.
1745 2206 1782 2249 r
1833 2181 2126 2273 (Suarez‚
2180 2183 2262 2252 de
2311 2185 2683 2277 Reliqione‚
2778 2245 2779 2264 2

398 2305 573 2368 tomo
625 2298 691 2384 3,
748 2297 797 2366 l.
856 2298 925 2381 2,
980 2317 1041 2365 c.
1104 2295 1213 2382 17,
1267 2317 1337 2365 n.
1393 2295 1534 2386 30.)
1581 2296 1755 2386 Ergo
1801 2299 2074 2367 omnino
2123 2298 2484 2388 requiritur
2535 2301 2684 2367 reli·
2778 2277 2779 2346 5

398 2413 658 2504 gionem
714 2409 1129 2502 approbatam
1194 2409 1387 2478 fuisse
1447 2432 1491 2477 a
1551 2413 1854 2502 Romano
1923 2413 2272 2503 Pontifioe,
2341 2419 2415 2483 ut
2486 2415 2688 2505 possit
2778 2449 2779 2508 3

398 2527 545 2617 quis
570 2546 715 2594 eam
742 2526 1075 2612 inchoare,
1106 2531 1220 2594 aut
1250 2505 1322 2592 in
1362 2525 1544 2594 illam
1591 2527 1892 2616 ingredi3
1945 2536 2008 2596 et
2049 2530 2173 2598 hoc
2207 2549 2402 2598 sensu
2439 2530 2684 2600 intelli·

400 2631 612 2732 genda
648 2647 766 2725 est,
814 2647 877 2708 et
910 2639 1311 2710 unanimiter
1356 2662 1395 2709 a
1433 2640 1808 2711 doctoribus
1861 2643 2250 2735 intelligitur
2295 2644 2397 2714 lex
2443 2644 2536 2714 de
2569 2665 2688 2736 qua

402 2759 685 2848 agimus.
2778 2739 2779 2768 ᾖ

490 2871 672 2942 Idem
726 2877 1033 2962 praeterea
1076 2871 1347 2940 omnino
1402 2873 1648 2941 evincit
1702 2872 2036 2942 decretalis
2081 2877 2332 2943 Sancta
2375 2877 2690 2945 Romana
2778 2909 2779 2912 ¹

404 2991 907 3080 (extravagantes
938 2987 1201 3055 loannis
1228 2985 1436 3075 xxn,
1470 2989 1658 3057 titulo
1685 2990 1751 3069 7,
1803 2987 1883 3057 de
1937 2989 2264 3082 reliqiosis
2317 2990 2687 3084 domibus).
2777 3047 2779 3090 ἦ

312 3085 315 3090 ’
404 3103 570 3173 Nam
621 3104 715 3172 ibi
752 3104 1119 3172 decernitur
1152 3102 1365 3170 irritas
1400 3123 1535 3171 esse
1577 3110 1640 3170 et
1683 3103 1890 3192 fuisse
1933 3104 2284 3174 nonnullas
2335 3107 2692 3196 religiones
2778 3159 2779 3194 ἢ

406 3225 467 3288 et
519 3218 1047 3308 congregationes
1103 3223 1474 3309 praetensaS‚
1529 3223 1751 3308 utpote
1806 3225 2047 3288 erectas
2097 3226 2318 3290 contra
2373 3245 2688 3310 canoneS,
2778 3197 2779 3214 ἵ

404 3335 644 3424 quibus
672 3334 1049 3423 prohibetur
1082 3355 1165 3402 ne
1192 3311 1614 3424 quis'novam
1658 3333 2048 3426 religionem
2083 3337 2372 3420 inducat,
2419 3349 2546 3410 aut
2588 3346 2694 3410 in·

406 3448 736 3539 grediatur
756 3450 1148 3541 ‘religionem
1176 3469 1310 3518 non
1353 3449 1795 3539 approbatam.
1848 3450 2140 3532 Quidam·
2171 3461 2388 3523 autem
2429 3477 2514 3526 ex
2561 3457 2697 3525 illis

408 3566 741 3656 praetensis
788 3564 1125 3656 religiosiS,
1174 3562 1560 3654 oinciebant
1603 3585 1670 3632 se
1711 3564 2093 3656 approbatos
2139 3569 2337 3636 fuisse
2383 3568 2470 3637 ab
2529 3569 2699 3661 Epi-

406 3683 613 3772 scopis
646 3705 660 3750 :
698 3683 781 3748 Ut
810 3681 1109 3772 ipsorum
1135 3699 1317 3747 error
1342 3690 1407 3747 et
1433 3677 1743 3770 impietas
1767 3679 1944 3770 (suut
1955 3680 2152 3752 verba
2174 3684 2694 3774 constitutionis)

402 3797 643 3888 reliqio
670 3806 1129 3886 reputetur...,
1169 3791 1520 3883 quidam...
1559 3815 1788 3860 eorum
1825 3772 2082 3863 dictum
2125 3794 2432 3865 habitum
2475 3811 2550 3866 et
2579 3800 2698 3866 vi·-

404 3914 604 3982 vendz'
630 3913 839 3981 ritum
876 3933 919 3978 a
960 3907 1356 4010 quibusdam
1380 3909 1756 4001 Epist-opis,
1791 3931 1904 3978 seu
1942 3931 2170 3979 eorum
2197 3912 2695 4003 superior-rhua,

401 4029 507 4097 vel
526 4029 684 4098 aliis
708 4028 1130 4098 ecclesiarum
1146 4025 1464 4096 Proelatis
1481 4025 2235 4118 habuisseprofitentur.
2261 4025 2430 4110 Quid
2455 4029 2542 4097 ad
2565 4031 2702 4098 hoc

398 4142 688 4213 Pontifex
706 4145 741 4213 ‘i
768 4145 1043 4214 Factum
1066 4165 1202 4214 non
1234 4147 1454 4231 negat,
1481 4141 1592 4210 sed
1617 4141 1775 4209 dicit
1803 4141 1906 4210 his
1935 4141 2271 4234 Episcopis
2297 4149 2364 4211 et
2391 4141 2705 4212 Psaelatis

396 4281 529 4328 non
554 4259 811 4328 licuisse
834 4259 958 4328 hoc
976 4260 1212 4348 facere,
1236 4257 1524 4325 obstante
1551 4254 1813 4324 concilii
1843 4255 2291 4326 Lateranensis
2319 4265 2382 4328 et
2405 4257 2609 4347 Lugd
2621 4282 2703 4326 u-

396 4377 609 4442 nensis
640 4375 915 4459 decreto,
964 4374 1031 4444 id
1068 4382 1186 4464 est,
1214 4373 1357 4465 lege
1403 4373 1482 4442 de
1515 4395 1644 4464 qua
1680 4371 1987 4461 agimus:
2039 4377 2212 4458 Quos
2242 4376 2496 4463 (nempe
2555 4375 2704 4442 ha-
