2834 4959
1104 332 1255 379 PARS
1315 335 1531 381 TERTIA
1541 364 1557 381 0
2328 336 2361 391 3
2372 336 2406 391 5
2415 336 2450 393 9

268 458 653 527 Pnorosrno
680 450 815 520 111·.
858 490 945 505 —
972 450 1303 521 Praedicta
1312 466 1616 545 potestas
1640 454 1941 523 ordinem
1966 477 2078 523 seu
2101 480 2458 553 conqreqa-

179 572 431 641 tionem
454 566 905 661 perpetuanda·
930 588 1082 635 eum
1110 569 1412 638 omnibus
1425 568 1704 660 juribus
1732 580 1796 637 et
1813 568 2210 661 privileqii5‚
2232 573 2344 642 'ita
2384 577 2460 646 in

175 684 512 777 reliqiosis
536 680 842 785 (inspersis
857 694 1239 772 permanet,
1264 695 1343 752 ut
1370 684 1440 752 in
1468 684 1665 753 unico
1688 683 1892 751 etiam
1914 684 2208 775 ipsorum
2231 710 2462 782 super-

175 799 335 866 stite
400 808 545 865 tota
588 793 1059 865 consolidetur.
1098 834 1187 851 —·-
1224 796 1542 867 Probatur
1591 799 1653 865 1⁰
1689 799 1903 883 citato,
1957 798 2025 865 in
2076 802 2464 890 praecedenti

176 912 627 1005 propositioni,
674 911 1187 1001 congregationis
1237 912 1918 1003 Anglo-Benedictinae
1977 918 2290 1009 exemplo.
2357 921 2462 990 Ab

174 1030 386 1098 unico
406 1028 577 1096 enim
605 1028 945 1118 superstite
967 1028 1315 1117 monacho,
1332 1012 1470 1099 'fuit
1493 1030 1633 1099 haec
1661 1032 2096 1121 congregatio,
2122 1054 2278 1103 cum
2298 1034 2462 1123 juri·
2511 1120 2516 1125 ,

174 1144 307 1213 bus
332 1142 455 1235 ipsi
485 1141 791 1234 propriis,
827 1139 1220 1214 continuata.

274 1257 587 1327 Probatur
630 1257 700 1325 2·
750 1278 825 1325 ex
876 1258 1173 1349 analogia
1222 1281 1378 1329 cum
1430 1261 1780 1331 cathedrali
1831 1262 2137 1353 capitulo.
2192 1263 2460 1335 Certum

177 1382 279 1445 est
322 1376 394 1442 in
452 1376 653 1443 unico
701 1372 895 1443 etiam
947 1374 1284 1466 superstite
1334 1378 1652 1448 canonico
1694 1379 1848 1469 jura
1909 1379 2133 1447 omnia
2186 1379 2458 1470 capituli

178 1510 581 1580 permanere.
640 1486 827 1556 Unde
888 1490 969 1573 si,
1032 1510 1163 1579 quo
1216 1496 1500 1583 tempore
1560 1499 1748 1561 vacat
1803 1492 2180 1584 episcopalis
2249 1493 2457 1582 sedes,

181 1604 415 1673 unicus
461 1604 755 1673 existeret
808 1606 1159 1674 canonicus
1216 1605 1485 1695 (caeteris
1537 1610 1720 1677 verbi
1768 1608 1970 1697 gratia
2027 1614 2198 1699 peste
2239 1608 2458 1699 aliqua

180 1722 265 1789 ita
312 1730 577 1811 repente
617 1719 905 1807 sublatis,
948 1726 1019 1789 ut
1064 1722 1361 1789 nondum
1404 1722 1476 1789 in
1521 1744 1746 1792 eorum
1791 1724 2010 1792 locum
2039 1722 2150 1791 alii
2191 1724 2442 1794 suffecti

179 1832 499 1924 fuissent),
544 1838 597 1904 is
624 1836 971 1905 canonicus
1021 1836 1322 1929 Episcopi
1374 1836 1720 1906 ordinaria}
1762 1836 2199 1926 jurisdictioni
2247 1839 2438 1928 pleno

168 1954 331 2040 jure
398 1952 777 2035 succederet,
829 1958 892 2020 et
940 1952 1021 2021 ad
1078 1953 1297 2043 ipsum
1360 1953 1708 2043 pertineret
1771 1952 2064 2021 dioecesis
2121 1953 2440 2039 regimen.

174 2064 261 2133 Et
285 2064 461 2133 idem
484 2062 645 2134 foret
668 2064 743 2153 si,
774 2086 905 2156 quo
950 2073 1237 2157 tempore
1271 2072 1452 2136 vacat
1479 2068 1684 2154 sedeS‚
1730 2087 1958 2136 omnes
1986 2072 2217 2159 praeter
2238 2086 2449 2135 unum

178 2178 475 2249 canonici
500 2180 1041 2250 excommunicati
1070 2183 1426 2252 existerent.

264 2294 581 2364 Probatur
628 2296 695 2366 3⁰
744 2318 820 2366 ex
856 2306 1113 2389 recepta
1152 2297 1467 2387 doctrina,
1513 2298 1686 2390 quod
1720 2301 1828 2391 jus
1855 2298 2114 2388 collegii
2154 2318 2268 2366 seu
2300 2298 2450 2367 uni-

179 2410 511 2497 versitatis,
556 2412 633 2481 in
674 2414 871 2485 unico
898 2414 1237 2506 superstite
1277 2414 1576 2484 membro
1609 2422 2004 2507 permaneat.
2035 2414 2110 2483 Id
2139 2420 2450 2504 tanquam

180 2532 417 2595 certam
490 2528 787 2617 regulam
858 2530 1200 2598 canonistae
1250 2530 1625 2598 admittunt.
1685 2530 1767 2597 Et
1817 2532 2042 2601 citare·
2070 2530 2142 2597 in
2215 2528 2446 2618 proha-

178 2640 421 2711 tionem
449 2642 655 2712 solent
677 2643 1025 2713 Justiniani
1043 2644 1253 2735 legem
1281 2644 1607 2733 Sicutffl„
1629 2646 1823 2727 Quod
1848 2647 2158 2735 cujusque
2179 2646 2444 2714 univer·-

176 2758 401 2825 sitatis
423 2759 647 2847 nom).
664 2784 701 2825 α
724 2763 759 2827 J
764 2780 837 2827 us
874 2758 1128 2848 collegii
1156 2759 1323 2827 bene
1347 2764 1640 2827 remanet
1666 2758 1735 2824 in
1759 2778 1917 2839 uno,
1951 2760 2210 2845 »inquit
2237 2760 2446 2845 glossa

176 2874 275 2963 (in
322 2880 512 2964 caput
547 2878 895 2945 statutum
918 2874 985 2957 2,
1018 2875 1188 2945 tituli
1212 2870 1291 2942 de
1315 2872 1686 2957 Electione,
1727 2872 1878 2940 libri
1907 2873 1971 2958 l,
2001 2871 2072 2938 in
2102 2870 2192 2960 6).
2228 2869 2310 2939 Et
2336 2891 2446 2961 pa-

176 2992 331 3058 riter
370 2990 579 3079 glossa
618 2992 688 3060 in
733 2997 927 3083 caput
976 2991 1267 3060 Gratum
1296 2988 1498 3081 (tituli
1525 2986 1605 3057 de
1641 2984 2458 3076 Postulationeproelato-

176 3124 355 3193 rum,
384 3105 539 3173 libri
571 3108 603 3174 1
649 3104 1102 3198 Decretalium)
1132 3107 1225 3175 sic
1258 3105 1451 3175 hahet
1496 3128 1512 3174 :
1552 3128 1587 3170 «
1627 3102 2024 3174 Universitas
2051 3109 2342 3170 remanet
2373 3103 2444 3170 in

183 3248 219 3287 «ι
248 3241 409 3305 uno,
441 3222 577 3290 sive
599 3224 706 3313 jus
734 3220 1248 3290 universitatis...
1280 3220 1462 3290 Licet
1491 3218 1841 3309 collegium
1883 3218 2132 3287 desinat
2161 3236 2296 3287 esse
2320 3214 2453 3285 col-

183 3360 219 3401 «
248 3334 529 3425 legium,
554 3336 857 3405 omnibus
882 3336 1155 3405 mortuis
1182 3341 1411 3428 praeter
1439 3356 1675 3423 unum,
1707 3332 2138 3402 nihilominus
2167 3332 2279 3422 jus
2319 3330 2452 3403 col-

184 3478 219 3520 α
248 3452 401 3544 legii
432 3453 567 3522 sive
594 3453 1025 3522 universitatis
1071 3463 1359 3521 remanet
1383 3452 1456 3519 in
1485 3451 1621 3536 illo,
1675 3472 1789 3541 per
1826 3449 2033 3539 legem
2064 3449 2256 3518 Sicut
2285 3470 2447 3517 mu-

179 3592 215 3633 «
244 3567 501 3659 nicipii,
534 3569 577 3659 ξ
606 3568 859 3637 ultimo.
915 3592 951 3633 n
996 3567 1163 3636 Cum
1207 3587 1362 3656 ergo
1397 3566 1623 3656 regula
1651 3566 1764 3635 illa
1800 3567 1972 3657 ,iuris
2002 3565 2320 3654 generalis
2364 3565 2450 3632 sit

170 3682 385 3771 quoad
431 3683 791 3773 quamlibet
828 3683 1175 3751 hominum
1202 3680 1670 3766 collectionem,
1703 3678 1850 3770 qu'ae
1868 3682 1977 3771 J‘us
2003 3677 2272 3770 aliquod
2297 3700 2444 3771 pos·

169 3794 345 3865 sidet
384 3801 697 3887 tanquam
743 3818 1012 3887 persona
1060 3794 1349 3883 moralis,
1402 3818 1515 3865 seu
1564 3803 1872 3887 tanquam
1914 3794 2289 3885 collegium,
2332 3816 2415 3885 ap

170 3915 472 4009 plicanda
499 3917 695 3985 etiam
725 3916 899 3985 venit
924 3914 1327 4007 regularibus
1363 3915 1663 4006 dispersis
1692 3939 1709 4000 ;
1760 3914 2108 4006 siquidem,
2151 3918 2444 4013 utsupra

171 4040 507 4105 ostensum
547 4042 668 4117 est,
708 4035 983 4105 minime
1022 4038 1092 4105 in
1141 4038 1232 4106 eis
1277 4044 1478 4106 cessat
1520 4035 1748 4105 sociale
1795 4036 2168 4118 vinculum,
2213 4056 2344 4124 quo
2374 4035 2446 4103 in

102 4152 108 4155 ’
168 4150 421 4222 ratione
446 4154 759 4224 societatis
786 4174 899 4223 seu
938 4154 1194 4244 collegii
1239 4156 1684 4245 permaneant.
1740 4148 1910 4239 Ergo
1959 4155 2023 4218 et
2073 4152 2144 4217 in
2179 4170 2316 4218 uno
2371 4140 2448 4217 ex
2565 4221 2582 4228 ,

168 4266 335 4357 ipsis
366 4272 731 4360 superstite,
778 4270 999 4341 omnia
1037 4292 1264 4341 eorum
1299 4271 1451 4361 iura
1491 4264 1766 4338 transire
1787 4274 1852 4334 et
1873 4262 2256 4335 consolidari
2284 4282 2446 4333 cen-

166 4380 374 4453 senda
399 4390 572 4453 sunt.
