2834 4959
1076 283 1229 333 PARS
1271 283 1512 331 mam.
2303 282 2416 339 481

170 406 488 493 Ecclesice,
503 405 769 475 subsint
786 403 1195 496 imperatori.
1216 402 1315 494 (In
1329 402 1676 473 annalibus
1689 401 2425 497 Raynaldi,annol327,

167 550 226 597 n.
245 528 353 612 29,
380 534 556 595 tomo
574 524 688 607 24,
724 544 873 613 pag.
900 520 1055 605 347,
1079 522 1233 591 edit.
1260 506 1690 610 Luoae'17502)
1721 520 2162 612 Ergoassertio
2177 528 2428 599 domini

168 643 468 723 Carriere,
486 636 965 709 adsoecularem
969 636 1347 729 principem
1354 636 1686 727 pertinere
1703 649 1780 706 ut
1791 648 2054 707 statuat
2070 638 2150 709 de
2167 642 2252 711 iis
2283 666 2430 735 quae

168 757 529 850 respiciunt
568 754 946 823 dominium
984 764 1048 821 et
1083 751 1566 844 possessionem
1599 774 1824 821 rerum
1863 757 2357 846 temporalium,
2379 762 2436 831 si

172 872 559 960 intelligatur
583 869 801 961 (prout
817 870 1027 953 sonat)
1044 867 1113 935 in
1134 888 1329 936 sensu
1344 866 1718 954 universali,
1742 868 1830 937 ita
1849 878 1920 937 ut
1941 871 2132 945 etiam
2154 896 2256 943 res
2277 886 2440 944 tem.

164 987 430 1079 pov-ales
446 984 765 1053 Ecclesioe
784 982 1308 1073 comprehendat,
1334 1004 1596 1072 prorsus
1617 1004 1880 1053 erronea
1908 992 2079 1055 estet
2089 989 2440 1080 reproban-

170 1102 267 1171 da.
298 1100 485 1183 Quod
526 1101 581 1169 si
623 1120 846 1168 rerum
886 1097 1353 1188 temporalium
1382 1097 1650 1169 nomine
1683 1096 1778 1167 ibi
1824 1096 2141 1190 intelligat
2185 1109 2438 1175 tantum

173 1238 266 1286 res
292 1214 819 1309 tempomlaefori
843 1213 1206 1301 saecularis,
1236 1233 1366 1283 non
1396 1216 1581 1301 alias,
1612 1213 1850 1283 absone
1869 1236 1943 1283 ex
1973 1215 2092 1285 isto
2121 1219 2438 1312 principio

174 1336 499 1407 concludit
524 1335 931 1425 capacitatem
957 1332 1232 1402 dominii
1273 1334 1345 1401 in
1372 1333 1684 1424 religiosis
1713 1332 1845 1423 legi
1861 1335 2037 1403 civili
2067 1335 2434 1426 subjacere:

175 1452 327 1543 quia
346 1472 427 1519 an
452 1471 525 1519 ea
548 1449 861 1540 capacitas
898 1446 983 1517 sit
999 1446 1079 1517 de
1098 1446 1293 1517 rebus
1319 1446 1782 1539 temporalibus
1805 1449 1944 1539 fori
1971 1451 2332 1539 soecularis,
2353 1462 2448 1522 est

176 1568 491 1659 ipsissima
513 1565 798 1657 quaestio.

260 1678 557 1753 Secundo
586 1703 609 1747 .·
651 1679 966 1749 Coercitio
990 1698 1107 1771 per
1152 1698 1375 1770 poenas
1412 1679 1776 1769 corporales
1805 1686 1870 1747 et
1915 1684 2324 1773 temporales,
2355 1694 2448 1755 est

182 1795 426 1888 aliquid
470 1793 817 1885 temporale
872 1800 937 1863 et
984 1793 1175 1863 rebus
1221 1792 1694 1886 temporalibus
1745 1796 2335 1867 annumerandum.
2371 1799 2452 1869 Et

180 1908 617 1977 nihilominus
642 1908 937 1978 Ecclesioe
964 1914 1325 1999 competere
1344 1910 1458 1998 jus
1485 1930 1560 1977 eo
1583 1906 1778 1977 modo
1795 1907 2060 1977 rebelles
2083 1912 2448 2001 coercendi,

184 2024 329 2091 fuse
376 2023 783 2115 probavimus
820 2025 887 2093 in
932 2029 1202 2093 tractatu
1250 2022 1329 2093 de
1372 2022 1652 2093 Iudiciis
1715 2024 1916 2116 (tomo
1978 2025 2042 2109 1,
2084 2046 2232 2115 pag.
2285 2026 2396 2117 50)
2427 2052 2443 2113 3

182 2138 297 2206 ubi
331 2137 531 2207 videri
562 2146 763 2231 potest
784 2138 849 2207 id
878 2160 915 2209 a
938 2138 1237 2209 Suaresio
1253 2141 1476 2209 ·teneri
1505 2147 1814 2230 tanquam
1839 2136 1920 2209 de
1948 2137 2084 2231 fide
2101 2161 2132 2225 ;
2157 2148 2346 2231 atque
2369 2145 2452 2213 ab

182 2253 405 2323 eodem
435 2253 689 2323 doctore
708 2253 933 2324 haberi
956 2260 1027 2323 ut
1052 2254 1291 2325 lzoeresi
1302 2254 1646 2347 proximos
1672 2260 1735 2323 et
1755 2255 2214 2325 hoereticorum
2225 2257 2452 2347 fauto-

184 2390 281 2437 res
303 2390 437 2454 eos„
482 2370 595 2460 qui
624 2369 936 2439 effutiunt
974 2376 1343 2461 potestatem
1400 2372 1570 2441 hanc
1601 2371 1860 2439 nonnisi
1908 2392 1986 2439 ex
2043 2373 2454 2443 saecularium

184 2488 553 2581 principum
586 2491 997 2559 concessione
1022 2490 1319 2561 Ecclesiae
1352 2491 1712 2561 obvenisse.
1750 2490 1873 2561 Sed
1895 2492 2164 2583 prael’ata
2205 2493 2452 2564 domini

184 2602 473 2671 Carriere
495 2605 719 2695 opinio
748 2606 919 2675 hanc
941 2604 1239 2675 Ecclesiae
1266 2611 1640 2695 potestatem
1665 2605 1744 2673 de
1769 2606 1984 2675 medio
2007 2608 2172 2677 tollit
2200 2635 2220 2697 ;
2247 2610 2454 2701 siqui-

185 2716 335 2785 dem
364 2718 443 2787 de
468 2720 655 2789 rebus
683 2719 1155 2811 temporalibus
1182 2719 1373 2787 omni
1378 2718 1504 2787 bus
1529 2724 1805 2787 statuere
1833 2722 2140 2789 saeculari
2165 2728 2455 2812 potestati

185 2839 505 2907 attribuit.

274 2954 542 3023 Tertio:
572 2954 684 3023 Est
728 2954 1095 3023 communis
1136 2954 1303 3023 inter
1329 2952 1628 3044 probatos
1665 2950 1947 3020 doctores
1987 2954 2320 3033 sententia,
2359 2977 2456 3025 res

186 3069 596 3161 temporales,
652 3091 797 3161 quae
848 3075 1323 3139 connectuntur
1378 3081 1534 3138 eum
1583 3067 1804 3158 aliqua
1853 3088 1924 3136 re
1963 3066 2308 3159 spirituali,
2354 3093 2462 3145 ra-

186 3185 365 3255 tione
397 3185 599 3275 hujus
630 3184 1045 3255 connexionis
1063 3184 1289 3255 haberi
1308 3191 1617 3275 tanquam
1651 3182 2044 3271 spirituales,
2078 3189 2144 3252 ct
2163 3183 2460 3258 Ecclesiae

180 3300 628 3393 jurisdictioni
657 3300 911 3392 subjici.
956 3326 991 3367 ι
1012 3298 1199 3370 Ratio
1224 3306 1317 3371 est
1365 3300 1612 3392 (inquit
1670 3297 2270 3395 Schmalzgrueber)
2307 3305 2462 3395 quia

192 3440 231 3483 <a
262 3417 478 3507 magis
496 3415 771 3507 dignum
799 3416 997 3485 trahit
1018 3414 1099 3485 ad
1120 3436 1189 3484 se
1216 3413 1438 3483 minus
1463 3414 1848 3505 dignum...;
1879 3420 1943 3483 et
1969 3438 2070 3485 res
2096 3421 2462 3510 temporalis

195 3557 231 3596 α
260 3532 506 3601 desinit
542 3553 678 3602 esse
743 3530 909 3622 talis,
963 3530 1454 3623 quamprimum
1509 3528 1832 3621 spirituali
1885 3550 2133 3600 annexa
2166 3532 2384 3604 fucrit.
2417 3560 2454 3599 »

188 3644 291 3737 (ln
326 3646 429 3715 tit.
486 3650 514 3717 1
554 3646 633 3717 de
657 3646 959 3730 Iudiciis,
994 3646 1146 3717 libri
1174 3644 1217 3713 2
1247 3643 1704 3727 Decretalium‚
1733 3668 1804 3714 n.
1836 3645 1978 3738 50.)
2009 3644 2210 3716 Porro
2243 3668 2460 3741 recep-

187 3766 335 3829 tam
362 3768 427 3831 et
472 3761 745 3832 omnino
800 3762 1147 3833 tenendam
1200 3760 1553 3831 doctrinam
1605 3760 1787 3830 illam
1847 3761 2161 3831 subvertit
2209 3761 2458 3832 domini

189 3873 489 3945 Gari-iere
538 3875 862 3947 malesana
929 3876 1213 3962 assertio,
1267 3876 1351 3945 ad
1406 3877 1615 3967 legem
1701 3875 1956 3946 civilem
2023 3876 2340 3969 pertinere
2393 3886 2464 3945 ut

190 3995 433 4061 statuat
462 3988 539 4059 de
565 3992 649 4061 iis
684 4014 829 4083 quae
864 3991 1223 4083 respiciunt
1248 3990 1616 4060 dominium
1649 3996 1712 4061 et
1745 3992 2210 4082 possessionem
2239 4012 2459 4063 rerum

190 4104 680 4196 temporalium.
732 4104 1083 4197 Loquendo
1140 4104 1317 4175 enim
1349 4104 1822 4187 universaliter,
1856 4107 2149 4177 saeculari
2179 4108 2464 4200 potestati

186 4220 462 4311 subjicit
524 4224 717 4291 etiam
774 4244 875 4292 res
906 4221 1052 4292 illas
1094 4220 1498 4315 temporales,
1542 4240 1686 4310 quae
1746 4221 2188 4310 spiritualibus
2232 4244 2468 4294 annec-

192 4341 455 4406 tuntur.
864 4430 877 4445 “

488 4461 510 4506 1
525 4493 539 4508 .
2174 4458 2238 4505 ⁸1
