2834 4959
1093 331 1246 381 PARS
1293 331 1533 390 eumn
1543 364 1559 379 .
2344 332 2425 391 60
2436 333 2471 391 3

185 482 222 523 α
253 434 518 524 titulum
558 448 642 519 de
683 448 1154 541 Reqularibus,
1201 470 1270 519 n.
1336 451 1515 542 149),
1558 450 1910 543 dupliciter
1952 460 2159 547 potest
2206 462 2411 552 accipi
2446 487 2464 531 ε

187 599 222 636 «
253 572 378 641 late
403 576 470 639 et
511 566 750 635 stricte.
805 566 971 635 Late
1010 578 1282 657 accepta
1311 567 1619 657 professio
1670 573 1765 637 est
1811 575 1993 640 actus
2038 572 2377 663 religiosus
2403 582 2469 647 et

184 716 222 757 α
251 709 460 768 sacer,
493 707 612 779 per
649 702 848 775 quem
899 682 1102 753 bomo
1131 682 1366 771 fidelis,
1396 685 1471 753 in
1499 684 1815 776 religione
1842 687 2061 779 aliqua
2087 693 2461 784 approbata,

185 830 224 871 α
263 824 382 895 per
429 799 842 871 emissionem
883 798 1088 869 trium
1129 803 1429 869 votorum
1476 800 1999 871 substantialium
2044 813 2463 899 paupertatis,

189 942 228 985 α
260 916 564 987 castitatis
601 920 668 983 et
722 912 1130 994 obedientiae‚
1165 913 1529 986 voluntarie
1595 936 1663 985 se
1709 913 1845 987 Deo
1910 918 2129 1007 tradit,
2178 922 2462 997 interve-

193 1056 228 1097 α
261 1032 484 1099 niente
533 1027 921 1099 authoritate
957 1028 1238 1121 prelati,
1285 1029 1404 1120 qui
1456 1030 1837 1122 hujusmodi
1876 1035 2290 1109 traditionem
2344 1040 2463 1113 Dei

191 1170 229 1211 α
263 1150 332 1214 et
355 1142 688 1234 religionis
716 1144 986 1213 nomine
1012 1150 1298 1234 acceptet
1343 1147 1599 1238 :capite
1637 1146 1731 1217 ad
1762 1149 1815 1219 Α
1814 1152 2221 1242 postaticum
2254 1154 2361 1241 16,
2388 1156 2473 1226 de

199 1288 232 1324 α
260 1258 713 1350 Reqularibus
730 1280 761 1343 ;
788 1264 852 1327 et
877 1259 1316 1329 communiter
1350 1261 1620 1332 tradunt
1660 1262 1974 1337 doctores.

287 1400 324 1443 α
356 1375 608 1444 Stricte
643 1386 916 1468 accepta
943 1378 1040 1443 est
1079 1380 1449 1445 contractus
1488 1376 1658 1448 ultro
1700 1379 1993 1471 citroque
2020 1381 2469 1472 obligatorius‚

196 1516 234 1555 α
265 1510 400 1579 quo
434 1491 610 1579 quis,
650 1509 768 1579 per
823 1494 968 1559 vota
1015 1488 1354 1575 solemnia,
1381 1512 1451 1559 se
1495 1490 1631 1561 Deo
1676 1498 1740 1562 et
1784 1494 2091 1585 religioni
2144 1499 2337 1567 tradit
2363 1524 2381 1580 ;
2410 1506 2473 1569 et

198 1634 250 1673 α.
272 1608 504 1699 religio
532 1608 820 1679 vicissim
851 1607 1237 1699 hujusmodi
1280 1609 1691 1681 traditionem
1732 1620 2040 1707 acceptat,
2074 1637 2231 1685 cum
2279 1634 2473 1686 onere

201 1749 236 1788 α
267 1725 488 1815 ipsum
533 1727 872 1793 voventem
957 1727 1270 1815 perpetuo
1331 1724 1681 1811 retinendi,
1738 1725 1978 1813 alendi,
2036 1735 2101 1797 et
2158 1734 2469 1819 tanquam

203 1864 240 1903 (ι
273 1838 486 1907 filium
509 1837 694 1927 juxta
713 1837 974 1927 regulas
999 1843 1064 1907 et
1088 1836 1465 1909 institutum
1482 1838 1831 1931 2religionis
1874 1842 2217 1911 tractandi.
2250 1867 2287 1907 ι»

291 1950 658 2020 Discrimen
709 1952 879 2020 inter
903 1957 1250 2044 utramque
1296 1954 1368 2022 in
1411 1976 1487 2025 eo
1528 1960 1645 2040 est,
1678 1956 1851 2045 quod
1880 1956 2003 2025 late
2026 1962 2289 2048 sumpta
2316 1976 2475 2047 pro-

199 2064 394 2133 fessio
433 2064 546 2132 fiat
572 2087 684 2157 per
710 2071 854 2134 vota
893 2067 1270 2159 simplicia;
1324 2069 1544 2140 stricte
1588 2076 1803 2139 autem
1852 2076 2135 2161 sumpta,
2174 2092 2289 2162 per
2332 2078 2477 2139 vota

199 2178 546 2249 solemnia.
589 2178 718 2249 Ubi
745 2187 962 2251 autem
989 2203 1113 2252 vox
1139 2184 1459 2275 professio
1484 2184 1829 2254 adhibetur
1846 2185 1984 2253 sine
2012 2183 2251 2270 additu,
2274 2184 2477 2255 intel-

199 2296 319 2385 ligi
342 2294 500 2365 solet
521 2294 602 2365 de
625 2296 1016 2387 professione
1041 2299 1258 2367 stricte
1278 2304 1559 2392 sumpta.

292 2408 462 2479 Hinc
496 2410 567 2479 in
615 2412 1252 2502 congregationibus,
1278 2436 1427 2505 quae
1474 2412 1798 2504 simplicia
1850 2413 2160 2484 duntaxat
2195 2420 2338 2483 vota
2364 2414 2481 2481 ha·

201 2525 361 2593 bent
387 2546 462 2592 ex
514 2525 832 2611 institute,
863 2533 1172 2617 perpetua
1198 2534 1443 2616 tamen,
1476 2530 1604 2598 dici
1646 2534 1854 2620 potest
1886 2529 2099 2599 emitti
2134 2530 2478 2621 professio-

199 2660 386 2719 nem,
418 2639 840 2730 intelligendo
882 2643 1009 2711 late
1036 2648 1367 2733 sumptam
1403 2642 1647 2712 :modo
1690 2647 1908 2713 tamen
1950 2646 2361 2735 congregatio
2400 2646 2483 2713 sit

200 2756 288 2823 de
340 2752 727 2845 approbatis,
757 2762 824 2825 et
852 2755 1238 2827 interveniat
1284 2757 1401 2846 qui
1432 2736 1574 2826 vota
1619 2756 1909 2847 legitime
1935 2763 2221 2847 acceptet
2254 2756 2371 2824 Dei
2420 2763 2481 2823 et

197 2868 542 2958 religionis
563 2871 860 2941 nomine.

296 2982 583 3065 Quaesrio
603 2984 706 3054 11·.
755 3023 843 3039 -
870 2988 980 3055 An
1004 2985 1098 3056 ad
1122 2987 1657 3057 constitumdum
1693 2984 1979 3077 aliquem
2011 3008 2155 3054 vere
2206 2986 2485 3077 reliqt'o-

196 3121 356 3169 sum
400 3101 783 3191 requiratur
825 3103 1179 3193 professzb,
1231 3115 1296 3173 et
1351 3127 1445 3173 an
1499 3102 1799 3194 sufficiat
1840 3102 1977 3171 late
2024 3114 2295 3195 sumpta
2316 3107 2349 3169 P
2396 3140 2489 3155 -
2582 3144 2591 3152 -

203 3217 268 3285 1ο
319 3214 582 3285 Certum
622 3222 720 3286 ost
777 3217 1024 3309 requiri
1066 3219 1559 3311 professionem,
1590 3226 1664 3287 ut
1710 3219 1855 3309 quis
1902 3226 2097 3287 verus
2146 3218 2483 3309 religiosus

196 3330 458 3401 evadat.
485 3330 796 3412 Quamvis
836 3334 1014 3401 enim
1045 3333 1273 3403 novitii
1301 3332 1426 3403 sub
1452 3332 1903 3424 religiosorum
1930 3332 2197 3401 nomine
2222 3326 2486 3400 veniant

197 3447 272 3515 in
327 3444 790 3515 favorabilibus
840 3446 1097 3534 multis,
1123 3447 1380 3539 proprie
1421 3453 1639 3517 tamen
1667 3445 1953 3535 religiosi
1997 3465 2129 3515 non
2156 3452 2333 3530 sunt,
2375 3443 2482 3512 sed

199 3581 441 3631 eorum
469 3566 668 3631 status
695 3552 788 3631 est
807 3560 1108 3652 quaedam
1139 3563 1216 3631 ad
1245 3562 1633 3651 religionem
1662 3559 2063 3653 praeparatio.
2090 3557 2252 3627 Item
2287 3576 2493 3648 quan-

199 3684 278 3747 tu
292 3675 458 3746 mvis
489 3675 718 3745 novitii
741 3677 844 3746 vel
872 3675 986 3748 alii
1016 3678 1140 3747 tria
1165 3683 1310 3747 vota
1336 3682 1647 3770 perpetua
1664 3676 2024 3761 emiserint,
2044 3674 2252 3743 sinon
2276 3670 2498 3741 adfue-

200 3795 296 3863 rit
358 3793 616 3863 traditio
689 3794 810 3863 rite
862 3799 1186 3887 acceptata
1249 3792 1334 3863 ab
1370 3792 1686 3885 §habente
1758 3796 2161 3883 potestatem,-
2216 3787 2493 3857 minime

203 3907 500 3998 religiosi
548 3908 702 3978 facti
755 3915 930 3979 sunt.
979 3907 1050 3978 Si
1087 3914 1306 3979 autem
1336 3930 1455 4001 per
1500 3908 1629 3978 tria
1653 3914 1965 4001 perpetua
1989 3912 2137 3975 vota
2174 3924 2311 3974 sese
2357 3900 2493 3971 Deo

207 4022 762 4115 mancipaverint,
795 4030 862 4095 et
883 4023 1144 4093 traditio
1183 4023 1326 4095 haec
1351 4025 1621 4095 nomine
1656 4019 1775 4093 Dei
1804 4027 1868 4090 et
1909 4017 2243 4109 religionis
2270 4038 2307 4085 a
2333 4015 2496 4105 legi-

208 4138 378 4209 timo
423 4138 686 4231 praelato
731 4138 930 4208 fuerit
997 4144 1343 4229 acceptata,
1384 4140 1527 4229 jam
1574 4137 1749 4205 adest
1809 4135 1933 4204 boc
1980 4134 2123 4225 ipso
2162 4130 2494 4223 professio,

211 4248 540 4319 nimirum
585 4250 804 4321 stricte
857 4256 1144 4342 sumpta,
1202 4250 1255 4319 si
1301 4250 1464 4319 votis
1506 4246 1935 4331 solemnibus,
1985 4245 2105 4315 late
2138 4247 2401 4333 sumpta
2440 4239 2497 4309 si

213 4367 628 4460 simplicibus
667 4370 828 4441 votis
865 4389 1000 4439 sese
1033 4366 1519 4439 obstrinxerint.
