2834 4959
1115 335 1269 386 PARS
1315 337 1610 386 SECUNDA.
2375 337 2454 393 28
2465 338 2498 391 7

206 467 380 535 viam
426 466 809 556 aliquorum
856 465 1247 556 citationem,
1282 474 1345 538 et
1388 471 1770 541 eorumdem
1813 493 2202 544 consensum
2248 497 2500 569 nequa-

199 603 407 672 quam
454 583 736 670 exigere.
786 580 1004 672 Atque
1052 581 1141 650 ita
1188 582 1270 653 de
1320 582 1486 654 facto
1520 587 1633 675 jus
1677 585 1994 678 disposuit
2031 590 2246 679 quoad
2282 592 2500 683 plures
2574 619 2580 624 ’

198 697 545 778 materias,
591 701 787 788 prout
828 705 979 766 noto
1022 698 1238 768 notius
1281 706 1398 769 est.
1452 697 1760 790 Tenetur,
1820 704 1996 773 verbi
2049 705 2278 794 gratia,
2329 706 2496 800 Epi-

196 835 441 905 scopus
494 810 842 882 canonicos
887 813 957 880 in
1004 812 1339 882 nonnullis
1393 816 1644 903 audire,
1673 838 1787 886 seu
1829 819 2178 890 consilium
2201 822 2494 914 ipsorum

200 931 545 1020 requirere
575 951 593 1012 ;
639 933 703 996 et
753 927 953 996 simul
988 927 1281 997 validum
1310 935 1405 998 est
1448 931 1652 1022 ipsius
1689 932 2048 1024 decretum,
2087 936 2492 1008 dissentiente

209 1043 501 1134 capitulo
536 1043 809 1112 editum.
866 1041 1115 1112 Pariter
1164 1043 1234 1112 in
1277 1044 1806 1116 dismembranda
1853 1049 2178 1140 parochia,
2233 1057 2488 1122 tenetur

210 1161 573 1254 Episcopus
596 1162 954 1254 parochum
981 1163 1176 1232 citare
1198 1171 1261 1232 et
1290 1165 1496 1256 ipsius
1524 1167 1907 1236 sententiam
1933 1169 2160 1238 audire
2187 1196 2204 1238 ε
2235 1179 2300 1239 at
2327 1173 2490 1242 valet

214 1277 809 1348 dismembrationis
844 1277 1203 1362 decretum,
1250 1279 1664 1349 dissentiente
1702 1284 2003 1374 parocho.
2038 1281 2224 1354 Unde
2269 1307 2488 1357 revera

213 1393 369 1462 duae
394 1397 761 1462 memoratae
786 1390 1131 1482 Pignatelli
1156 1394 1430 1464 rationes
1458 1396 1598 1464 vim
1624 1396 1874 1465 nullam
1913 1397 2173 1467 habent.

300 1509 585 1578 Adducit
626 1514 929 1600 praeterea
982 1507 1162 1578 Rotae
1191 1509 1638 1580 auctoritatem
1670 1535 1691 1580 ε
1731 1512 1843 1581 sed
1867 1533 2080 1604 neque
2107 1514 2174 1583 id
2203 1515 2340 1583 vim
2361 1515 2482 1589 ha-

202 1616 355 1684 bet:
411 1637 569 1684 cum
619 1637 741 1706 pro
786 1621 849 1686 et
899 1624 1161 1698 contra,
1211 1618 1283 1684 in
1336 1616 1460 1685 hac
1515 1621 1833 1703 materia,
1885 1618 2082 1711 hujus
2129 1620 2471 1690 tribunalis

198 1731 561 1800 decisiones
601 1737 967 1818 occurrant,
1018 1736 1209 1823 prout
1234 1752 1432 1823 supra
1471 1730 1774 1800 vidimus.
1821 1731 2004 1801 Adde
2037 1755 2074 1802 a
2100 1731 2454 1824 Pignatello

200 1847 439 1916 adduci
455 1847 780 1916 nonnulla
805 1845 986 1916 Rotae
1014 1847 1209 1932 dicta,
1240 1869 1391 1937 quae
1421 1847 1504 1915 ad
1529 1867 1670 1916 rem
1700 1867 1830 1915 non
1858 1847 2128 1916 faciunt.

294 1961 441 2031 lam
485 1982 639 2032 vero
680 1970 911 2054 praeter
942 1963 1135 2032 modo
1182 1962 1538 2033 confutatas
1582 1960 1923 2052 Pignatelli
1959 1963 2259 2047 rationes,
2302 1963 2475 2033 haud

204 2079 387 2166 potui
437 2078 612 2170 apud
667 2085 925 2148 caeteros
976 2079 1335 2149 canonistas
1384 2077 1552 2146 ullas
1607 2077 1764 2148 alias
1817 2077 2096 2169 alicujus
2157 2079 2472 2147 momenti

200 2195 504 2284 reperire,
556 2195 629 2262 in
682 2195 959 2286 gratiam
1011 2194 1358 2285 opinioniS,
1412 2195 1846 2264 necessarium
1904 2192 2166 2284 parochi
2207 2213 2478 2262 consen-

198 2329 353 2377 sum
401 2312 761 2380 asserentis.
811 2309 897 2380 Ut
938 2310 1095 2380 adeo
1148 2331 1187 2378 a
1236 2308 1583 2400 rejicienda
1625 2309 1740 2378 illa
1780 2309 2109 2400 opinione,
2163 2317 2470 2400 tanquam

198 2445 461 2514 prorsus
501 2423 685 2508 falsa,
733 2425 1049 2494 deterrere
1086 2444 1219 2494 non
1254 2423 1478 2496 debeat
1501 2425 1747 2515 aliquot
1777 2423 2252 2494 canonistarum
2286 2423 2464 2492 illam

198 2522 665 2610 sustinentium
678 2541 1045 2610 auctoritas.

1239 2771 1281 2860 ς
1310 2767 1424 2838 ιιι.

210 2937 445 2998 Quanam
473 2939 571 2991 sint
612 2941 799 2992 damna
839 2953 932 2993 sen
963 2939 1277 3004 praejudicia,
1320 2938 1385 2990 ob
1416 2948 1530 3001 qum
1553 2937 1718 3000 potest
1749 2933 2000 2999 parochus
2037 2937 2154 2984 novi
2183 2941 2463 2989 conventus

834 3103 867 3142 ι
987 3029 1226 3080 erectioni
1248 3037 1360 3080 sese
1383 3035 1660 3090 opponere.

283 3231 758 3303 Proenotanda.
808 3271 899 3284 —-
940 3231 1263 3302 Hactenus
1308 3231 1651 3324 probatum
1694 3236 1810 3314 est,
1857 3227 2285 3298 necessarium
2327 3245 2459 3295 non

201 3365 331 3414 esse
354 3353 425 3416 ut
444 3350 801 3419 consentiat
826 3347 1187 3440 parochus3
1216 3348 1355 3416 imo
1382 3367 1594 3438 neque
1629 3351 1704 3414 ut
1731 3343 1814 3413 ab
1848 3343 2166 3472 Episcopo
2199 3347 2457 3412 vocetur

199 3466 261 3529 et
282 3463 599 3532 audiatur.

274 3577 383 3648 An
412 3601 563 3649 vero
605 3579 1035 3650 nihilominus
1062 3599 1197 3649 sese
1239 3596 1562 3669 opponere
1603 3574 1806 3644 valeat
1831 3571 2178 3664 parochus,
2208 3571 2454 3638 ratione

188 3695 547 3784 praejudicii
580 3718 697 3766 seu
733 3696 1126 3780 detrimenti,
1166 3693 1339 3784 quod
1384 3693 1506 3786 ipsi
1565 3712 1676 3781 per
1731 3708 1965 3758 novam
2004 3685 2451 3753 fundationem

187 3807 553 3901 inferretur,
584 3813 695 3882 hic
719 3833 901 3882 nunc
926 3810 1417 3903 expendendum
1444 3807 1645 3876 venit.

276 3921 358 3992 Et
398 3927 614 4017 primo
659 3929 957 4019 quidem,
1010 3928 1151 3998 dari
1196 3925 1432 4018 aliqua
1474 3923 1697 3992 saltem
1733 3919 2130 4014 praeJudicia,
2178 3913 2264 3984 ob
2302 3933 2450 4003 quoe

183 4059 315 4110 sese
370 4061 690 4134 opponere
747 4051 811 4114 et
860 4043 1185 4136 appellare
1228 4040 1426 4134 possit
1479 4038 1833 4132 parochus,
1889 4035 2154 4106 omnino
2200 4035 2449 4101 certum

184 4161 294 4241 est,
324 4161 393 4227 et
418 4156 503 4228 ab
534 4159 842 4228 omnibus
873 4157 1275 4242 admissum3
1308 4175 1520 4246 neque
1564 4154 1635 4222 in
1667 4153 1792 4220 hoc
1819 4158 1911 4220 est
1941 4147 2306 4218 difficultas.
2362 4144 2450 4211 At

183 4262 495 4362 secundo,
522 4275 641 4344 uhi
662 4274 1001 4344 devenitur
1018 4273 1098 4343 ad
1118 4274 1564 4364 quaestionem,
1591 4287 1900 4358 quoenam
1924 4268 2054 4334 sint
2076 4259 2448 4356 praejudicia

184 4387 323 4476 illa,
360 4389 603 4480 quibus
648 4389 1155 4482 emergentibus,
1203 4411 1241 4458 a
1294 4388 1449 4460 novi
1489 4389 1842 4456 conventus
1887 4381 2206 4454 erectione
2241 4376 2440 4448 absti-
2479 4378 2486 4386 '
