2834 4959
350 300 475 356 446
942 300 1284 351 moruus
1328 300 1409 349 DE
1453 297 1602 347 lm
1633 300 2058 349 mmmmm.

357 454 393 493 c<
422 436 821 519 potestatem
834 422 1235 515 Pontificum
1254 442 1389 490 esse
1410 421 1592 489 valet
1632 420 2018 512 difficultas
2027 442 2059 507 ;
2085 427 2224 491 tum
2242 423 2405 513 quia
2423 426 2659 516 prohi-

358 571 396 611 α
436 543 595 611 bitio
636 540 1019 633 disponendi
1060 546 1193 607 tam
1238 540 1407 607 inter
1436 538 1638 623 vivos,
1681 558 1883 628 quam
1929 540 1998 606 in
2037 537 2273 608 ultima
2315 539 2659 611 voluntate

362 685 397 727 α
442 658 652 751 quoad
692 656 1037 725 monachos
1082 659 1149 724 et
1184 653 1520 739 moniales,
1565 652 1960 723 descendita
1987 656 2134 743 jure
2181 655 2472 746 positivo,
2513 656 2656 726 hoc
2769 724 2778 733 ,

362 800 395 841 α
444 782 559 853 est,
594 796 631 842 a
680 778 853 841 textu
906 772 977 841 in
1030 768 1401 840 authentica
1441 768 1749 859 inyressi,
1807 769 2046 838 codicis
2091 766 2173 837 de
2219 771 2656 840 sacrosanctis

370 917 403 957 α
444 889 749 974 ecclesiis,
770 896 833 956 et
852 910 889 956 a
906 888 1115 979 capite
1130 885 1291 978 quia
1302 883 1854 975 inpedientibus,
1869 883 1950 953 de
1971 886 2386 955 testamentis
2395 909 2424 970 ,·
2449 908 2656 977 quam

370 1036 405 1075 α
453 1002 1003 1099 (prohibitionem)
1064 1024 1181 1071 sua
1252 1002 1628 1070 auctoritate
1693 1022 1996 1070 summus
2069 998 2362 1069 Pontifex
2437 1002 2660 1072 tollere

377 1145 413 1185 α
456 1124 699 1210 potest:
759 1122 897 1184 tum
970 1114 1151 1203 quia,
1226 1112 1281 1181 si
1350 1110 1809 1182 ecclesiasticas
1867 1110 2168 1182 historias
2225 1112 2660 1183 transcribere

380 1260 415 1301 α
456 1232 706 1319 liceret,
755 1229 939 1299 facile
978 1234 1166 1298 esset
1234 1228 1529 1319 exempla
1603 1226 1834 1297 afferre
1909 1228 2387 1297 monachorum
2461 1230 2656 1298 etiam

383 1374 419 1415 α
448 1354 845 1433 sanctorum,
903 1345 1019 1435 qui
1062 1350 1210 1413 ante
1248 1344 1417 1433 juris
1467 1342 1728 1435 positivi
1775 1342 2277 1433 prohibitionem
2335 1344 2417 1413 de
2466 1344 2662 1414 bonis

382 1489 419 1530 «
464 1464 597 1533 suis
654 1464 723 1529 in
766 1460 997 1529 ultime
1032 1459 1357 1529 voluntate
1402 1456 1884 1547 disposuerunt.
1927 1480 1962 1525 n

418 1610 424 1617 ·
466 1578 857 1649 Referuntur
898 1580 1111 1665 postea
1151 1573 1338 1643 dictae
1372 1572 1675 1643 monialis
1722 1570 2188 1665 dispositiones,
2229 1596 2378 1644 cum
2435 1580 2661 1643 muta-

376 1695 662 1765 tionibus
710 1712 871 1782 quas
906 1691 1115 1760 facere
1164 1688 1440 1757 volebat.
1493 1686 1616 1759 lsta
1669 1710 1902 1781 nempe
1941 1690 2237 1759 monialis
2277 1697 2403 1759 tres
2437 1690 2653 1781 capel·

379 1811 585 1879 lanias
658 1807 1061 1891 fundaverat,
1136 1810 1458 1873 reservato
1509 1804 1702 1872 certis
1749 1805 2040 1896 personis
2113 1810 2176 1875 et
2231 1810 2401 1876 certo
2469 1806 2663 1874 modo

382 1924 747 2017 capellanos
798 1919 1179 1991 nominandi
1214 1920 1388 2009 jure.
1433 1918 1648 2009 Atque
1685 1926 1762 1987 ut
1798 1920 1870 1987 in
1901 1920 2004 1989 his
2039 1920 2360 1991 nonnulla
2424 1922 2666 1991 diverso

384 2040 579 2111 modo
610 2046 893 2109 statuere
938 2040 1145 2128 posset
1178 2034 1550 2104 facultatem
1591 2034 1974 2126 postulabat.
2019 2034 2277 2117 Quibus
2337 2038 2662 2119 enarratis,

388 2154 479 2223 sic
524 2154 735 2243 pergit
772 2151 1038 2220 relatio:
1100 2149 1304 2221 «Post
1334 2151 1476 2221 haec
1527 2149 1696 2220 nibil
1739 2149 1916 2219 aliud
1959 2159 2270 2243 superest,
2299 2173 2496 2242 quam
2540 2150 2667 2220 cir-

400 2293 437 2333 «
478 2265 897 2343 cumstantias
916 2286 1243 2352 enarrare,
1272 2266 1341 2333 in
1382 2266 1624 2356 quibus
1667 2262 1863 2335 Sacra
1883 2265 2026 2334 haec
2065 2264 2494 2357 Cnogregatio
2521 2286 2670 2334 con·
2806 2340 2807 2343 Ἴ

402 2408 439 2447 (ε
482 2379 727 2450 similes
754 2379 1089 2469 petitiones
1118 2379 1466 2469 aliquando
1495 2380 1904 2471 rejiciendaS,
1943 2392 2010 2448 et
2038 2378 2400 2471 aliquando
2433 2380 2674 2447 censuit

404 2518 439 2561 «
486 2490 959 2561 admittendas.
1004 2514 1041 2559 3>
1090 2490 1187 2561 lbi
1224 2492 1592 2563 referuntur
1621 2494 1844 2587 plures
1868 2515 2077 2564 causae
2123 2494 2194 2563 in
2243 2494 2477 2585 quibus
2523 2515 2676 2563 con·
2806 2496 2807 2503 ’

399 2608 597 2679 cessio
643 2608 953 2699 denegata
1002 2614 1117 2677 est.
1174 2606 1345 2677 Tum
1407 2610 1497 2678 ita
1557 2610 2010 2701 subjungitur:
2049 2636 2084 2677 α
2115 2608 2170 2679 Ε
2223 2614 2438 2681 contra
2477 2606 2672 2678 Sacra
2806 2686 2807 2723 ἢ

406 2748 442 2791 ε(
488 2722 625 2795 haec
672 2722 897 2793 eadem
938 2722 1386 2814 Congregatio,
1439 2726 1510 2793 in
1557 2726 1839 2814 quadam
1887 2746 2078 2795 causa
2123 2725 2516 2795 Florentino
2574 2723 2672 2793 die
2805 2726 2807 2759 ⁴

410 2866 447 2907 α
496 2838 577 2909 13
618 2838 774 2929 julii
824 2836 1022 2923 1686,
1064 2837 1337 2906 indulsit
1358 2836 1545 2906 fratri
1581 2838 1856 2909 Camilio
1889 2840 2138 2925 Laudo,
2171 2842 2418 2909 ordinis
2445 2838 2511 2910 S.
2541 2838 2673 2909 Au·

414 2980 449 3021 «
492 2956 767 3044 gastim,
821 2960 919 3041 ut,
964 2950 1305 3023 accedente
1348 2972 1664 3023 consensu
1713 2954 1990 3024 fratrum
2034 2956 2133 3025 sui
2185 2964 2554 3037 conventus,
2581 2974 2679 3021 re-

414 3094 449 3136 t<
498 3070 799 3139 nuntiare
854 3073 1065 3160 posset
1109 3068 1369 3154 juribus
1423 3067 1546 3137 sibi
1609 3070 2124 3161 competentibus
2171 3094 2370 3165 super
2405 3070 2676 3162 quadam

418 3210 453 3248 α
496 3186 712 3269 domo,
748 3184 958 3253 [avere
998 3184 1099 3252 sui
1150 3182 1364 3252 fratris
1404 3185 1725 3273 germani.
1755 3184 1836 3253 Et
1879 3187 1948 3254 in
1978 3184 2101 3255 alia
2143 3208 2337 3258 causa
2370 3186 2676 3279 (Limana

422 3322 457 3363 α
500 3298 585 3365 27
614 3297 789 3385 junii
822 3297 1047 3390 1699),
1078 3298 1391 3368 concessit
1419 3298 1681 3369 cuidam
1711 3301 2006 3388 moniali,
2043 3308 2116 3372 ut
2153 3301 2236 3373 de
2275 3308 2442 3374 certa
2479 3320 2675 3393 quan·
2806 3314 2807 3361 ξ

424 3436 462 3479 α
504 3412 681 3479 litate
720 3409 1110 3501 disponeret,
1172 3414 1365 3501 cujus
1404 3413 1893 3505 dispositionem
1946 3414 2069 3485 sibi
2138 3418 2568 3486 reservaverat
2607 3414 2668 3481 in
2806 3436 2807 3491 1

422 3552 460 3593 α
506 3532 887 3597 testamento
932 3528 1105 3619 quod
1145 3527 1381 3598 fecerat
1419 3537 1570 3598 ante
1620 3528 2106 3620 professionem.
2139 3557 2178 3599 ν

504 3641 791 3713 Tandem
822 3642 1027 3732 posito
1062 3640 1290 3728 dubio,
1322 3664 1415 3711 an
1449 3643 1752 3711 orati-icis
1785 3644 2092 3737 precibus
2126 3645 2216 3714 sit
2239 3643 2670 3725 annm-adm,
2806 3638 2807 3727 ἶ

418 3754 613 3827 Sacra
674 3754 1099 3844 Congregatio
1162 3757 1493 3848 respondit
1565 3757 2020 3849 affimative,
2073 3759 2288 3829 addita
2341 3758 2678 3831 conditione
2806 3762 2807 3803 ἓ

417 3878 493 3942 ut
520 3864 759 3961 praerio
796 3870 867 3937 in
916 3868 985 3937 id
1028 3871 1416 3940 consentiret
1460 3871 1754 3961 quidam,
1807 3872 1920 3963 qui
1951 3874 2290 3944 interresse
2335 3874 2588 3944 habebat
2607 3873 2676 3934 ut
2806 3882 2807 3889 ¹

420 3989 773 4077 perstarent
826 3981 1069 4074 priores
1114 3983 1422 4055 monialis
1471 3985 1947 4077 dispositiones.
2549 4004 2554 4012 ·

445 4156 471 4165 -
512 4094 671 4169 Item
706 4115 880 4167 anno
924 4098 1123 4179 1797,
1166 4118 1399 4169 mense
1429 4099 1622 4187 julio,
1663 4118 1966 4191 summus
2007 4100 2301 4171 Pontifex
2341 4094 2676 4171 facultatem

426 4214 738 4283 concessit
766 4213 1059 4285 ,moniali
1100 4212 1551 4284 Car-melitanae
1605 4217 1687 4284 de
1737 4212 2126 4305 Μουσικῆς
2173 4218 2491 4308 copiosam
2545 4229 2676 4301 quae

428 4326 555 4411 ipsi
586 4324 900 4412 obtigerat
930 4329 1422 4397 ·-successionem
1473 4328 1898 4421 percipiendi,
1955 4323 2676 4403 necnonmonasterium
