2834 4959
1257 394 1468 443 mnu.

265 516 552 583 Propoeitio
575 514 639 567 1⁸.
659 514 712 565 Si
731 513 937 567 aliunde
956 517 1080 567 satis
1100 520 1298 569 constet
1320 514 1584 581 Episcopo,
1607 530 1798 569 novum
1817 524 2125 571 conventum
2150 520 2340 587 absque

326 604 550 655 aliorum
568 601 875 653 detrimento
892 600 1015 663 erigi
1035 612 1200 664 posse,
1218 600 1474 651 licentiam
1489 601 1710 667 erigendi
1727 604 2003 655 concedere
2017 608 2203 670 potest,
2217 609 2342 669 quin

329 697 476 745 vocet
496 698 547 741 et
567 689 744 739 audiat
766 686 981 739 aliorum
1012 690 1358 740 conventuum
1383 692 1666 753 superiores
1691 695 1783 744 aut
1806 696 2152 757 procuratores
2158 728 2332 747 ......

270 780 560 845 Ρνοροείεὶο
592 776 678 829 11⁸.
708 778 767 829 ld
799 780 841 829 si
868 778 1108 842 Episcopo
1132 791 1237 829 non
1266 780 1389 829 satis
1414 783 1632 847 constet,
1660 784 1865 832 tenetur
1883 783 2076 847 priores
2093 786 2146 834 et
2166 795 2344 848 procu·

334 874 529 921 ratores
549 870 915 927 conventuum,
934 870 1048 917 tum
1071 869 1125 916 in
1143 866 1253 919 loco
1270 868 1399 933 ipso,
1424 871 1536 919 tum
1555 868 1608 919 in
1635 870 1846 921 circuitu
1869 884 2032 935 usque
2048 868 2114 922 ad
2129 874 2346 935 quatuor

334 958 557 1010 millium
588 957 886 1008 distantiam
913 958 1216 1020 positorum,
1229 968 1408 1009 vocare
1433 963 1487 1007 et
1508 958 1738 1009 audire.
2041 994 2118 1013 ...
2130 993 2180 1014 0.

274 1048 558 1114 propositio
592 1046 697 1098 111⁸.
742 1044 1057 1111 Quocunque
1088 1045 1241 1097 modo
1268 1047 1525 1097 licentiam
1566 1048 1762 1100 dederit
1787 1050 2078 1113 Episcopus,
2113 1052 2348 1101 remanet

338 1138 451 1191 allis
472 1136 803 1188 conventibus
846 1134 909 1185 ab
950 1147 1011 1185 ea
1031 1134 1316 1199 appellandi
1342 1134 1578 1200 facultas,
1606 1150 1724 1189 cum
1752 1136 1938 1189 effectu
1961 1139 2117 1189 etiam
2137 1150 2349 1203 suspen-

338 1230 510 1279 sivo..
904 1256 1263 1279 .......,....
2134 1262 2274 1280 .....

269 1314 558 1381 Pmpost'iio
578 1314 681 1364 lv⁸.
705 1312 919 1363 Praeiata
931 1314 1061 1374 juris
1079 1313 1360 1377 dispositio,
1378 1314 1441 1365 de
1451 1316 1768 1381 *requirendo
1791 1329 2042 1369 consensu
2060 1318 2344 1368 vicinorum

344 1406 719 1465 conventuum,
742 1414 847 1453 non
874 1402 1083 1465 respicit
1112 1406 1389 1458 conventus
1404 1404 1728 1468 monialium,
1749 1406 1844 1457 sed
1873 1410 2098 1471 virorum
2125 1408 2346 1457 tantum·

343 1493 495 1543 modo
517 1524 820 1546 ..........
828 1525 1145 1555 „....m
1154 1522 2342 1553 ......................................

212 1634 427 1687 CAPUT
440 1633 523 1685 lv.
547 1631 813 1699 Quodnam
831 1634 897 1683 sit
906 1636 992 1697 lus
1008 1631 1218 1697 parochi
1235 1634 1353 1683 novi
1375 1638 1664 1687 conventus
1679 1638 1814 1687 intra
1831 1633 2084 1701 parochiae
2101 1648 2208 1687 suae
2223 1634 2352 1687 fines

341 1726 646 1777 erectionem
674 1720 1036 1786 propediendi.
1054 1753 1099 1775 ..
1118 1756 1133 1771 .
1153 1753 1281 1773 .....
1332 1754 1407 1774 ...
1427 1755 1442 1772 .
1460 1760 1475 1773 .

283 1828 317 1893 5
344 1829 381 1879 i.
402 1828 538 1879 Num
553 1830 791 1879 teneatur
806 1824 1097 1891 Episcopus,
1116 1831 1391 1893 antequam
1416 1840 1606 1881 novum
1629 1836 1936 1881 conventum
1955 1830 2181 1893 erigendi
2197 1830 2351 1881 licen-

348 1918 473 1967 tiam
507 1917 767 1977 concedat,
792 1916 1073 1981 parochum
1094 1919 1249 1967 citare
1277 1928 1369 1968 seu
1395 1929 1598 1982 vocare,
1623 1921 1683 1967 ut
1709 1930 1829 1968 eum
1857 1916 2053 1969 audiat.
2074 1956 2088 1968 .
2104 1952 2118 1967 .
2136 1953 2152 1969 .
2171 1953 2184 1967 .
2199 1954 2214 1969 .
2231 1955 2244 1969 .
2266 1950 2308 1969 ..
2329 1952 2343 1967 .

284 2005 575 2069 Propositr'o
592 2007 655 2056 1⁸.
682 2005 859 2057 Plures
884 2009 1159 2059 canonistas
1190 2010 1547 2058 sustinuerunt
1583 2008 1868 2059 vocandum
1897 2018 2010 2058 esse
2032 2005 2316 2070 parochum‘
2333 2026 2349 2058 ι

354 2096 457 2145 imo
480 2099 535 2145 ct
550 2094 825 2147 invalidam
838 2095 947 2147 iore
962 2094 1193 2161 Episcopi
1211 2095 1487 2159 licentiam,
1505 2099 1550 2147 si
1565 2094 1846 2148 formalitas
1865 2096 1974 2147 hac
1992 2097 2350 2159 protes-mitte-

353 2185 538 2235 retur..

294 2268 582 2337 preposita>
594 2272 681 2325 11⁸.
682 2218 817 2325 'Am
824 2274 1053 2328 doctores
1074 2276 1305 2339 tradunt,
1326 2274 1468 2327 haud
1482 2220 1663 2329 teneri
1679 2217 1998 2341 Episcopum
2001 2273 2070 2325 ad
2089 2274 2356 2325 citandum

349 2372 441 2411 seu
465 2364 748 2415 vocandum
770 2365 1043 2428 parochnm
1047 2397 2350 2421 ..........................................

286 2444 576 2508 Pmpoeiaeio
600 2451 707 2499 111⁸.
730 2452 807 2499 Ad
823 2452 1133 2507 iniciendam
1156 2458 1377 2520 priorem
1396 2458 1705 2521 opinionem,
1731 2466 1844 2506 ene
1863 2452 2054 2505 scilicet
2071 2451 2357 2504 vocandum

346 2530 768 2670 μιιοοιιιιιιιίω
665 2536 917 2584 immerito
938 2538 1204 2589 invocatur
1218 2540 1363 2591 Rotae
1380 2548 1434 2591 et
1451 2546 1818 2597 nonnullorum
1837 2543 2218 2595 canonistarum
2239 2554 2358 2593 auc-

350 2621 433 2669 tor
450 2622 529 2669 tas

286 2706 575 2771 Propo-sntio
600 2705 707 2757 Νι.
726 2651 847 2757 ‘Non
868 2709 1074 2759 tenetur
1098 2658 1388 2773 Episcopus,
1416 2716 1695 2776 antequam
1721 2725 1916 2763 novum
1939 2719 2362 2767 conventumeri·

352 2795 503 2860 gendi
518 2794 775 2847 licentiam
792 2796 1060 2858 concedat,
1081 2797 1360 2861 parochum
1381 2800 1538 2849 citare
1560 2812 1650 2851 seu
1675 2808 1852 2849 vocare
1863 2832 2353 2855 ................

288 2903 323 2969 5
352 2901 417 2955 ll.
442 2900 511 2953 Ut
522 2903 687 2955 valeat
706 2902 983 2968 Episcopus
1003 2916 1195 2956 novum
1212 2904 1436 2969 erigendi
1459 2908 1766 2957 conventum
1788 2902 2043 2955 licentiam
2063 2906 2359 2969 concedere,

354 3005 457 3045 non
480 2996 755 3057 requiritur
779 2998 1003 3060 praevius
1024 2994 1231 3061 parochi
1256 3006 2004 3047 consensus...............
2049 3024 2280 3049 ........
2303 3029 2352 3047 ..

290 3080 534 3134 probatio
560 3083 623 3135 1⁸.
650 3083 727 3135 Ex
745 3096 806 3135 eo
828 3086 966 3149 quod
988 3097 1093 3137 non
1112 3097 1319 3137 necesse
1334 3088 1399 3136 sit
1425 3089 1484 3135 ut
1500 3088 1686 3136 citetur
1707 3096 1798 3135 seu
1819 3088 2028 3135 vocetur
2045 3084 2314 3149 psinchus.
2334 3121 2349 3135 .

288 3170 535 3224 Precatio
550 3172 636 3225 11⁸.
652 3172 725 3224 Ex
745 3178 919 3227 tenore
938 3174 1316 3227 Pontificiarum
1334 3176 1756 3226 constitutionum
1773 3174 1906 3225 clm
1923 3184 2083 3224 novos
2099 3172 2362 3237 erigendos

355 3266 637 3313 conventus
643 3292 2358 3318 .......................................................

289 3347 535 3401 Probata>
556 3349 667 3401 111⁸.
697 3350 770 3401 Ex
796 3316 1018 3403 evidenti
1054 3351 1274 3403 falsitate
1300 3354 1576 3413 rationum,
1599 3350 1780 3414 quibus
1800 3352 2037 3401 nituntur
2065 3354 2359 3410 canonistae,

358 3440 699 3491 necessarium
725 3442 931 3506 parochi
960 3452 1269 3494 consensum
1295 3444 1645 3493 existimantes
1653 3472 2352 3493 .......................

292 3546 325 3611 §
355 3544 445 3597 111.
477 3548 723 3611 Quaenam
759 3550 863 3599 sint
883 3547 1193 3612 praejudicia,
1219 3546 1282 3599 ob
1319 3559 1433 3612 quae
1464 3550 1632 3612 potest
1663 3547 1914 3611 parochus
1939 3548 2060 3597 novi
2081 3549 2362 3598 conventus

359 3638 599 3687 erectioni
636 3648 747 3689 sese
778 3650 1275 3701 opponere...
1386 3673 1399 3688 .
1449 3670 1525 3692 ...
1662 3672 1707 3691 ..
1727 3674 1770 3689 ..
1791 3668 1832 3687 ..
2064 3666 2287 3688 ...-....
2308 3668 2350 3687 ..

359 3725 643 3789 Quoestt‘o·
598 3724 659 3776 1⁸.
684 3726 925 3789 Quanam
956 3732 1063 3779 sint
1084 3726 1387 3793 parochialia
1423 3730 1540 3790 jura
1543 3755 1846 3778 ..........
1866 3758 1880 3769 .
1897 3754 2352 3777 ...............

362 3816 578 3878 Quoesiro
602 3816 689 3869 11⁸.
713 3818 791 3870 An
814 3822 975 3884 possit
999 3820 1251 3884 parochus
1269 3820 1393 3869 novi
1419 3820 1696 3869 conventus
1723 3816 1960 3867 erectioni
1978 3826 2090 3865 sese
2107 3824 2362 3877 opponere

422 3905 486 3957 ob
510 3906 799 3970 praeludicla
824 3911 1018 3971 jurium
1040 3908 1402 3971 parochialium
1431 3907 1640 3958 laesivai’
1663 3903 1881 3957 solvitur
1908 3903 2206 3954 affirmative
2211 3938 2356 3956 .....

365 3993 579 4055 Quoestio
599 3994 710 4045 111⁸.
735 3997 811 4046 Au
838 4000 997 4059 possit
1014 3998 1267 4060 parochus
1290 3999 1404 4047 novi
1421 4000 1700 4047 conventus
1717 3994 1958 4045 erectioni
1977 4004 2087 4043 sese
2107 4004 2363 4055 opponere

421 4084 577 4134 etiam
598 4084 661 4135 ob
678 4086 969 4147 praejudicia
988 4085 1349 4151 parochialium
1369 4087 1560 4148 jurium
1581 4096 1686 4135 non
1705 4082 1892 4145 lasivs,
1911 4084 2054 4146 puta,
2077 4081 2141 4132 ob
2159 4084 2364 4134 secut-u·

420 4182 531 4221 ram
554 4172 965 4224 imminutionem
994 4187 1266 4225 concursus
1299 4173 1472 4239 populi
1495 4176 1548 4223 in
1573 4171 1847 4236 parochiali
1879 4170 2102 4231 ecclesia,
2126 4170 2362 4221 imminu-

423 4260 614 4311 tionem
633 4260 945 4313 oblationum
963 4275 1078 4327 quae
1097 4263 1316 4328 parocho
1335 4262 1492 4315 libere
1511 4260 1622 4312 ilerl
1638 4260 1820 4323 solent,
1841 4262 1894 4309 et
1916 4259 2014 4309 alia
2031 4256 2324 4319 huiusmodi
2339 4260 2364 4307 i*

422 4349 632 4403 solvitur
658 4354 888 4415 negative
898 4378 2357 4407 ...............................................

292 4452 324 4517 ἓ
358 4452 439 4507 iv.
460 4458 539 4510 An
554 4461 642 4521 ius
656 4459 889 4527 parochis
907 4463 1215 4523 competens,
1233 4470 1345 4511 sese
1366 4470 1617 4511 novorum
1635 4462 1980 4511 conventuum
2001 4454 2242 4507 erectioni
2259 4465 2351 4517 op-

2365 390 2492 449 685
2559 448 2566 455 .

2401 695 2494 744 266

2407 962 2495 1012 267

2287 1260 2338 1279 ..
2406 1227 2496 1278 267

2411 1496 2502 1547 267

2290 1759 2337 1776 ..
2406 1725 2498 1775 268

2412 1918 2507 1969 269

2417 2186 2510 2236 269

2419 2345 2512 2414 ιιι

2315 2664 2360 2683 ..
2422 2633 2514 2681 273

2420 2806 2514 2856 276

2421 2998 2516 3049 280

2419 3088 2516 3137 280

2425 3264 2518 3314 280

2424 3442 2514 3491 284

2422 3726 2514 3777 288

2425 3906 2516 3955 289

2425 4348 2512 4397 291
