2834 4959
317 329 442 388 570
887 333 1228 382 ΤΚΑΕΤΑΤῘΙΒ
1271 333 1352 380 DE
1391 330 1542 378 mur.
1588 327 2002 376 nnc-nmmum.

311 461 520 528 forma
546 456 839 526 adhiberi
861 456 932 524 in
959 455 1082 524 boc
1107 453 1338 540 valeat,
1363 449 1701 543 prudentis
1725 450 1855 518 viri
1876 447 2131 540 judicio
2152 448 2598 539 relinquitur:

315 572 557 644 sufficit
589 591 823 662 nempe
873 569 1038 650 fieri,
1090 568 1266 659 quod
1313 566 1647 638 sufficiens
1686 563 2115 634 existimatur.
2146 561 2254 632 Ad
2290 563 2601 634 informa-

319 693 523 764 tiones
541 691 718 780 quod
739 692 964 760 attinet
981 688 1053 758 vi
1069 687 1627 758 constitutionum
1641 681 2183 776 particularium
2201 679 2482 773 alicujus
2496 705 2603 752 or—

319 807 491 877 dinis
531 805 814 894 religiosi
846 803 1201 893 faciendas,
1251 803 1400 872 satis
1448 807 1545 872 est
1576 799 1909 882 adnotare,
1962 797 2293 867 faciendas
2338 818 2449 866 eas
2476 819 2604 868 esse

322 943 472 1012 quae
525 919 1062 1012 praescribuntur,
1115 923 1180 987 et
1205 938 1282 988 eo
1321 915 1517 986 modo
1558 915 1777 1006 quiin
1814 913 1997 984 illius
2034 911 2289 982 ordinis
2312 912 2611 983 instituto

319 1037 780 1127 praescribitur.
832 1033 966 1104 Nec
1019 1033 1100 1104 de
1147 1032 1226 1102 iis
1267 1031 1459 1102 nobis
1484 1028 1840 1120 agendum,
1891 1047 2047 1096 cum
2080 1028 2192 1118 jus
2216 1027 2613 1117 particulare

321 1149 670 1242 cujuslibet
703 1149 954 1220 ordinis
977 1147 1264 1239 religiosi
1288 1147 1655 1238 respiciant.
1704 1144 1793 1213 At
1830 1163 1981 1211 vero
2012 1141 2515 1212 informationes
2540 1164 2613 1212 ex

325 1271 466 1360 lege
535 1267 781 1340 Sixtina
861 1267 1176 1339 faciendas
1249 1265 1519 1359 plurimi
1575 1265 1773 1334 refert
1828 1262 2135 1354 'apprime
2206 1262 2606 1351 dignoscere.

325 1383 516 1472 Quia,
587 1385 738 1455 licet
803 1385 1124 1475 abrogatae
1193 1389 1515 1472 quatenus
1566 1380 1649 1449 ad
1720 1376 2143 1448 validitatem
2200 1377 2615 1446 admissionis

327 1500 724 1582 necessariae,
779 1501 994 1588 quoad
1041 1499 1389 1567 liceitatem
1438 1502 1655 1565 tamen
1694 1494 2075 1576 hodiedum,
2116 1494 2196 1562 de
2222 1495 2381 1584 jure
2422 1514 2615 1563 com-

328 1614 520 1682 muni
567 1613 961 1703 obligatoriae
1009 1616 1531 1704 permanserunt.
1581 1609 1753 1678 Hinc
1804 1609 2095 1681 dicemus
2126 1607 2186 1674 1⁰
2226 1607 2306 1676 de
2358 1607 2609 1698 quihus

329 1728 713 1816 interrogari
750 1727 1026 1797 debeant
1081 1731 1268 1798 testes
1311 1727 1376 1794 vi
1424 1725 1823 1796 Sixtinarum
1872 1723 2400 1792 constitutionum
2448 1745 2469 1789 ·.
2534 1721 2607 1790 2⁰

331 1843 754 1934 subjiciemus
795 1841 1148 1914 nonnullas
1201 1842 1361 1912 alias
1407 1840 1947 1931 interrogationes
1987 1859 2133 1929 quae
2170 1838 2315 1907 fieri
2352 1840 2617 1930 insuper

332 1959 563 2046 solent,
597 1965 740 2028 tum
769 1981 846 2028 ex
879 1935 1034 2051 jure
1083 1957 1392 2042 naturali,
1428 1963 1569 2026 tum
1608 1977 1683 2026 ex
1724 1955 2169 2047 plurimarum
2214 1953 2614 2044 religionum

334 2075 924 2144 constitutionibus.

422 2189 473 2257 1.
513 2188 763 2278 Capita
809 2189 890 2256 de
933 2189 1174 2280 quibus
1219 2189 1626 2281 inimoqari
1664 2187 1903 2257 debent
1937 2199 2158 2269 testes,
2200 2185 2280 2254 ob
2328 2186 2621 2255 Sioetatae

336 2305 496 2396 leqis
523 2305 1122 2395 proescviptionem.
1149 2341 1240 2358 --
1263 2303 1739 2395 Exprimuntur
1762 2305 1834 2372 in
1864 2305 2321 2372 constitutione
2354 2303 2531 2370 Cum
2550 2300 2625 2369 de

337 2419 667 2499 omnibuS,
695 2420 765 2487 in
792 2419 974 2488 hunc
999 2417 1268 2488 modum
1302 2445 1318 2486 ε
1357 2443 1394 2483 α
1420 2417 1739 2510 Perpetuo
1760 2417 2107 2486 statuimus
2122 2423 2189 2487 et
2210 2416 2623 2498 ordinamus,

344 2534 674 2622 «juvenes
713 2538 823 2600 aut
868 2532 1041 2600 viros
1069 2531 1320 2602 adultos
1348 2533 1631 2623 majores
1668 2532 1982 2602 sexdecim
2018 2533 2237 2616 annis,
2272 2551 2414 2602 non
2454 2531 2629 2600 aliter

343 2670 379 2710 α
409 2645 479 2714 in
525 2646 814 2738 aliquam
851 2646 1242 2736 religionem
1273 2648 1475 2740 recipi
1504 2669 1683 2737 posse
1730 2669 1851 2718 nec
1888 2648 2145 2731 debere,
2178 2647 2311 2717 nisi
2336 2648 2531 2738 prius
2554 2647 2627 2715 de

345 2787 381 2827 a
408 2781 636 2831 eorum
679 2763 1082 2854 parentibus,
1137 2764 1371 2856 patria,
1430 2764 1639 2854 deque
1688 2769 1978 2832 anteacta
2028 2763 2159 2832 vita
2208 2769 2275 2832 et
2328 2763 2628 2834 moribus

347 2901 381 2942 ε(
409 2875 754 2968 diligenter
793 2879 1206 2968 inquiratur3
1267 2885 1330 2948 et
1381 2900 1459 2948 ex
1512 2883 1810 2948 accurata
1871 2877 2331 2948 informatione
2392 2888 2465 2948 et
2516 2877 2633 2946 fide

349 3015 382 3056 α
411 2990 610 3081 digna
655 2991 966 3061 relatione
1031 3001 1439 3083 compertum
1505 2998 1567 3061 et
1615 2993 2019 3082 exploratum
2074 2992 2185 3074 sit,
2240 3013 2351 3061 eos
2414 3009 2631 3081 neque

347 3130 380 3169 α
407 3105 777 3197 aliquorum
834 3108 1192 3176 criminum
1247 3106 1490 3200 (qualia
1539 3115 1692 3177 sunt
1736 3105 2116 3196 homicidia,
2177 3107 2373 3192 furta,
2428 3106 2631 3176 latro-

349 3247 384 3286 «
413 3221 612 3306 cinis,
662 3222 767 3290 vel
811 3222 938 3291 alia
981 3223 1230 3293 similia
1273 3231 1387 3295 aut
1427 3223 1747 3314 graviora)
1794 3244 1951 3304 reos,
1982 3223 2086 3291 vel
2133 3229 2461 3314 suspectos
2488 3221 2631 3290 exi-

353 3359 388 3399 «
413 3339 602 3418 stere,
649 3341 723 3404 ut
771 3344 1112 3429 propterea
1159 3338 1449 3410 damnati
1496 3339 1652 3421 sint,
1684 3344 1799 3408 aut
1826 3359 1911 3407 ne
1956 3339 2351 3410 damnentur
2393 3337 2627 3406 formi-

351 3471 386 3514 α
415 3447 598 3539 dent3
627 3469 838 3541 neque
865 3453 1114 3543 ingenti
1137 3473 1266 3524 aere
1293 3454 1507 3525 alieno
1528 3475 1726 3546 supra
1748 3455 1917 3522 vires
1941 3453 2325 3524 facultatum
2348 3475 2629 3524 suarum

351 3589 388 3628 a
424 3571 756 3656 gravatos3
791 3566 894 3634 vel
922 3566 1266 3638 reddendis
1291 3569 1649 3650 ratiociniis
1671 3570 1761 3638 ita
1802 3568 2135 3650 obnoxios,
2172 3574 2245 3638 ut
2284 3591 2363 3638 ex
2394 3567 2628 3660 hujus·

357 3702 390 3744 tt
419 3679 596 3749 modi
649 3669 842 3750 causa
881 3681 960 3749 lis
987 3681 1090 3754 vel
1139 3683 1437 3754 molestia
1474 3684 1568 3754 eis
1598 3687 1739 3775 jam
1780 3684 1987 3772 illata,
2016 3683 2121 3752 vel
2148 3683 2529 3752 timendum
2554 3681 2633 3751 sit

357 3813 502 3863 «ne
535 3796 848 3866 inferatur
881 3819 898 3864 ι
951 3799 1074 3868 nisi
1111 3797 1394 3890 denique
1442 3807 1687 3871 constet
1710 3799 1885 3891 ipsos
1934 3821 2069 3869 non
2097 3800 2387 3870 humana
2416 3798 2633 3888 aliqua

356 3936 392 3976 α
417 3912 689 3998 ratione,
731 3912 842 3982 sed
879 3920 1137 3984 tantum
1183 3915 1545 3986 devotionis
1581 3922 1647 3986 et
1676 3915 1924 4009 pietatis
1952 3915 2207 3986 fervore
2250 3913 2455 3986 vitam
2480 3911 2631 3982 reli-

355 4048 390 4089 «
415 4024 666 4114 giosam
693 4035 920 4119 sponte
947 4035 1104 4098 etex
1123 4030 1344 4101 animo
1367 4033 1662 4122 elegisse.
1696 4055 1731 4097 »

433 4139 514 4206 In
575 4144 1037 4214 constitutione
1085 4152 1306 4215 autem
1359 4145 1457 4214 ad
1498 4149 1908 4230 Romanum,
1958 4145 2261 4238 quasdam
2314 4167 2384 4215 ex
2428 4140 2633 4210 modo

349 4254 748 4347 transcriptis
801 4259 1158 4330 moderavit
1205 4259 1425 4332 Sixtus
1476 4259 1535 4331 V
1576 4263 1647 4330 in
1688 4263 1873 4330 hunc
1904 4260 2173 4332 modum
2233 4285 2253 4330 x
2308 4261 2371 4330 1·
2420 4255 2631 4350 quoad

349 4373 593 4438 exteros
625 4371 704 4442 de
729 4375 974 4462 quibus
1001 4375 1266 4448 difficile
1307 4375 1537 4448 haberi
1567 4384 1780 4468 posset
1814 4377 2005 4468 plena
2036 4377 2117 4448 de
2160 4375 2481 4468 praedictis
2524 4373 2633 4441 in-
