2834 4959
346 323 474 380 322
907 330 1244 378 moruus
1291 331 1372 378 ΒΕ
1415 331 1565 378 mm:
1614 329 2035 378 assummum.

254 499 257 502 -
343 455 629 536 fitentur,
665 452 826 521 illud
851 453 1022 544 apud
1053 453 1346 521 locorum
1373 450 1751 520 ordinarios
1775 450 2071 541 probare.
2106 449 2376 520 Seclusa
2408 460 2657 523 autem

342 567 468 638 hac
513 569 949 638 recentiorum
997 567 1497 658 privilegiorum
1538 565 1906 658 hypothesi,
1941 563 2135 636 hodie
2184 566 2411 656 quoad
2472 569 2666 660 ipsas

345 688 549 775 potest
566 685 678 772 jus
709 701 1063 752 commune
1087 683 1159 751 in
1197 682 1378 750 hunc
1403 680 1677 751 modum
1703 679 2119 750 determinari
2146 701 2179 749 t

439 800 501 867 1⁰
537 796 684 868 Non
712 802 866 866 sunt
891 803 1202 889 exemptae
1233 817 1446 887 neque
1488 819 1527 864 a
1566 795 2021 886 jurisdictione
2058 793 2391 888 Episcopi,
2430 820 2665 892 neque

343 913 540 984 etiam
563 934 604 980 a
621 911 1068 1002 jurisdictione
1113 911 1406 1004 parochi.
1462 910 1541 979 Et
1588 909 1902 980 habendae
1940 915 2119 994 sunt,
2150 932 2289 981 non
2318 916 2651 1004 tanquam

343 1027 680 1117 religiosae,
717 1028 828 1098 sed
855 1034 1172 1119 tanquam
1196 1028 1318 1117 piae
1349 1017 1782 1117 parochianae.

433 1143 500 1212 2⁰
551 1142 637 1212 Ut
690 1145 888 1235 possit
928 1143 1120 1214 vomis
1166 1140 1635 1212 Tertiariarum
1686 1140 1841 1234 ipsis
1899 1141 2251 1234 impartiri,
2304 1145 2656 1212 servanda}

343 1265 496 1328 sunt
523 1281 721 1350 supra
747 1264 1147 1330 enumeratae
1191 1257 1611 1327 conditiones.
1674 1255 1751 1326 ln
1795 1257 1919 1327 hoc
1960 1259 2143 1328 enirn
2171 1258 2347 1328 nihil
2382 1267 2489 1329 est
2516 1261 2645 1334 im-

343 1380 693 1443 mutatum.

431 1487 496 1556 3⁰
527 1487 628 1556 Ad
659 1487 984 1576 regulares
1025 1488 1303 1578 pertinet
1329 1509 1435 1556 eas
1462 1487 1543 1556 ad
1572 1487 1875 1556 habitum
1902 1487 2209 1578 recipere.
2260 1485 2331 1556 Si
2358 1489 2643 1578 quidem

341 1624 549 1693 neque
574 1602 645 1670 in
685 1603 812 1671 hoc
847 1601 1197 1672 intervenit
1233 1602 1370 1671 ulla
1388 1603 1560 1693 juris
1587 1603 1985 1672 immutatio.

429 1718 498 1785 4⁰
545 1715 771 1808 Recipi
812 1719 882 1786 in
934 1715 1279 1788 Tertiarias
1328 1723 1689 1808 nequeunt,
1736 1719 1864 1788 nisi
1912 1715 2171 1787 'obtenta
2202 1717 2498 1810 Episcopi
2544 1719 2633 1786 li-

343 1832 595 1920 centia3
646 1839 712 1901 et
753 1832 833 1901 ad
878 1831 1275 1924 Episcopum
1303 1834 1579 1925 pertinet
1606 1833 2001 1923 examinare,
2048 1855 2135 1902 an
2172 1833 2381 1904 adsint
2414 1835 2637 1923 requi-

343 1948 477 2018 sitae
526 1945 947 2032 conditiones,
983 1969 1181 2039 supra
1239 1947 1598 2039 descriptae.

431 2067 500 2132 5⁰
545 2066 658 2134 An
695 2062 1026 2134 Tertiariae
1062 2062 1408 2155 sejunctim
1444 2064 1729 2132 viventes
1753 2062 2077 2152 gaudeant
2111 2065 2467 2155 privilegio
2492 2067 2635 2155 fori,

341 2181 600 2268 sintque
627 2179 900 2268 proinde
935 2176 1258 2248 habendae
1299 2199 1416 2269 pro
1446 2179 1737 2269 personis
1766 2178 2235 2266 ecclesiasticis,
2284 2179 2459 2250 olim
2504 2181 2637 2250 dis-

342 2297 640 2385 putatum
691 2298 824 2375 est3
879 2292 991 2360 se'd
1043 2291 1573 2383 respondendum
1623 2295 1719 2365 est
1776 2291 2195 2379 affirmative,
2251 2295 2307 2363 si
2359 2293 2637 2365 habeant

343 2406 740 2476 conditiones
813 2404 1154 2496 requisitas
1206 2428 1246 2478 a
1309 2407 1768 2478 constitutione
1837 2408 2074 2480 Leonis
2124 2407 2189 2480 X
2240 2417 2305 2478 et
2377 2412 2627 2482 decreto

343 2543 538 2613 supra
590 2521 804 2603 citato,
857 2521 1016 2590 anni
1056 2521 1292 2602 1616,:
1335 2543 1549 2610 εοεαε,
1580 2525 1637 2592 si
1666 2524 2151 2594 conditionibus
2178 2525 2313 2594 illis
2350 2533 2629 2596 careant.

344 2628 816 2723 Inconcussam
865 2657 996 2705 esse
1041 2635 1232 2706 hodie
1257 2628 1441 2706 illam
1472 2638 1959 2708 conclusionem
2006 2641 2231 2708 asserit
2278 2639 2635 2710 Cardinalis

363 2754 546 2823 Petra
577 2753 774 2845 (tomo
799 2753 868 2840 4,
894 2753 966 2820 in
993 2755 1518 2824 constitutionem
1567 2753 1649 2824 15
1688 2753 1947 2824 Martini
1972 2755 2063 2842 V,
2090 2776 2163 2824 n.
2200 2754 2353 2845 14);
2404 2763 2474 2824 et
2508 2775 2635 2824 eam

347 2868 564 2936 firmat
631 2866 920 2956 sequenti
971 2866 1294 2936 decisione
1346 2865 1558 2937 Sacrae
1610 2867 2140 2956 congregationis
2200 2867 2633 2937 immunitatis

346 2981 784 3053 ecclesiasticae
817 3003 836 3052 ε
882 2981 1220 3050 Tertiariae
1261 2981 1563 3072 qaudent
1606 2980 1968 3074 privileqio
2003 2982 2162 3072 sori.
2176 3033 2192 3050 .
2210 3035 2257 3071 .‚
2315 2995 2633 3074 quatenus

346 3099 639 3168 habeant
660 3095 976 3189 requisita
1001 3097 1493 3167 constitutionis
1520 3097 1753 3166 Leonis
1776 3098 1861 3186 X,
1886 3109 1955 3168 ct
1976 3096 2226 3180 decreti
2248 3099 2349 3190 (1)
2370 3103 2448 3168 S.
2478 3102 2635 3166 Con-

347 3214 757 3305 qreqationis
779 3211 1270 3304 Episcoporum
1298 3223 1364 3280 et
1392 3210 1831 3301 reqularium.

301 3351 308 3356 ·
445 3327 560 3396 Vl.
617 3327 1003 3396 Formulam
1051 3348 1181 3418 qua
1227 3327 1324 3395 uti
1363 3331 1566 3418 potest
1606 3325 1966 3420 Episcopus
1995 3351 2110 3418 pro
2145 3329 2363 3398 danda
2380 3329 2629 3398 licentia

358 3442 744 3536 recipiendae
793 3444 874 3512 ad
921 3442 1222 3514 habitum
1269 3442 1625 3524 Tentat-ine,
1676 3444 1873 3513 tradit
1916 3441 2262 3516 Monacelli
2310 3446 2513 3536 (parte
2566 3443 2623 3526 1,

353 3563 454 3631 tit.
489 3559 601 3650 16,
625 3560 820 3630 form.
855 3558 988 3650 14).

417 3789 484 3852 (1)
504 3785 728 3850 intellige
749 3783 1011 3836 decretum
1033 3793 1184 3846 supra
1203 3793 1232 3832 a
1254 3781 1400 3834 nobis
1430 3783 1815 3847 transcriptum,
1844 3785 1966 3837 anni
1983 3787 2125 3838 1616.

2805 3673 2811 3752 εἱ
