2834 4959
506 323 586 380 52
1067 336 1405 383 rnAcTATus
1452 335 1529 382 nn
1572 337 1722 382 suns
1767 333 2180 380 assummum.

499 481 624 550 que
643 457 1091 528 substantiam
1120 483 1322 550 quam
1345 470 1752 551 perceperat,
1786 453 2233 548 omnipotenti
2260 453 2390 519 Deo
2418 449 2706 518 immolat.

497 574 579 642 Et
611 582 793 644 antea
823 577 1105 646 dixerat:
1151 579 1314 646 Cum
1367 576 1613 667 aliquis
1651 597 1843 643 omne
1868 571 2045 666 quod
2082 568 2305 656 habet,
2358 589 2538 636 omne
2576 564 2713 656 quod

500 691 686 778 vivit,
741 715 934 763 omne
977 691 1156 786 quod
1192 695 1396 784 sapit,
1430 691 1875 785 omnipotentz
1899 693 2030 758 Deo
2070 686 2279 774 vovit,
2310 683 2710 752 holocaustum

497 821 615 876 est.
650 807 850 898 Magis
878 833 1164 901 expresse
1193 809 1260 880 S.
1286 809 1563 879 Basilius
1592 808 1953 912 (sermone
1938 807 2000 889 1,
2028 802 2105 872 de
2132 801 2359 872 Instit.
2388 763 2707 889 monach.):
2767 809 2768 882 ζ

503 925 626 994 Ubi
647 927 791 1018 quis
819 945 1053 1019 sponte
1079 950 1202 995 sua
1229 927 1368 1017 ipse
1379 928 1753 1018 professuS,
1804 921 1910 991 laic
1936 925 2070 990 Deo
2119 917 2447 988 custodire
2482 916 2711 1007 seipsum

495 1043 706 1132 debet,
740 1044 954 1112 veluti
992 1066 1218 1112 eorum
1248 1041 1529 1133 aliquid,
1563 1064 1708 1132 quoe
1736 1039 1986 1108 donata
2026 1048 2181 1106 sunt
2208 1039 2366 1105 Deo,
2404 1033 2519 1102 Et
2504 1056 2568 1102 m
2603 1031 2712 1124 Epi·
2767 1037 2768 1076 ³

495 1160 653 1229 stola
677 1161 738 1242 1,
769 1162 849 1230 ad
879 1161 1276 1229 monachum
1305 1159 1559 1249 lapsum
1588 1156 1789 1249 :lVide
1813 1180 1895 1226 ne
1912 1157 2089 1248 forte
2112 1152 2275 1222 dum
2301 1151 2422 1240 vis,
2446 1173 2579 1242 quae
2601 1149 2711 1240 qui-

497 1274 775 1343 busdam
791 1288 1042 1368 pactus
1067 1299 1156 1360 ες,
1180 1274 1537 1359 custodire,
1560 1271 2041 1366 transqrediare
2064 1281 2270 1362 pacta
2294 1291 2335 1336 α
2352 1282 2410 1334 te
2426 1264 2581 1334 inita
2600 1283 2711 1330 cum

495 1400 654 1483 De0,
688 1420 837 1488 quae
853 1399 1194 1490 professus
1214 1420 1280 1466 es
1307 1419 1531 1465 coram
1558 1393 1802 1462 multis
1846 1391 2147 1461 testibus
2184 1389 2267 1458 Et
2294 1391 2362 1457 in
2392 1387 2610 1476 regulis
2637 1385 2712 1451 fu-

493 1513 626 1579 sius
653 1512 1002 1604 explicatis,
1032 1514 1254 1604 regula
1287 1513 1370 1582 14
1422 1511 1726 1598 declarat,
1757 1515 2021 1601 pactum
2052 1507 2221 1576 illud
2260 1527 2391 1574 esse
2418 1497 2712 1570 traditionis

494 1629 858 1718 cujusdam,
887 1635 950 1697 et
965 1631 1108 1698 ideo
1129 1631 1525 1722 sacrilequm
1546 1628 1813 1718 furtum
1842 1624 2199 1718 committi,
2231 1623 2293 1692 si
2305 1645 2405 1690 res
2418 1621 2503 1691 sic
2518 1622 2623 1688 Deo
2640 1614 2714 1682 di·

496 1757 647 1814 cata
665 1744 1128 1816 subtrahatur.
1163 1746 1332 1814 Item
1361 1745 1429 1813 S.
1460 1745 1951 1833 Chrysostomus
1982 1739 2085 1833 (ad
2110 1739 2519 1808 Theodorum
2543 1753 2715 1804 mona·

495 1863 724 1948 chum,
752 1864 924 1932 circa
967 1862 1320 1950 medium):
1367 1860 1445 1930 Si
1464 1860 1731 1928 militiae
1758 1857 2029 1928 vincula
2072 1877 2213 1924 non
2264 1863 2565 1940 tenerent,
2611 1845 2715 1940 quis

497 1979 625 2047 tibi
644 1976 1024 2048 desertionis
1049 1979 1297 2048 crimen
1310 1978 1619 2067 objiceret
1633 1980 1669 2046 ?
1688 1979 2119 2046 Nuncautem
2138 1972 2329 2042 nihil
2340 1971 2411 2040 in
2434 1982 2493 2040 te
2506 1965 2715 2062 penitm

499 2096 603 2165 tui
609 2095 795 2185 juris
822 2109 940 2184 est,
978 2097 1228 2186 quippe
1273 2093 1391 2185 qui
1422 2105 1611 2160 tanto
1641 2091 2032 2182 imperatori
2058 2091 2362 2160 militare
2390 2085 2636 2180 coepisti.
2662 2079 2715 2148 Et

509 2211 852 2280 Cassianus
897 2209 1038 2300 (lib.
1089 2211 1161 2296 2,
1208 2208 1288 2280 de
1331 2209 1556 2276 Ins-tit.
1600 2211 1927 2295 Renum„
1960 2231 2020 2277 c.
2064 2205 2159 2300 3),
2200 2227 2487 2299 expresse
2523 2201 2712 2280 asserit,

385 2325 396 2344 ⁸
493 2325 903 2418 reliqiosum,
937 2349 1021 2396 ne
1041 2326 1149 2395 sui
1168 2322 1441 2418 quidem
1460 2325 1669 2416 ipsius
1716 2324 2081 2394 dominium
2100 2323 2210 2396 vel
2231 2334 2613 2416 potestatem
2626 2314 2715 2384 Ιια·

505 2444 670 2512 bere.
705 2443 962 2514 Similia
985 2444 1176 2512 habet
1199 2440 1270 2512 S.
1298 2441 1685 2512 Benedictus
1710 2442 1781 2510 in
1809 2465 1925 2510 sua
1948 2441 2197 2531 regula,
2230 2441 2437 2532 capite
2456 2437 2559 2508 58.
2584 2431 2717 2502 Unde

501 2581 721 2629 revera
739 2564 1099 2628 constanter
1125 2567 1188 2628 et
1213 2557 1648 2628 communiter
1670 2559 1741 2628 in
1770 2557 2051 2627 Ecclesia
2072 2557 2442 2628 intellectus
2466 2561 2552 2624 est
2568 2555 2717 2622 status

503 2673 864 2764 religiosus,
897 2682 1207 2766 tanquam
1233 2674 1495 2745 traditio
1533 2696 1647 2744 seu
1698 2675 1957 2744 donatio
2012 2673 2147 2744 Deo
2194 2675 2389 2744 facta.
2430 2669 2508 2741 Et
2549 2663 2716 2738 habita

503 2797 598 2860 est
634 2791 750 2860 ista
785 2788 992 2859 totalis
1015 2792 1298 2882 religiosi
1338 2791 1593 2859 donatio
1619 2797 1929 2880 tanquam
1943 2790 2101 2881 quid
2129 2790 2493 2883 principale
2516 2789 2580 2857 in
2596 2785 2716 2853 statu

499 2905 828 2997 religioso,'
861 2929 936 2976 ac
969 2905 1236 2997 proinde
1270 2913 1577 2996 tanquam
1608 2906 1767 2996 quid
1792 2905 1871 2973 ad
1895 2907 2035 2996 ejus
2066 2905 2493 2974 substantiam
2520 2919 2619 2970 seu
2648 2913 2716 2960 es·

501 3023 773 3091 sentiam
821 3025 1174 3113 pertinens.
1219 3023 1344 3092 Ista
1387 3029 1605 3092 autem
1635 3021 1889 3092 traditio
1926 3043 2041 3090 seu
2068 3021 2331 3118 donatio
2364 3018 2539 3090 nulla
2577 3015 2714 3089 roret,

501 3139 628 3208 nisi
655 3145 1092 3231 acceptaretur
1115 3164 1134 3225 ;
1176 3146 1419 3209 etcum
1452 3161 1586 3208 non
1626 3145 1990 3229 acceptetur
2010 3137 2387 3208 immediate
2412 3159 2449 3206 a
2474 3133 2615 3214 Deo,
2640 3148 2718 3194 ne-

503 3277 672 3325 cesse
695 3243 789 3324 est
807 3279 949 3326 eam
977 3259 1293 3350 acceptari
1320 3257 1403 3326 ab
1428 3257 1645 3348 aliquo
1669 3262 1976 3347 tanquam
2002 3255 2119 3326 Dei
2145 3257 2467 3326 ministro.
2490 3251 2718 3334 Estergo
2767 3334 2768 3350 χ

501 3371 757 3440 traditio
772 3374 932 3459 haec,
955 3379 1276 3464 quatenus
1297 3373 1382 3440 ab
1402 3373 1693 3456 homine,
1726 3373 1994 3442 nomine
2018 3371 2159 3460 Dei,
2186 3377 2535 3465 acceptata,
2554 3379 2718 3436 unum
2767 3413 2768 3446 3

500 3489 579 3556 de
603 3490 1046 3559 essentialibus
1069 3498 1265 3560 status
1305 3490 1591 3580 religiosi
1619 3493 1875 3584 proprie
1905 3489 2081 3560 dicti.

595 3605 1072 3676 Corollarium.
1101 3643 1193 3660 --
1220 3607 1389 3698 Ergo
1417 3614 1615 3678 status
1640 3607 1978 3697 religiosus
2024 3607 2414 3699 completae,
2456 3601 2718 3692 aliquate

501 3744 628 3792 nus
657 3720 868 3790 differt
891 3729 1112 3792 astatu
1140 3725 1457 3816 completo
1480 3725 1885 3817 perfectionis
1916 3725 2351 3815 acquirendae.
2390 3719 2551 3793 Nam
2574 3733 2720 3804 supe·

500 3835 667 3905 riore
691 3838 969 3910 sectione
995 3839 1280 3929 vidimus
1308 3841 1449 3910 dari
1490 3841 1887 3932 completum
1934 3849 2171 3910 statum
2217 3835 2617 3930 perfectionis
2642 3849 2719 3898 ac·

501 3951 852 4040 quirendae,
907 3975 1027 4046 per
1055 3955 1188 4024 sola
1242 3955 1364 4024 tria
1411 3958 1681 4026 consilia
1727 3957 2119 4048 evangelica,
2160 3964 2312 4027 voto
2370 3957 2625 4026 firmata.
2666 3943 2720 4010 1ss

503 4069 699 4134 status
721 4077 936 4139 autem
967 4070 1249 4160 religiosi
1271 4078 1583 4163 conceptu
1616 4073 1975 4142 includitur
2020 4081 2323 4165 praeterea
2350 4072 2601 4166 praefata
2623 4069 2723 4130 tra·

503 4181 686 4266 ditio,
731 4206 767 4250 a
794 4183 927 4257 Deo
955 4196 1302 4281 acceptata,
1335 4213 1483 4281 quae
1518 4200 1611 4260 est
1639 4193 1797 4283 quid
1839 4215 1876 4261 a
1902 4193 2105 4262 tribus
2159 4193 2327 4262 votis
2368 4189 2720 4262 distinctum,

504 4302 566 4364 et
591 4299 746 4388 ipsis
773 4305 1283 4394 superadditum,
1314 4307 1467 4377 licet
1492 4311 1693 4377 simul
1742 4333 1893 4379 cum
1922 4311 2268 4381 emissione
2295 4319 2581 4380 votorum
2614 4291 2723 4380 fieri

501 4413 716 4483 soleat·
778 4413 847 4486 Sl
912 4422 1059 4510 quis
1109 4431 1326 4493 tamen
1358 4425 1543 4494 malit
1612 4432 1847 4495 statum
1900 4429 2299 4518 completum
2364 4409 2723 4517 perfectionis
