2834 4959
1151 379 1298 426 ruis
1345 379 1565 428 rium.
2027 353 2035 360 ⁹
2367 381 2487 437 163

209 499 346 570 facit
379 497 858 567 Antonelliana
898 495 1252 569 dissertatio
1297 501 1471 592 (pag.
1522 501 1647 570 167
1693 507 1757 570 et
1804 503 1991 594 seq.).
2044 503 2205 573 ltem
2246 507 2495 580 deditos

203 637 297 685 eos
345 615 562 683 fuisse
613 611 858 704 asperis
904 613 1196 701 jejuniis,
1253 615 1685 698 abstinentiis,
1737 616 2167 702 chameuniis,
2221 621 2495 714 aliisque

199 733 480 822 corporis
519 725 1052 798 afflictationibus
1087 728 1314 818 (ibid.,
1361 751 1509 820 pag.
1546 731 1677 800 180
1720 739 1784 799 et
1810 735 2005 824 seq.).
2050 735 2165 803 Ad·
2194 735 2497 808 obedien-
2607 759 2613 767 ·

197 846 360 914 tiam
409 845 592 936 quod
650 843 897 924 attinet,
971 841 1216 912 nedum
1275 843 1601 914 exclusam
1672 865 1815 914 eam
1878 846 2073 916 fuisse
2134 855 2491 920 ascetarum

205 959 498 1028 instituto
549 957 873 1027 existimet
907 957 1322 1044 Antonellus,
1380 959 1586 1028 multa
1629 960 1697 1028 in
1741 963 2144 1032 contrarium
2188 963 2495 1048 adducit>

215 1075 532 1165 praecipue
555 1073 800 1142 scilicet
831 1071 916 1142 ab
943 1072 1174 1142 ascetis
1195 1073 1675 1142 observandum
1704 1073 1927 1158 fuisse,
1959 1083 2033 1143 ut
2060 1077 2341 1170 alicujus
2360 1101 2499 1148 ma-

217 1190 396 1278 gistri
415 1187 723 1278 regimini
762 1207 898 1256 sese
923 1187 1357 1280 subjicerent3
1405 1211 1525 1279 pro
1568 1211 1701 1280 quo
1740 1196 1805 1259 et
1846 1201 2315 1262 commemorat
2353 1217 2497 1264 ser-

219 1306 422 1374 monis
447 1301 707 1372 ascetici
734 1299 814 1370 de
839 1303 1338 1372 renuntiatione
1364 1304 1618 1388 saeculi,
1656 1311 1877 1380 sancto
1904 1305 2141 1376 Basilio
2168 1309 2496 1400 adscripti,

219 1419 400 1490 verba
423 1419 572 1490 haec
607 1443 626 1487 :
669 1443 707 1485 <a
727 1417 1117 1510 Magnopere
1140 1440 1298 1490 cura
1323 1426 1388 1490 et
1413 1421 1679 1513 provide
1704 1427 1781 1490 ut
1816 1423 2035 1492 virum
2066 1430 2195 1494 tuae
2218 1427 2365 1497 vitae
2389 1435 2497 1498 tu-

219 1562 252 1601 «
289 1536 625 1606 tissimum
659 1534 898 1604 ducem
940 1535 1346 1626 reperias...:
1393 1557 1659 1604 omnem
1710 1542 1893 1606 tuam
1944 1539 2339 1611 voluntatem
2384 1565 2501 1611 ex-

215 1679 246 1717 «
286 1673 532 1743 spuens
587 1656 654 1718 et
693 1649 864 1718 foras
908 1649 1284 1741 projiciens,
1327 1652 1485 1722 huic
1526 1654 1807 1744 teipsum
1860 1656 2112 1724 trade...
2168 1657 2497 1749 Quidquid

215 1803 250 1839 ι
283 1773 462 1844 enim
493 1771 646 1840 sine
671 1771 814 1860 ipso
841 1769 1150 1859 efficitur,
1182 1769 1435 1840 furtum
1460 1777 1555 1841 est
1574 1778 1639 1841 et
1656 1773 2097 1862 sacrilegium,
2126 1780 2302 1866 quod
2326 1801 2503 1848 mor·

219 1917 254 1953 ι
289 1895 418 1956 tem
471 1885 708 1972 infert,
758 1904 892 1952 non
943 1884 1314 1975 utilitatem,
1365 1887 1619 1954 tametsi
1669 1886 1787 1954 tibi
1852 1889 2141 1957 videatur
2198 1913 2333 1959 esse
2378 1893 2501 1962 bo-

227 2035 262 2076 «
291 2033 473 2078 num.
503 2035 538 2076 »
573 2009 686 2099 (In
715 2007 1166 2078 Antonelliana
1207 2009 1489 2093 dissert„
1532 2032 1601 2101 p.
1639 2009 1821 2100 195.)
1862 2011 2125 2080 Ascetas
2171 2019 2387 2081 autem
2434 2017 2500 2082 in

213 2125 362 2193 duas
407 2125 650 2194 classes
689 2111 1020 2191 distribuit
1055 2123 1443 2193 Antonellus
1488 2123 1709 2214 (ibid.,
1760 2146 1909 2216 pag.
1960 2125 2154 2214 118);
2206 2139 2495 2197 contem·

209 2241 502 2332 plativos
557 2260 798 2331 nempe
853 2235 1170 2331 (θεωρούς),
1227 2246 1290 2310 et
1343 2239 1596 2308 activos
1666 2239 2077 2332 (πρακτικούς);
2144 2265 2304 2334 quos
2362 2267 2501 2314 om-

213 2381 322 2427 nes
349 2359 480 2428 sub
522 2361 866 2428 communi
897 2355 1454 2451 philosophorum
1490 2357 1757 2426 nomine
1804 2357 1948 2426 ideo
1992 2361 2504 2450 comprehendit,

213 2477 389 2568 quod
430 2475 738 2546 Ecclesiae
791 2471 1084 2543 Patribus
1128 2469 1688 2564 philosophorum
1737 2477 1800 2541 et
1837 2472 2287 2566 philosophice
2336 2475 2505 2544 clm·-

223 2592 472 2659 stianae
495 2587 1154 2669 denominationibus,
1192 2591 1436 2655 ascetas
1458 2583 1779 2675 ejusmodi
1806 2589 2278 2678 asceticamque
2300 2592 2499 2660 vitam

229 2705 572 2793 designare
613 2705 872 2774 solitum
918 2703 1036 2771 sit..
1069 2697 1391 2780 Tandem,
1463 2699 1637 2788 quod
1702 2718 1777 2764 ex
1834 2696 2239 2770 documentis
2296 2705 2503 2774 eccle-

236 2821 508 2890 siasticis
545 2826 801 2907 constet,
842 2839 976 2886 non
1020 2821 1274 2885 tantum
1322 2817 1472 2883 ante
1522 2812 1838 2880 saeculum
1879 2823 2211 2904 quartum,
2265 2818 2375 2884 sed
2421 2821 2505 2886 ab

237 2936 384 3026 ipso
409 2935 594 3004 etiam
621 2933 994 3025 Apostolico
1021 2951 1182 3015 aevo,
1217 2926 1743 3020 quamplurimos
1770 2928 2077 2996 exstitisse
2123 2929 2500 3017 hujusmodi

234 3055 494 3140 ascetas,
538 3051 744 3120 videri
797 3055 1026 3142 potest,
1083 3054 1226 3115 tum
1281 3046 1352 3114 in
1407 3046 1597 3113 citata
1648 3043 1975 3113 Antonelli
2026 3045 2494 3132 dissertatione,

231 3171 376 3233 tum
411 3165 582 3258 apud
627 3165 974 3234 modernos
1025 3161 1481 3232 Bollandianos
1533 3160 1948 3250 (Examen...
2002 3159 2163 3228 libri
2203 3161 2502 3229 Mariani

245 3275 631 3362 Verkoeven,
661 3298 815 3370 pag.
849 3276 934 3345 59
980 3279 1042 3342 et
1087 3271 1277 3363 seq.),
1320 3271 1438 3338 ubi
1492 3270 1763 3360 longum
1810 3269 2087 3361 reperies
2139 3270 2497 3362 priscorum

231 3387 494 3462 illorum
517 3399 880 3461 ascetarum
908 3389 1298 3478 catalogum.

317 3505 620 3577 Jamvero
669 3505 1074 3598 postulamus
1129 3501 1291 3593 quid
1345 3497 1663 3590 ejusmodi
1711 3499 1935 3568 ascetis
2002 3501 2275 3571 desuerit
2332 3525 2503 3592 quo-

227 3623 454 3690 minus
477 3623 654 3692 veris
680 3622 995 3714 religiosis
1021 3615 1503 3688 annumerandi
1528 3617 1660 3683 sint
1682 3614 1718 3683 ⁶?
1754 3614 1961 3704 Certe,
2007 3639 2161 3686 cum
2194 3618 2265 3684 in
2308 3617 2507 3690 hocce

227 3739 546 3830 instituto,
579 3745 646 3807 et
695 3739 968 3830 triplicis
1007 3733 1261 3806 consilii
1307 3729 1665 3821 evangelici
1710 3737 1927 3800 votum
1974 3733 2395 3824 reperiamus,
2448 3741 2509 3802 et

229 3855 488 3925 totalem
526 3855 666 3925 Deo
717 3853 1286 3945 mancipationem,
1328 3847 1547 3939 potius
1592 3847 1672 3915 iis
1728 3845 2101 3916 doctoribus
2150 3849 2505 3918 assentien-

229 3969 396 4040 dum
427 3977 538 4058 est,
578 3970 698 4061 qui
734 3989 893 4038 cum
930 3966 1228 4038 Suaresio
1267 3963 1744 4043 existimarunt,
1784 3968 1980 4030 totam
2020 3962 2089 4028 in
2124 3981 2199 4029 eo
2239 3965 2509 4055 reperiri

233 4085 368 4152 veri
395 4092 592 4159 status
619 4083 910 4174 religiosi
940 4083 1286 4154 rationem.

323 4198 702 4271 Pmosmo
730 4197 841 4268 V‘.
885 4235 978 4252 —
1017 4199 1191 4266 Ante
1227 4205 1545 4286 quartum
1581 4191 1925 4277 soeculum,
1973 4199 2171 4281 atque
2221 4191 2305 4260 ab
2350 4193 2515 4284 ipsis

241 4315 436 4384 etiam
449 4313 856 4409 Apostolieis
871 4309 1276 4405 temporibus
1289 4331 1459 4378 verae
1479 4305 1807 4376 moniales
1827 4303 2149 4374 exstitere.
2190 4343 2278 4358 —
2308 4305 2516 4379 Cona-
2538 4367 2550 4374 .

246 4435 342 4500 tus
371 4433 638 4524 quidem
680 4439 778 4502 est
804 4429 1273 4500 Thomassinus
1306 4423 1661 4510 adstruere,
1703 4429 1841 4491 tum
1887 4421 2175 4513 primum
2228 4421 2517 4494 floruisse
