2834 4959
1088 371 1159 416 ΡΛ
1168 371 1237 417 RS
1282 373 1573 443 sEchnA.
2338 371 2371 424 2
2384 373 2415 424 6
2433 375 2454 428 1

205 489 547 578 Pontificio
566 510 873 578 eoepresse
896 489 1375 575 concederetur,
1398 505 1477 558 ut
1505 493 1752 583 absque
1782 493 1962 562 dicta
1995 495 2264 564 licentia
2305 523 2466 568 con-

202 615 432 672 ventus
448 603 618 693 eriqi
622 613 873 692 posset.
904 641 991 656 —
1023 605 1217 688 Nam,
1248 615 1323 674 ut
1350 629 1544 698 supra
1589 609 1896 688 vidimuS,
1938 609 2238 702 Episcopi
2270 613 2470 683 licen·

200 722 345 788 tiam
396 719 675 788 omnino
742 721 1163 788 necessariam
1220 720 1586 792 Tridentini
1635 723 1850 792 Patres
1900 725 2078 816 (sess.
2123 727 2233 811 25,
2288 752 2347 799 c.
2405 731 2468 822 3)

196 835 669 918 decreverunt;
718 835 807 902 ita
856 841 931 902 ut
983 837 1179 903 etiam
1236 837 1498 905 inanem
1573 843 1638 906 et
1687 839 1934 907 irritam
2007 841 2472 917 declaraverint

202 953 355 1019 novi
414 955 763 1018 conventus
804 949 1221 1038 erectionem,
1280 951 1526 1041 absque
1566 951 1738 1021 dicta
1796 952 2056 1022 licentia
2119 965 2464 1046 peractam.

203 1067 397 1147 Quod
438 1073 646 1134 autem
696 1065 1175 1157 heneplacitum
1236 1067 1680 1158 Apostolicum
1743 1071 1880 1158 jam
1941 1069 2276 1142 obtentum
2341 1099 2472 1146 non

204 1185 431 1250 liberet
494 1201 529 1248 a
576 1181 949 1250 necessitate
1004 1181 1367 1250 obtinendae
1426 1185 1691 1275 insuper
1735 1182 2012 1255 licentioe
2048 1187 2470 1283 Episcopalis,

207 1303 423 1365 tenent
462 1297 747 1366 doctores
812 1298 1267 1365 communiter.
1314 1297 1408 1372 De
1461 1320 1590 1388 quo
1633 1300 1726 1369 sic
1767 1301 1935 1370 inter
1984 1303 2140 1371 alios
2197 1305 2474 1397 pasqua.

209 1414 416 1502 ligus:
464 1437 499 1476 α
538 1412 647 1480 An
698 1413 751 1478 si
780 1433 1077 1479 summus
1127 1411 1422 1480 Pontifex
1462 1413 1767 1482 concedat
1793 1414 2146 1485 Ecclesiam
2177 1428 2286 1488 aut
2316 1443 2472 1490 con—

214 1555 245 1592 «
280 1538 541 1598 ventum
564 1527 995 1617 regularibuS,
1026 1529 1395 1616 requiratur
1445 1528 1661 1596 adhuc
1706 1529 1966 1598 licentia
2019 1539 2080 1599 et
2122 1555 2472 1604 consensus

208 1673 237 1710 α
264 1643 625 1735 Episcopi?
692 1642 1123 1712 Affirmative·
1162 1644 1614 1712 resolvendum
1667 1651 1780 1712 est.
1843 1646 1935 1714 lta
2000 1649 2190 1716 etiam
2249 1651 2476 1719 Vene-

207 1788 241 1825 α
264 1785 465 1830 rus...
490 1759 889 1850 Cespedes...
914 1759 1252 1827 Donatus..
1268 1812 1283 1827 .
1315 1758 1508 1827 Rodri
1518 1781 1758 1848 guez...
1782 1759 1861 1828 Et
1887 1783 2072 1830 casus
2096 1769 2189 1829 est
2215 1766 2470 1834 decisus

208 1904 241 1939 a
266 1879 331 1944 in
384 1877 601 1966 capite
660 1873 1055 1958 PastoraliS,
1129 1873 1209 1940 de
1256 1873 1657 1962 Privileqiis,
1716 1874 1830 1941 ubi
1879 1875 2249 1943 decernitur
2295 1881 2469 1966 quod

214 2017 243 2054 α
272 1992 599 2080 regulares
647 1989 1001 2058 obtinentes
1042 1989 1345 2057 ecclesias
1409 2010 1526 2080 pro
1553 2010 1673 2056 suo
1703 2010 1830 2056 usu
1874 2010 2006 2057 non
2055 1999 2340 2080 possunt,
2377 1993 2477 2059 in-

208 2135 238 2172 «
266 2109 565 2179 consulto
614 2107 958 2197 Episcopo,
1001 2107 1073 2174 in
1111 2109 1406 2197 ipsarum
1453 2106 1917 2198 possessionem
1957 2107 2248 2175 introire.
2308 2107 2479 2190 Quia

204 2249 233 2285 «
258 2225 508 2292 scilicet
567 2221 889 2291 concessio
964 2227 1261 2288 censetur
1320 2221 1488 2288 facta
1557 2221 1729 2290 salvo
1793 2224 1946 2312 jure
2022 2221 2360 2314 Episcopi3
2419 2223 2480 2290 et

200 2365 231 2402 a
258 2339 407 2408 ideo
469 2346 544 2406 ut
592 2359 727 2405 non
807 2337 889 2405 sit
940 2336 1344 2404 necessarius
1427 2337 1568 2426 ejus
1637 2357 2010 2421 consensuS,
2093 2339 2477 2427 requiritur,

202 2456 437 2546 «quod
484 2456 559 2523 in
600 2452 1009 2522 concessione
1064 2449 1422 2542 specialiter
1471 2452 1896 2542 exprimatur,
1925 2453 2144 2544 quod,
2193 2475 2326 2522 non
2373 2473 2480 2521 re—

204 2597 238 2634 «
268 2571 508 2659 quisito
558 2570 763 2660 ipsius
789 2588 1135 2650 consensu,
1189 2569 1435 2658 possint
1465 2569 1927 2653 possessionem
1973 2567 2474 2659 apprehendere.

210 2712 245 2748 ιι
276 2684 447 2752 Nam
510 2691 663 2753 tunc
707 2704 1037 2787 ’summus
1102 2679 1394 2749 Pontifex
1459 2683 1830 2747 auctoritate
1897 2686 2156 2770 propria
2227 2685 2482 2773 supplet

212 2825 250 2864 «
284 2820 668 2869 consensum
722 2798 1041 2890 Episcopi.
1093 2797 1187 2864 Ex
1230 2816 1361 2886 quo
1412 2794 1800 2862 deducitur:
1845 2795 2044 2882 quod,
2077 2802 2477 2862 stantecon-

218 2941 253 2980 t(
284 2917 569 2984 cessione
623 2915 866 2984 summi
948 2912 1301 2999 pontilicis,
1375 2916 1585 3004 posset
1663 2909 2020 3000 Episcopus
2092 2907 2484 2998 suspendere

211 3057 243 3095 α
276 3029 744 3119 executionem,
821 3037 883 3098 et
946 3027 1295 3098 rescribere
1367 3028 1582 3096 eidem
1660 3022 1983 3104 Pontifici,
2053 3021 2109 3090 si
2161 3022 2484 3110 judicaret

204 3176 239 3210 α
268 3169 403 3218 non
450 3147 745 3238 expedire
774 3145 929 3214 tales
977 3145 1309 3234 religiosos
1339 3143 1592 3212 admitti
1627 3141 1702 3210 ad
1741 3142 1955 3210 locum
1995 3157 2401 3208 concessum.
2431 3161 2468 3200 n

200 3263 679 3356 (pasqualigus,
729 3262 799 3330 in
826 3260 1262 3330 additionibus
1290 3259 1370 3328 ad
1400 3258 1773 3326 Lauretum
1805 3257 1884 3324 de
1911 3253 2254 3342 FranchiS,
2305 3254 2472 3321 Con-

206 3380 545 3448 troversioe
588 3377 763 3446 inter
803 3377 1167 3468 Episcopo-s
1206 3387 1271 3442 et
1297 3374 1657 3465 requlareS,
1687 3393 1834 3463 pag.
1881 3369 2031 3453 158,
2071 3371 2222 3440 edit.
2265 3371 2484 3439 Romae

220 3496 457 3586 1656.)

284 3613 598 3682 Diximus
645 3611 715 3679 in
761 3609 926 3678 thesi
978 3608 1320 3698 nisilforte
1338 3605 1446 3696 [in
1495 3603 1932 3686 indulto-Pon
1944 3601 2148 3693 tificio
2199 3620 2492 3690 expresse

198 3729 671 3798 concederetur
753 3735 1147 3810 conuentum
1220 3719 1522 3813 eriqendi
1591 3719 1931 3811 facultas',
2009 3713 2254 3806 absque
2337 3711 2487 3780 ulla

202 3841 541 3934 Episcopi
568 3839 874 3910 lieentia.
917 3838 1083 3922 Quia
1128 3837 1183 3908 si
1222 3837 1517 3907 Pontifex
1553 3835 1622 3905 id
1651 3836 1914 3917 diceret,
1945 3833 2070 3902 hoc
2111 3834 2248 3923 ipso
2281 3850 2320 3896 a
2345 3827 2490 3898 Tri-

193 3957 481 4028 dentina
542 3958 894 4044 sanctione,
942 3955 1273 4026 licentiam
1336 3951 1636 4045 Episcopi
1687 3951 2036 4042 exigente}¹
2054 3948 2486 4038 dispensaret,

194 4083 275 4144 ut
302 4075 505 4166 patet.

202 4224 239 4262 ·.·
290 4187 680 4260 Pnorosrrio
706 4187 811 4258 11⁸.
836 4225 927 4240 —
947 4187 1213 4256 Dictam
1224 4184 1567 4256 licentiam
1593 4181 1930 4252 concedere
1942 4179 2170 4272 nequit
2198 4175 2496 4252 Vicat-ius

212 4305 553 4398 qeneralis
588 4303 933 4396 Episcopi,
972 4300 1214 4394 absque
1238 4285 1513 4394 speciali
1534 4296 1886 4378 mandate,
1938 4317 2144 4388 neque
2195 4290 2498 4365 Vicat-ius

204 4419 639 4513 capitulam,
668 4418 817 4490 sede
836 4431 1140 4489 vacante.
1167 4455 1257 4472 -
1283 4415 1452 4490 Vide
1480 4417 1547 4488 id
1571 4415 1912 4509 probatum
1929 4435 1970 4486 a
1995 4407 2380 4504 Pasqualigo
2403 4407 2500 4500 (iu
