2834 4959
362 332 486 392 518
913 333 1254 382 ΤΒΑΕΤΔΤῘΙΒ
1291 334 1368 380 ΒΕ
1413 333 1563 382 mm:
1608 331 2029 382 anonumum.

274 457 282 480 ¹
356 463 608 531 tissime
639 453 969 526 Cardinali
1004 452 1074 523 S.
1140 452 1637 523 Poenitentiariae
1690 452 1996 544 praerecto
2039 453 2295 526 directae
2350 468 2503 529 sunt
2528 485 2643 534 se-

358 582 620 668 quentes
647 573 915 640 litterae:
957 595 994 636 a
1025 567 1555 639 Eminentissime
1582 591 1659 638 ac
1698 567 2258 642 Reverendissime
2308 576 2637 669 princeps,

365 720 509 762 α-
533 687 970 758 Coniessarius
999 684 1386 754 monialium
1426 685 1673 754 ordinis
1697 685 2037 774 regulariS,
2074 709 2110 755 a
2157 686 2227 759 S.
2266 687 2427 760 Sede
2466 695 2637 764 olim

371 833 404 874 α
421 824 710 896 expresse
747 799 1106 892 approbati,
1131 821 1207 868 ea
1233 821 1364 890 qua
1391 821 1511 888 par
1538 808 1634 868 est
1658 799 2017 868 reverentia
2044 805 2326 872 recurrit
2352 805 2429 872 ad
2448 806 2641 876 Emi-

369 947 406 988 α
428 921 717 990 nentiam
754 919 964 989 Tuam
1015 917 1635 987 Reverendissimam
1663 937 1781 1007 pro
1802 917 2125 987 solutione
2148 919 2336 992 dubii
2387 945 2639 1014 urgen-

373 1033 667 1102 «tissimi
695 1039 756 1101 et
793 1031 1180 1121 gravissimi.

297 1176 322 1200 ο
455 1172 492 1212 ε(
513 1145 738 1238 Nuper
791 1131 1031 1216 scilicet
1111 1146 1396 1213 innotuit
1462 1143 1652 1212 dictis
1712 1143 2131 1226 monialibus,
2170 1144 2438 1215 illarum
2494 1156 2639 1217 vota

381 1287 418 1327 α
443 1283 578 1330 non
629 1282 764 1330 esse
801 1261 1142 1342 solemnia,
1187 1259 1298 1328 sed
1339 1257 1563 1327 Romae
1612 1259 1835 1328 haberi
1880 1265 2189 1350 tanquam
2254 1283 2431 1331 mere
2490 1265 2645 1332 sim·

376 1405 410 1444 α
433 1378 650 1468 plicia.

461 1519 498 1558 «
525 1493 753 1562 Subito
789 1498 1002 1562 exorta
1047 1496 1142 1561 est
1178 1491 1251 1559 in
1297 1490 1687 1559 monasterio
1738 1489 2019 1560 maxima
2070 1493 2441 1562 animorum
2484 1517 2643 1586 per-

379 1635 416 1674 «
442 1606 720 1677 turbatio
780 1634 798 1676 :
857 1608 1024 1676 bona
1077 1606 1254 1674 enim
1305 1605 1433 1674 fide
1482 1610 1625 1674 vota
1672 1626 1788 1674 sua
1848 1605 2207 1696 emiserant,
2262 1610 2331 1676 in
2398 1629 2643 1678 eorum

379 1748 414 1788 <t
435 1728 726 1792 accurata
745 1722 1150 1792 observantia
1195 1721 1510 1790 hactenus
1542 1697 2043 1811 perseverarant,
2066 1721 2343 1792 sciebant
2364 1745 2639 1793 monas-

379 1839 668 1906 «terium
719 1861 916 1908 suum
947 1857 1290 1927 nunquam
1339 1837 1412 1904 in
1460 1834 1691 1920 mediis
1730 1836 2103 1908 turbinibus
2158 1837 2452 1906 amisisse
2476 1859 2645 1906 con-

378 1977 414 2020 «
441 1953 945 2040 ventualitatem,
969 1953 1079 2022 sed
1103 1950 1505 2022 successione
1553 1972 1893 2040 nunquam
1922 1953 2287 2043 interrupta
2326 1954 2397 2020 in
2424 1951 2651 2022 eodem

383 2094 418 2134 α
442 2076 608 2139 statu
645 2071 1068 2160 permansisse
1099 2093 1117 2137 z
1163 2074 1392 2137 votum
1442 2070 1833 2159 paupertatis
1869 2070 1949 2138 ad
2004 2069 2179 2138 hanc
2232 2090 2435 2159 usque
2468 2071 2645 2140 diem

387 2210 424 2251 tt
455 2191 585 2252 tam
621 2184 890 2254 fideliter
925 2189 1365 2269 servaverunt,
1399 2189 1472 2251 ut
1500 2183 1817 2275 quidquid
1849 2183 2037 2254 titulo
2088 2185 2309 2276 legum
2352 2183 2653 2252 civilium

389 2326 424 2366 α
451 2301 807 2387 obvenerit,
833 2321 1086 2391 semper
1113 2305 1176 2368 et
1216 2304 1608 2387 constanter,
1639 2305 1967 2390 premente
1990 2300 2192 2369 etiam
2224 2301 2515 2368 maxima
2542 2322 2657 2391 pe-

389 2440 423 2481 «
447 2415 659 2500 nuria,
692 2420 1002 2506 tanquam
1025 2435 1166 2484 rem
1191 2415 1475 2484 alienam
1503 2415 2006 2507 repudiaverint.
2037 2413 2226 2485 Unde
2276 2415 2657 2486 conclama—

391 2538 672 2598 «verunt
709 2552 777 2598 se
789 2517 1116 2600 hactenus
1143 2531 1338 2600 fuisse
1375 2532 1647 2621 turpiter
1670 2529 1923 2601 delusas
1962 2537 2026 2600 et
2050 2531 2293 2621 injuste
2334 2532 2649 2623 deceptas.

393 2671 430 2711 «ι
453 2645 534 2713 Et
585 2647 892 2734 quoniam
944 2666 1286 2736 nunquam
1341 2645 1715 2715 habuerunt
1764 2647 2155 2717 voluntatem
2226 2657 2292 2718 et
2344 2649 2659 2718 intentio-

397 2783 606 2830 «nem
665 2762 998 2830 emittendi
1073 2768 1216 2832 vota
1285 2762 1633 2853 simplicia,
1698 2762 1811 2832 sed
1873 2769 2239 2833 constanter
2312 2765 2660 2835 voluerunt

397 2903 432 2945 t(
451 2877 820 2946 solemniter
915 2877 1224 2969 profiteri,
1325 2876 1689 2947 secundum
1767 2879 2060 2968 regulam
2160 2880 2417 2948 ordinis
2538 2882 2659 2964 sui,

397 3016 486 3063 «a
511 2997 579 3064 S.
621 2994 784 3063 Sede
809 2995 1170 3086 approbati,
1209 2993 1467 3084 aliquae,
1502 2997 1855 3084 praesertim
1886 2997 2205 3086 Juniores,
2242 2995 2661 3064 declararunt

397 3138 434 3178 α
460 3119 602 3180 tum
666 3111 1021 3202 praepositae
1075 3112 1473 3198 monasterii,
1538 3117 1679 3179 tum
1739 3111 2155 3196 confessario,
2238 3131 2305 3180 se
2356 3110 2665 3201 deinceps

401 3251 436 3294 α
460 3248 594 3295 esse
631 3225 862 3295 liberas
905 3232 968 3294 et
1021 3223 1105 3293 ab
1141 3225 1326 3294 omni
1367 3225 1761 3315 obligatione
1814 3224 2102 3316 regulari
2134 3226 2365 3296 solutas
2405 3250 2425 3292 :
2460 3226 2667 3294 adeo-

399 3369 437 3408 «
465 3362 593 3431 que
617 3341 1045 3410 obedientiam
1086 3340 1386 3410 antistitae
1415 3363 1551 3410 suae
1592 3342 1935 3432 denegant,
1995 3363 2151 3410 cum
2199 3342 2417 3411 eadem
2464 3363 2665 3432 agere

401 3482 440 3524 a
469 3455 816 3526 intendunt
843 3458 922 3526 ad
949 3457 1376 3526 obtinendum
1404 3457 1569 3526 dotis
1592 3479 1726 3526 suae
1748 3457 2250 3541 restitutionem,
2272 3459 2407 3526 imo
2428 3458 2667 3526 timen-

401 3575 626 3642 «dum
679 3579 798 3654 est,
829 3593 912 3642 ne
943 3593 1098 3640 cum
1143 3573 1429 3640 maximo
1470 3571 1761 3646 fidelium
1808 3573 2109 3642 scandalo
2153 3579 2218 3643 et
2262 3573 2667 3644 familiarum

401 3713 441 3754 α
465 3689 874 3771 detriment0,
905 3685 977 3753 in
1011 3686 1218 3756 animi
1248 3686 1757 3778 desperationem
1788 3693 1968 3778 actae,
2009 3689 2435 3759 matrimonia
2464 3694 2667 3758 atten-

399 3826 436 3869 α
458 3807 614 3872 tent.

481 3945 522 3987 α
545 3912 977 3990 confessarius
1006 3918 1264 3990 discolis
1287 3921 1605 3991 hactenus
1630 3921 1982 4013 respondit,
2014 3921 2399 4012 opinionem
2426 3920 2507 3988 de
2550 3919 2653 3984 in·

406 4060 443 4100 α
464 4035 786 4105 validitate
827 4034 1240 4127 professionis
1267 4034 1579 4106 solemnis
1601 4038 1819 4126 vigere
1868 4037 2137 4127 quidem
2172 4038 2247 4106 in
2276 4033 2503 4118 Gallia,
2542 4030 2659 4100 sed

395 4179 431 4218 α
460 4153 842 4242 neutiquam
857 4153 928 4221 in
955 4149 1202 4243 Belgio,
1229 4158 1297 4222 et
1309 4151 1769 4242 obligationem
1786 4159 2029 4222 certam
2048 4151 2315 4221 incertis
2345 4148 2661 4237 vanisque

399 4293 435 4332 α
456 4269 858 4338 rumusculis
879 4291 1010 4339 non
1039 4270 1266 4338 debere
1289 4269 1603 4350 convelli3
1639 4270 1940 4360 promisit
1980 4269 2251 4359 insuper
2278 4291 2349 4338 se
2390 4259 2663 4337 consilia

397 4405 438 4447 α
465 4383 854 4454 collaturum
882 4407 1036 4454 cum
1055 4385 1423 4455 Ordinario.
