2834 4959
1073 371 1226 420 PARS
1273 373 1537 432 Quanta·
2316 377 2443 434 547
2464 401 2477 414 ·

171 522 208 564 α
231 503 324 565 ter
343 501 577 566 caetera
603 493 1032 562 constitutum
1060 497 1249 577 esset,
1279 513 1362 564 ne
1391 496 1463 564 in
1474 497 1903 570 conventibus
1942 499 2293 592 designatis
2317 525 2447 574 no-

171 635 208 676 «
243 611 386 680 vitii
409 607 816 696 adhabitum
841 606 940 678 vel
960 607 1425 698 professionem
1442 609 1767 681 ullatenus
1798 612 2001 707 recipi
2030 620 2445 708 possent,nisi

172 751 210 792 α
238 726 480 817 praevia
527 723 992 816 approbatione
1024 721 1559 814 Congregationis
1598 726 2101 819 reformationis,
2131 732 2236 802 vel
2268 731 2452 825 Epis-

171 866 207 908 «
231 842 381 933 copi
403 836 746 910 dioecesani
769 837 870 930 (nt
891 838 961 906 in
989 837 1306 924 Bullario,
1339 845 1496 910 tom.
1528 839 1597 924 3,
1631 862 1779 933 pag.
1812 841 1990 936 130),
2020 846 2446 936 religionibus

168 981 204 1026 α
235 957 316 1024 de
369 955 494 1027 hoc
541 955 826 1045 graviter
885 957 1465 1045 conquerentibus,
1529 957 1655 1028 hoc
1717 968 1909 1051 caput
1942 962 2271 1034 sublatum
2292 965 2440 1035 fuit.

169 1097 204 1138 α
235 1069 420 1140 Unde
447 1068 520 1138 in
542 1068 816 1138 decretis
859 1069 940 1138 de
965 1072 1270 1160 apostatis
1296 1077 1358 1138 et
1377 1073 1629 1160 ejectis,
1660 1075 1731 1142 in
1750 1075 1992 1165 quibus
2018 1077 2275 1150 decreta
2300 1079 2447 1150 Cle—

173 1211 208 1252 «
239 1183 528 1256 mentina
604 1183 874 1253 fuerunt
919 1185 1226 1254 innovata
1282 1191 1473 1275 atque
1525 1187 1787 1270 inserta,
1846 1190 1935 1260 de
1987 1193 2446 1284 approbatione

173 1327 208 1368 α
235 1299 538 1391 Episcopi
565 1299 746 1370 nulla
781 1299 856 1368 fit
883 1299 1157 1369 mentio.
1203 1324 1240 1366 n
1278 1299 1678 1393 (Fagnanus,
1710 1305 1785 1374 in
1808 1314 2006 1399 caput
2029 1311 2439 1392 Pon-ectum,

162 1416 246 1486 de
268 1414 732 1505 Reqularibus,
764 1436 836 1482 n.
864 1411 1008 1504 33.)

259 1529 540 1620 Objicies
577 1528 668 1598 5⁰.
718 1547 810 1584 ·--·‘
859 1529 1034 1600 Cum
1071 1528 1402 1619 regulares
1426 1530 1506 1600 ad
1554 1532 2041 1623 praedicandum
2086 1543 2147 1604 et
2192 1539 2271 1606 ad
2326 1560 2447 1608 au·

163 1645 430 1716 diendas
486 1644 915 1716 confessiones
965 1643 1272 1737 Episcopi
1303 1645 1769 1736 approbatione
1817 1649 2183 1741 indigeant,
2216 1654 2448 1744 poterit

63 1757 70 1766 ’
167 1759 550 1853 Episcopus,
623 1761 900 1851 hujusce
966 1757 1451 1851 approbationis
1508 1763 1986 1832 revocationem
2044 1767 2433 1858 minitando,

161 1877 458 1948 obtinere
475 1895 558 1944 ne
583 1875 802 1944 clerici
841 1877 944 1944 sui
968 1874 1212 1967 absque
1241 1895 1359 1946 sua
1385 1875 1647 1944 licentia
1676 1878 1747 1945 in
1774 1860 2175 1966 regularium
2226 1882 2444 1956 domi-

165 1994 298 2064 bus
335 1991 748 2084 recipiantur.
779 1987 954 2080 Ergo
997 1989 1066 2058 in
1120 1991 1304 2079 praxi
1349 1989 1563 2060 facere
1599 1997 1804 2082 potest
1838 1991 2194 2085 Episcopus
2228 2004 2305 2066 ut
2332 2019 2447 2070 ne-

163 2105 438 2176 cessaria
465 2103 548 2172 sit
595 2106 798 2196 ipsius
843 2103 1127 2174 licentia.
1184 2141 1276 2158 --
1317 2103 1695 2197 Respondeo
1751 2108 1815 2174 1⁰
1850 2129 1869 2176 ε
1926 2107 2039 2198 jus
2092 2129 2223 2180 non
2252 2110 2447 2184 habet

164 2219 524 2312 Episcopus
547 2223 744 2312 totam
761 2219 1166 2310 regularium
1191 2222 1731 2292 communitatem
1758 2223 2195 2313 suspendendi
2221 2247 2258 2294 a
2286 2245 2445 2298 con-

163 2334 552 2406 fessionibus
577 2333 948 2419 audiendis,
977 2343 1040 2406 et
1077 2336 1163 2405 ab
1221 2338 1575 2426 exercendo
1626 2337 2099 2429 praedicationis
2128 2361 2440 2425 munere;

165 2453 276 2522 sed
319 2458 574 2522 tantum
600 2451 878 2543 aliquos,
931 2457 995 2521 et
1019 2452 1286 2544 quidem
1339 2475 1416 2522 ex
1446 2455 1627 2544 justa
1654 2475 1872 2540 causa,
1923 2455 1979 2525 si
2015 2455 2262 2526 fuerint
2286 2457 2447 2528 sim-

159 2567 440 2658 pliciter
463 2566 820 2660 approbati.
861 2566 1054 2658 (Vide
1089 2569 1157 2636 id
1203 2569 1569 2658 expositum
1616 2571 1811 2654 infra,
1861 2577 2041 2662 parte
2086 2573 2155 2655 5,
2186 2581 2337 2644 sect.
2372 2573 2441 2664 3,

163 2705 311 2776 cap.
345 2681 440 2774 3.)
467 2681 842 2774 Respondeo
866 2685 980 2752 2⁰:
1015 2683 1242 2773 utique
1285 2681 1477 2752 dictis
1506 2682 1709 2751 minis
1736 2683 2123 2775 plerumque
2151 2689 2444 2761 obtinere

161 2804 382 2891 posset
427 2797 801 2889 Episcopus,
849 2817 936 2866 ne
985 2799 1056 2866 in
1110 2797 1402 2866 dioecesis
1456 2817 1591 2864 suae
1620 2798 2044 2867 conventibus
2071 2800 2289 2871 clerici
2340 2805 2444 2872 sui

161 2914 240 2982 ad
321 2913 704 2982 novitiatum
772 2918 885 2980 aut
963 2912 1427 3001 professionem
1470 2909 2003 2991 admitterentur3
2052 2913 2163 2981 sed
2214 2914 2443 3004 triplex

161 3032 394 3124 procul
421 3032 624 3103 dubio
659 3035 937 3124 patraret
961 3035 1298 3120 peccatum
1327 3045 1521 3119 grave
1556 3052 1575 3098 ε
1626 3029 1842 3120 primo
1893 3029 2161 3121 quidem
2220 3055 2443 3123 pecca·

161 3153 312 3216 tum
342 3169 540 3238 grave
563 3145 896 3234 iniustitiae
945 3165 1099 3234 erga
1151 3145 1495 3230 clericum,
1532 3165 1751 3242 ⁴quem
1790 3146 1915 3215 hac
1964 3143 2441 3218 machinatione

161 3263 508 3334 efficaciter
525 3261 867 3353 impediret
889 3281 971 3330 ne
996 3261 1146 3351 jure
1169 3281 1289 3330 suo
1317 3266 1607 3329 uteretur
1628 3286 1648 3350 3
1670 3281 1789 3330 nec
1823 3259 2105 3332 dubium
2141 3269 2233 3334 est
2277 3268 2441 3358 quin

161 3397 363 3466 grave
442 3377 898 3448 aestimandum
959 3375 1126 3446 foret
1198 3375 1397 3444 hocce
1452 3375 1707 3444 illatum
1787 3375 1846 3446 ei
1910 3376 2229 3450 damnum
2264 3405 2281 3450 τ
2344 3403 2442 3452 se-

163 3494 385 3565 cundo
423 3497 760 3586 peccatum
815 3510 1011 3582 grave
1061 3491 1398 3581 injustitiae
1469 3511 1623 3578 erga
1678 3489 1974 3561 ordinem
2031 3495 2434 3584 religiosum,

163 3611 276 3680 cui
321 3607 558 3700 pariter
581 3608 653 3676 in
695 3607 768 3677 r'e
812 3603 1084 3675 maximi
1131 3605 1449 3674 momenti
1474 3605 1573 3674 vis
1600 3612 1661 3674 et
1702 3606 2019 3675 damnum
2048 3607 2434 3678 inferretur:

163 3723 354 3794 tertio
377 3727 714 3814 peccatum
737 3741 934 3812 grave
955 3719 1284 3801 scandali3
1335 3741 1491 3788 nam
1524 3720 1717 3789 hacce
1754 3722 1989 3810 agendi
2022 3721 2269 3792 ratione
2311 3726 2434 3812 uti,

157 3837 332 3930 quid
371 3838 546 3911 aliud
599 3839 762 3908 foret
807 3857 1009 3928 quam
1056 3835 1416 3906 certissima
1474 3835 1887 3906 subditorum
1951 3859 2223 3908 suorum
2284 3841 2437 3929 jura

161 3953 381 4045 palam
411 3953 669 4039 violare,
700 3958 765 4023 et
789 3949 1226 4024 sanctissimas
1281 3949 1587 4022 Ecclesiae
1636 3951 1809 4043 leges
1856 3953 2127 4044 pedibus
2165 3954 2438 4025 concul-

162 4070 358 4142 care?

249 4185 572 4256 Caeterum
599 4205 687 4255 ne
707 4183 803 4253 sic
835 4182 1100 4273 quidem
1134 4181 1461 4252 intentum
1492 4180 1849 4272 Episcopus
1876 4181 2059 4252 facile
2092 4183 2432 4256 obtineret.

161 4298 477 4370 Poterant
537 4298 862 4390 siquidem
934 4295 1155 4368 clerici
1225 4297 1306 4366 ad
1357 4295 1619 4366 alterius
1666 4295 1957 4366 dioecesis
2002 4297 2103 4366 vel
2156 4299 2441 4390 regionis

165 4421 526 4488 conventus
575 4433 886 4508 pergere3
969 4416 1035 4484 et
1105 4410 1200 4480 ibi
1271 4409 1517 4500 absque
1596 4409 1733 4482 ulla
1812 4409 2119 4506 Episcopi
2182 4413 2443 4486 licentia
