2834 4959
459 328 582 384 ¹32
1027 331 1365 382 TRACTATUS
1411 333 1490 380 DE
1533 333 1685 382 JURE
1730 334 2141 386 REGULARIUM.

453 465 730 528 attamen
759 453 1012 522 duobus
1056 460 1224 522 certe
1271 455 1340 522 in
1389 454 1647 524 casibus
1691 455 1981 525 obtinere
2023 459 2227 546 potest
2275 477 2294 523 ε
2352 455 2409 521 1⁰
2458 455 2509 522 si
2534 457 2673 546 quis,

451 570 696 662 expleto
743 589 915 637 anno
960 569 1307 638 novitiatus
1349 574 1412 639 et
1454 570 1709 640 decimo
1764 577 1935 640 sexto
1972 571 2201 656 aetatis,
2230 569 2515 637 habitum
2548 590 2677 658 pro-

449 685 761 756 fessorum
788 736 807 772 ,
854 704 893 751 a
945 682 1346 752 novitiorum
1398 684 1625 753 habitu
1683 685 2065 784 distinctum
2095 736 2116 767 ‚
2180 689 2489 765 assumat3
2540 682 2596 750 2⁰
2636 681 2678 750 si

447 802 616 872 ultra
661 820 914 868 annum
950 799 1277 892 integrum
1327 799 1756 890 probationis,
1802 801 1919 890 qui
1958 820 2173 868 annus
2208 798 2393 867 debet
2431 795 2679 865 inchoari

449 923 589 1007 post
661 914 989 984 decimum
1043 920 1296 983 sextum
1351 915 1555 984 aetatis
1620 916 1947 1006 expletum
1972 969 1992 1001 ,
2046 912 2347 983 habitum
2401 909 2679 998 religionis
2757 969 2758 988 ,

445 1031 898 1101 indistinctum
943 1033 1144 1117 gestet
1193 1033 1485 1118 patenter
1534 1029 1650 1119 (1).
1698 1028 1953 1098 Verum
2019 1028 2212 1115 olim,
2274 1049 2347 1096 ac
2400 1025 2679 1118 praecipue
2756 993 2758 1078 Ῐ

445 1147 712 1238 quidem
777 1145 846 1212 in
915 1149 1162 1212 remota
1227 1143 1634 1233 antiquitate,
1688 1144 1895 1214 multo
1944 1143 2141 1214 latius
2202 1145 2254 1212 is
2317 1139 2677 1233 professionis
2756 1105 2758 1196 l

446 1260 676 1331 modus
703 1257 956 1351 patebat
989 1283 1007 1326 z
1041 1257 1130 1326 ita
1155 1261 1230 1325 ut
1255 1259 1370 1348 qui
1398 1263 1657 1327 externo
1684 1257 1907 1350 aliquo
1930 1260 2121 1348 signo
2160 1257 2542 1327 sufficienter
2574 1275 2680 1322 ma·

444 1376 770 1444 nifestaret
800 1394 866 1442 se
911 1371 1106 1442 talem
1135 1393 1270 1441 esse
1310 1372 1476 1443 velle
1504 1375 1724 1463 quales
1750 1382 1910 1444 tunc
1951 1380 2136 1472 erant
2163 1373 2465 1464 religiosi,
2502 1371 2679 1440 statim
2757 1369 2758 1386 ¹

443 1513 520 1559 ex
560 1487 844 1580 generali
889 1487 1194 1556 omnium
1246 1509 1441 1556 sensu
1498 1494 1562 1556 et
1608 1510 1927 1557 consensu
1978 1495 2182 1559 totam
2220 1489 2367 1558 vitae
2413 1487 2682 1575 religiosae
2757 1493 2758 1496 ’

440 1604 900 1693 obligationem
945 1603 1016 1671 in
1055 1623 1124 1672 se
1163 1601 1489 1692 suscipere
1538 1610 1933 1688 censeretur,
1976 1605 2234 1674 etiamsi
2276 1625 2423 1674 voce
2464 1599 2681 1668 nullam
2757 1607 2758 1610 ’

439 1723 674 1790 faceret
702 1717 1228 1809 promissionem.
2427 1727 2439 1739 ’
2757 1799 2758 1802 ¹

526 1831 914 1922 Hujusmodi
963 1829 1232 1922 signuin
1281 1829 1553 1901 indubie
1605 1837 1742 1900 erat
1804 1832 1991 1901 vestis
2058 1832 2385 1922 religiosae
2433 1848 2685 1916 assump·
2757 1821 2758 1886 ἶ

439 1951 525 2018 tio
567 1976 582 2016 ε
637 1949 813 2017 unde
873 1947 1086 2016 nescio
1141 1967 1225 2016 an
1269 1947 1641 2036 provenerit
1694 1967 1850 2016 usus
1898 1947 2223 2038 loquendi
2266 1947 2473 2017 adhuc
2506 1941 2690 2012 hodie·
2757 1965 2758 1968 ¹

439 2067 600 2134 dum
654 2063 829 2155 apud
877 2063 1134 2132 Graecos
1183 2067 1470 2130 servatus
1494 2111 1517 2147 ,
1564 2062 1729 2130 dum
1782 2060 1948 2131 ritus
1998 2061 2277 2132 bifarios
2332 2057 2689 2154 professionis
2757 2101 2758 2106 η

439 2183 807 2250 monasticae
837 2179 966 2249 fere
1000 2200 1134 2248 non
1170 2178 1355 2246 aliter
1381 2199 1611 2247 vocare
1654 2177 1885 2264 solent,
1928 2199 2141 2270 quam
2179 2182 2497 2274 Officium
2520 2173 2693 2270 parvi

435 2295 727 2380 habitus,
782 2301 844 2361 et
893 2293 1214 2382 Officium
1255 2292 1492 2383 maqm'
1534 2303 1599 2361 et
1640 2292 1933 2386 anqelici
1958 2294 2242 2366 habitus
2283 2296 2397 2388 (2).
2438 2293 2688 2384 Virgines

439 2410 836 2478 Christianas
892 2407 1123 2498 primis
1181 2405 1481 2476 Ecclesiae
1522 2409 1948 2498 temporibus,
2016 2420 2255 2502 sponte
2303 2419 2537 2482 vestem
2586 2409 2691 2474 fus·

439 2545 582 2592 cam
629 2516 987 2607 indu‘endO,
1039 2541 1174 2591 sese
1223 2519 1483 2590 Christo
1536 2543 1773 2611 sponso
1818 2524 2181 2612 devovisse,
2231 2536 2297 2598 et
2336 2529 2501 2598 hanc
2534 2523 2691 2594 fuisse

440 2658 665 2706 earum
716 2636 1208 2707 irrevocabilem
1261 2637 1752 2728 professionem,
1808 2639 1926 2708 etsi
1980 2641 2270 2712 solemni
2320 2645 2451 2712 ritn
2512 2639 2689 2708 velalae

443 2779 577 2828 non
639 2757 963 2841 fuissent,
1018 2757 1417 2827 demonstrat
1470 2756 1936 2828 Thomassinus
2002 2759 2131 2851 (3);
2194 2763 2509 2854 affertque
2558 2759 2695 2827 inter
2757 2843 2758 2850 ἵ

439 2876 562 2944 alia
625 2872 696 2944 S.
757 2871 1138 2962 Hieronymi
1196 2872 1651 2942 testimonium
1675 2922 1695 2957 ,
1763 2874 1844 2942 de
1905 2874 2123 2944 Asello
2184 2879 2511 2949 narrantis
2562 2871 2635 2963 (4)
2676 2891 2689 2934 ε

449 3017 486 3056 ι(
529 2987 848 3058 Tunicam
882 2987 1258 3073 fusciorem,
1299 3009 1505 3078 quam
1537 3010 1576 3057 a
1618 2993 1823 3058 matre
1863 2988 2223 3079 impetrare
2271 3016 2406 3064 non
2462 2996 2695 3084 poterat,

452 3132 487 3171 «
530 3105 778 3192 induta,
808 3105 916 3194 pio
961 3102 1412 3192 negotiationis
1464 3103 1781 3193 auspicio,
1825 3125 1891 3172 se
1936 3114 2205 3196 repente
2258 3108 2535 3179 Domino
2570 3122 2701 3172 con·

451 3246 483 3282 «
529 3223 820 3306 sem-avit,
871 3226 947 3287 ut
989 3218 1378 3308 intelligeret
1428 3217 1735 3288 universa
1782 3221 2078 3308 cognatio
2130 3243 2275 3292 non
2328 3244 2508 3315 posse
2546 3213 2696 3288 aliud

453 3359 489 3398 ε(
529 3336 590 3402 ei
625 3336 1012 3424 extorqueri,
1060 3355 1206 3426 quae
1249 3336 1386 3424 jam
1434 3333 1747 3404 saeculum
1798 3336 2171 3407 damnasset
2217 3341 2293 3408 in
2342 3337 2695 3409 vestibus.»

445 3449 526 3518 Et
577 3447 810 3518 saeculo
855 3450 1128 3541 septImo
1177 3450 1479 3534 ineunte,
1540 3447 1930 3540 Fridiburga
1959 3503 1979 3540 ,
2036 3450 2372 3544 Sigiberto
2427 3454 2565 3545 regi
2612 3447 2705 3516 de-

445 3570 762 3656 sponsata,
783 3565 1182 3656 jamjamque
1209 3564 1270 3634 ei
1307 3563 1727 3634 matrimonio
1764 3565 2151 3656 copulanda,
2172 3569 2537 3640 secedendo
2566 3568 2707 3633 intra

446 3681 800 3774 quamdam
839 3678 1202 3766 ecclesiam,
1244 3679 1465 3770 ibique
1507 3684 1709 3747 vestes
1752 3681 2092 3766 mutando,
2139 3703 2223 3752 ac
2261 3705 2477 3755 cornu
2523 3676 2711 3752 altaris

445 3790 1003 3886 apprehendendo,
1061 3797 1342 3882 repente,
1399 3791 1664 3862 nemine
1715 3813 1862 3860 eam
1918 3792 2333 3881 admittente,
2394 3792 2707 3866 sanctimo-

443 3912 684 4010 nialem
729 3931 795 3979 se
835 3910 976 4000 ipsa
1039 3906 1325 3998 professa
1380 3913 1512 3992 est3
1565 3915 1759 4000 atque
1806 3909 1931 3979 hoc
2000 3917 2216 4002 pact0,
2294 3913 2705 3985 sacerdotum,

507 4141 574 4202 (1)
599 4139 704 4190 Ctr.
735 4137 936 4199 Sueten,
957 4139 1111 4189 tract.
1144 4139 1194 4201 7,
1209 4135 1302 4188 lib.
1325 4141 1374 4200 6,
1399 4151 1517 4203 cap.
1548 4143 1628 4190 20.

500 4231 566 4292 (2)
597 4226 750 4286 Goar,
773 4225 967 4278 Rituale
993 4225 1189 4290 Graec„
1207 4239 1261 4291 Ρ.
1286 4229 1380 4280 473
1408 4233 1463 4278 ct
1492 4231 1601 4292 499,
1624 4228 1747 4281 edit.
1772 4230 1959 4292 Paris„
1990 4233 2133 4282 1647.

497 4319 565 4380 (3)
589 4317 662 4368 De
689 4315 793 4368 vet.
817 4316 868 4364 et
887 4329 1000 4366 nov.
1023 4315 1168 4366 Eccl.
1201 4313 1438 4381 discipl„
1460 4321 1596 4380 part.
1636 4321 1683 4380 ι,
1710 4317 1799 4370 lib.
1844 4321 1894 4381 3,
1918 4330 2032 4383 cap.
2064 4319 2149 4378 42,
2180 4331 2341 4372 num.
2376 4325 2407 4374 9
2432 4325 2487 4372 et
2524 4321 2601 4370 10.

505 4407 567 4467 (4)
589 4405 751 4471 Epist.
789 4405 870 4465 24,
895 4403 1017 4456 allas
1049 4409 1124 4467 15,
1145 4408 1275 4458 tom.
1317 4410 1338 4458 1
1373 4406 1615 4470 Operum,
1638 4406 1764 4459 edit.
1812 4405 2169 4470 vallars-,coh
2208 4411 2325 4458 129.
