2834 4959
445 320 529 381 30
1017 328 1353 377 Tmcnrus
1401 328 1485 377 nn
1524 330 1673 377 suan
1718 328 2131 381 manummi-

439 450 622 533 data;
677 466 912 539 eosque
955 450 1070 538 qui
1115 448 1282 518 illud
1325 447 1677 519 consilium
1718 458 2165 541 susceperunt,
2212 458 2287 519 ut
2312 451 2561 521 vendita
2580 472 2685 521 sua

438 564 834 658 pauperibus
915 564 1372 635 distribuerent
1456 587 1529 635 ac
1606 564 1939 635 Christum
2016 575 2462 659 sequerentur,
2518 568 2581 637 id
2622 592 2687 638 ex

438 680 720 774 quadam
771 680 1020 750 mentis
1065 681 1458 751 excellentia
1505 680 1725 751 fecisse
1776 684 2079 772 affirmat,
2132 684 2291 753 alios
2328 684 2439 775 qui
2482 682 2547 751 id
2566 704 2683 752 non

437 796 866 889 perfecerunt,
911 796 1312 886 infirmiores
1365 796 1734 889 appellans3
1794 820 2193 889 quamquam
2240 800 2463 885 ethos,
2492 798 2546 867 si
2577 796 2679 866 Dei

444 918 758 1003 praecepta
831 912 1254 995 servaverint,
1331 914 1386 980 si
1460 912 1705 981 divitiis
1784 920 1957 983 recte
2010 915 2113 983 usi
2176 908 2435 999 fuerint,
2488 913 2691 983 salutis
2788 894 2790 903 Α

439 1036 694 1097 aeternae
723 1026 1065 1119 participes
1093 1048 1354 1116 quoque
1379 1028 1517 1097 t'ore
1538 1028 1695 1097 dicit
1720 1030 1776 1120 (l
1790 1029 1836 1119 ).

531 1142 702 1211 Huic
781 1142 984 1231 igitur
1033 1140 1151 1211 SS.
1209 1139 1478 1211 Patrum
1526 1144 1835 1213 doctrinae
1890 1164 2169 1214 consona
2224 1164 2355 1213 non
2410 1149 2505 1211 est
2552 1142 2688 1211 Hal·

439 1258 584 1327 lieri
612 1258 964 1348 propositio
983 1282 1002 1325 ε
1025 1256 1326 1326 Consilia
1343 1280 1483 1327 non
1498 1270 1657 1327 mm
1668 1259 2071 1351 perfectiora
2082 1259 2433 1352 praeceptis
2442 1282 2469 1341 ;
2484 1280 2557 1328 ex
2576 1278 2691 1349 qua

436 1379 813 1463 sequeretur
885 1380 1324 1465 paupertatem
1397 1373 1830 1443 voluntariam
1910 1381 2084 1443 recto
2132 1373 2501 1444 divitiarum
2552 1394 2687 1453 usu,

436 1489 877 1579 virginitatem
941 1497 1004 1555 et
1073 1487 1537 1558 continentiam
1587 1490 1758 1558 bono
1808 1490 2223 1559 matrimonio
2270 1496 2467 1581 atque
2510 1487 2687 1557 debiti

433 1604 794 1695 conjugalis
837 1602 1202 1673 secundum
1247 1608 1645 1695 praeceptum
1684 1603 1980 1674 divinum
2028 1604 2120 1695 (2)
2164 1604 2517 1674 redditione
2572 1622 2687 1670 non
2788 1646 2790 1735 l

431 1740 567 1789 esse
612 1717 1082 1809 perfectiorem.
1137 1716 1280 1786 Imo
1332 1716 1623 1787 Ecclesia
1674 1718 1833 1787 olim
1884 1719 2217 1788 damnavit
2270 1718 2674 1797 Eunomium,
2789 1738 2790 1785 ᾗ

429 1832 892 1923 Vigilantiam,
945 1832 1388 1922 savinianum,
1415 1832 1815 1923 Helvidium,
1840 1834 1959 1924 qui
1984 1833 2343 1923 virginitati
2366 1842 2429 1904 et
2452 1832 2684 1903 coeliba-

431 1950 526 2018 tui
561 1948 944 2039 conjugium
987 1955 1444 2039 exaequarunt3
1496 1970 1572 2019 ac
1606 1950 1922 2040 nuperius
1952 1947 2455 2019 Sacmsanctum
2476 1946 2687 2019 Conci-

430 2063 598 2133 lium
637 2060 1098 2130 Tridentinum
1155 2063 1601 2151 pronuntiavit
1644 2062 1737 2153 (3)
1780 2087 1807 2148 ,²
1870 2089 1907 2131 α
1946 2060 2013 2133 Si
2048 2064 2195 2153 quis
2220 2063 2457 2133 dixerit
2472 2069 2687 2131 statum

444 2202 479 2243 «
515 2175 930 2265 conjugalem
959 2176 1487 2266 anteponendum
1512 2196 1647 2245 esse
1670 2178 1861 2247 statui
1885 2179 2279 2268 virginitatis
2305 2180 2407 2248 vel
2440 2176 2691 2249 coeliba-
2789 2258 2790 2275 ξ

437 2314 476 2355 ιι
507 2295 634 2373 tus,
677 2296 740 2356 et
763 2308 900 2359 non
935 2310 1068 2356 esse
1093 2288 1330 2357 melius
1369 2310 1448 2357 ac
1478 2289 1731 2358 beatius
1765 2314 2034 2360 manere
2060 2292 2135 2360 in
2166 2293 2561 2384 virqinitate
2584 2300 2691 2359 aut
2789 2296 2790 2301 ’

435 2428 474 2469 α
505 2402 822 2471 coelibatu
835 2424 1042 2493 quam
1055 2402 1273 2493 junqi
1295 2403 1752 2486 matrimonio,
1782 2406 2122 2475 anathema
2150 2408 2259 2474 sit.
2282 2432 2319 2473 ιο
2338 2407 2545 2490 Quam
2572 2407 2693 2474 uti-

424 2538 555 2608 que
605 2520 990 2587 sententiam
1041 2539 1174 2587 non
1223 2520 1390 2588 hene
1433 2519 1965 2612 interpretaretur
2012 2523 2069 2591 is
2120 2523 2235 2612 qui
2264 2524 2532 2613 diceret,
2564 2534 2693 2590 tan-

423 2630 766 2703 tummodo
813 2633 1160 2704 anathema
1213 2634 1431 2724 infligi
1472 2635 1925 2726 asserentibus,
1967 2637 2415 2728 virginitatem
2444 2649 2553 2709 aut
2574 2658 2691 2707 coe·

420 2746 698 2818 libatum
747 2749 1084 2819 meliorem
1133 2771 1270 2821 esse
1323 2752 1737 2821 matrimonio
1781 2752 1951 2823 male
1998 2754 2186 2842 inito,
2236 2764 2357 2826 aut
2380 2754 2689 2849 peccami-
2789 2806 2790 2829 1

425 2886 584 2934 noso
635 2865 1033 2935 matrimonii
1081 2888 1232 2956 usu,
1276 2874 1541 2957 negaret
1584 2888 1735 2937 vero
1764 2866 2063 2938 damnari
2088 2890 2223 2955 eoa,
2255 2872 2373 2963 qui
2402 2873 2689 2941 honestas
2789 2858 2790 2869 ’

419 2979 678 3071 nuptias
727 2980 1201 3071 honestumque
1247 2980 1649 3051 matrimonii
1700 3002 1895 3051 usum
1948 2987 2013 3051 et
2050 2987 2361 3077 praecepti
2386 2986 2599 3057 divini
2620 2984 2692 3051 de

419 3090 746 3163 reddendo
821 3094 1152 3185 conjugali
1217 3092 1433 3163 debito
1502 3096 1949 3187 impletionem
2001 3104 2315 3189 tanquam
2364 3123 2473 3171 res
2522 3118 2691 3191 aeque

419 3210 624 3278 bonas
666 3216 728 3277 et
769 3210 980 3281 beatas
1025 3208 1264 3279 habent
1303 3231 1380 3280 ac
1420 3210 1857 3301 virginitatem
1889 3219 1954 3282 et
1976 3214 2379 3285 coelibatum.
2410 3192 2689 3300 Quocir-

418 3344 518 3406 ca,
563 3343 722 3393 cum
765 3324 1077 3395 Claudius
1121 3324 1467 3415 Seguenot,
1516 3327 1587 3395 in
1632 3330 1945 3397 annotatis
1986 3330 2067 3398 ad
2093 3331 2403 3419 gallicam
2428 3333 2691 3401 transla-

416 3441 662 3509 tionem
683 3438 836 3507 libri
865 3438 933 3508 S.
957 3440 1308 3529 Augustini
1337 3440 1416 3509 de
1438 3443 1695 3511 Sancta
1720 3443 2141 3535 Virqinitate,
2164 3447 2535 3537 scripsisset
2556 3446 2643 3539 (4)
2670 3468 2686 3512 2

425 3580 459 3621 α
491 3554 614 3625 S’il
665 3552 926 3623 arrivait
970 3555 1214 3645 qu’une
1267 3576 1583 3646 personne
1648 3560 1893 3627 mariee
1934 3560 2036 3627 fut
2088 3560 2145 3629 si
2175 3560 2330 3629 bien
2377 3562 2687 3654 disposee‚

421 3696 458 3735 «x
493 3668 732 3760 qu’elle
794 3668 894 3737 fut
941 3670 1479 3739 non-seulement
1546 3671 1811 3764 capable
1865 3673 1945 3742 de
1990 3674 2173 3747 vivre
2222 3676 2695 3748 honnetement

306 3762 320 3779 ⁰
422 3810 458 3849 <t
492 3784 652 3853 dans
697 3784 760 3853 le
807 3785 1116 3873 mariage,
1164 3788 1329 3855 mais
1361 3802 1531 3877 que,
1576 3795 1933 3874 renoncant
1982 3789 2025 3858 it
2080 3797 2220 3860 tout
2276 3814 2356 3861 cc⁴
2402 3794 2567 3883 qu‘il
2590 3815 2628 3882 y
2657 3810 2693 3858 a

421 3926 456 3964 «ι
497 3899 784 3991 d’impur
827 3906 892 3967 et
928 3901 1008 3969 de
1043 3901 1321 3986 sensuel,
1373 3907 1437 3971 et
1486 3900 1777 3993 qu’etant
1822 3905 2059 3977 mariee
2106 3908 2305 3999 (pour
2337 3930 2525 3992 guaer
2584 3910 2693 3981 des

473 4113 538 4175 (1)
566 4110 720 4175 Epist.
747 4116 854 4174 157,
877 4112 1002 4165 allas
1019 4114 1100 4175 89,
1125 4113 1248 4163 tom.
1276 4113 1328 4174 2,
1349 4112 1447 4167 col.
1474 4116 1566 4167 553
1593 4118 1648 4166 et
1674 4128 1817 4183 seqq.

473 4198 541 4262 (2)
567 4204 584 4246 ι
611 4197 746 4262 Cor„
777 4212 866 4265 vu,
885 4204 914 4251 3
935 4208 989 4251 et
1007 4214 1144 4265 seqq.

476 4289 543 4349 (3)
566 4286 698 4338 Sese.
724 4290 804 4349 24,
834 4301 942 4338 can.
971 4290 1052 4339 10.

471 4375 534 4436 (4)
571 4373 640 4423 De
667 4372 718 4423 la
745 4374 914 4424 sainte
947 4375 1212 4440 Virginem,
1233 4378 1330 4427 etc.
1354 4374 1513 4439 Paris,
1536 4380 1675 4441 1638,
1695 4378 2023 4445 Remu-ques,
2042 4394 2166 4448 page
2188 4385 2265 4437 12.
