2834 4959
403 317 527 374 248
963 323 1300 372 merulis
1344 325 1427 372 m:
1469 325 1618 372 sons
1663 321 2080 370 mzcmmuuu.

408 473 444 515 α
470 452 533 516 et
583 446 813 514 domus
859 450 988 513 tarn
1040 444 1333 514 virorum
1385 467 1584 535 quam
1637 445 2018 527 mulierum,
2077 443 2246 510 bona
2301 443 2672 516 immobilia

403 588 439 627 α
469 561 863 652 possidentes
893 559 994 627 vel
1025 581 1156 626 non
1188 559 1610 650 possidentes)
1647 559 2027 648 eriqantur,
2057 557 2193 624 sine
2219 557 2571 650 Episcopi,
2607 564 2672 629 in

404 701 441 742 α
468 675 657 765 cujus
684 673 946 744 dioecesi
969 673 1284 765 eriqenda
1304 687 1488 759 sant,
1525 673 1802 741 licentia
1820 669 2019 764 prius
2043 670 2338 740 obtenta.
2373 673 2454 740 Et
2475 678 2675 764 posito

404 817 441 858 α
476 792 603 860 hoc
626 791 901 876 decreto,
936 792 1003 857 in
1045 783 1323 859 dubin'm
1376 792 1653 886 yertitur
1697 811 1782 857 an
1811 790 2220 862 monasteria
2275 787 2474 857 hodie
2509 793 2668 880 erigi

406 931 440 973 α
468 908 714 998 possint
734 907 813 975 de
833 906 1097 974 licentia
1122 904 1323 974 solius
1342 904 1666 996 Episcopi.
1701 927 1736 970 ι)
1773 902 1875 974 Ibi
1913 902 2068 972 citat
2093 901 2446 992 Faguanus
2485 927 2668 974 cano-

400 1022 597 1092 nistas
624 1028 931 1110 negantes
953 1046 970 1106 ;
994 1027 1137 1088 tum
1173 1023 1267 1090 sic
1288 1025 1700 1114 prosequitur
1731 1045 1752 1089 ι

494 1165 528 1206 «
565 1138 667 1206 Tu
720 1139 923 1224 dicaS,
969 1137 1181 1226 quoad
1234 1136 1375 1206 loca
1421 1128 1752 1207 eremitica
1809 1141 1872 1204 et
1923 1135 2313 1203 monasteria
2364 1135 2668 1206 ordinum

409 1280 443 1320 α
467 1275 598 1323 non
625 1254 1139 1322 mendicantium
1166 1275 1305 1320 rem
1330 1275 1544 1322 carere
1573 1254 1755 1320 omni
1777 1251 2186 1334 difficultate3
2217 1251 2371 1341 quia
2411 1249 2667 1322 facultas

409 1393 443 1436 α
474 1391 671 1457 quam
698 1367 997 1458 Episcopi
1028 1367 1355 1435 habebant
1398 1368 1480 1436 de
1507 1370 1653 1458 jure
1679 1368 1877 1436 veteri
1922 1365 2163 1436 similia
2187 1367 2328 1435 loca
2357 1367 2664 1456 erigendi,

410 1509 445 1549 α
469 1484 593 1550 fuit
622 1483 754 1549 illis
794 1503 1086 1572 expresse
1121 1489 1498 1572 praeservata
1551 1485 1620 1548 in
1651 1483 1822 1552 dicto
1851 1484 2059 1572 capite
2098 1481 2291 1549 unico
2324 1484 2411 1570 (l)
2459 1483 2670 1571 quoad

406 1618 444 1660 ι(
476 1594 617 1662 loca
641 1596 1022 1664 eremetica:
1074 1603 1133 1664 et
1167 1598 1376 1687 quoad
1412 1598 1802 1666 monasteria
1831 1619 1964 1666 non
1995 1597 2496 1666 mendicantium
2523 1621 2668 1667 non

410 1733 447 1775 α
470 1710 597 1778 fuit
628 1709 756 1778 illis
804 1712 1127 1802 adempta,
1156 1735 1309 1782 cum
1355 1715 1710 1804 prohibitio
1756 1713 1870 1782 illa
1899 1714 2198 1806 loquatur
2221 1713 2668 1814 tantummodo

413 1849 448 1890 α
475 1825 554 1893 de
580 1824 1134 1896 mendicantibuS.

498 1967 533 2005 α
559 1940 701 2020 Quo
739 1943 817 2010 ad
849 1963 999 2011 vero
1048 1943 1494 2012 mendicantes
1551 1923 1854 2036 (exceptis
1899 1943 2316 2035 Capuccinis,
2367 1951 2432 2014 et
2457 1943 2666 2014 Mino-

408 2084 443 2124 «
474 2058 657 2126 ribus
685 2058 763 2126 de
806 2058 1223 2127 Observantia
1270 2058 1338 2127 S.
1390 2057 1773 2150 Francisci),
1811 2061 2068 2130 videtur
2089 2059 2263 2130 idem
2293 2058 2662 2128 dicendum.
2781 2041 2783 2124 5

408 2191 445 2233 α
484 2163 651 2234 Nam
699 2169 1051 2257 prohibitio
1079 2169 1392 2238 Bonifacii
1422 2169 1596 2252 vm,
1650 2172 1720 2239 in
1761 2171 1931 2241 dicto
1954 2173 2160 2263 capite
2182 2173 2411 2259 unico,
2451 2172 2665 2242 locum
2782 2201 2783 2248 i

410 2305 447 2345 ε(
482 2279 676 2348 habet
706 2283 770 2348 in
802 2282 929 2351 illis
978 2285 1521 2372 mendicantibuS,
1568 2288 1806 2375 quibus
1861 2288 2108 2358 victum
2155 2287 2390 2356 tribuit
2433 2289 2670 2356 incerta

413 2399 884 2484 «mendicitas,
931 2408 995 2468 et
1046 2402 1164 2491 qui
1218 2402 1464 2471 reditus
1530 2410 1643 2472 aut
1666 2406 2110 2496 ,possessiones
2163 2427 2241 2472 ex
2288 2405 2524 2496 regula
2580 2405 2666 2473 vel

412 2513 924 2581 «constitutione
975 2514 1211 2585 habere
1277 2539 1411 2586 non
1483 2525 1776 2608 possunt,
1833 2522 2018 2611 juxta
2057 2525 2302 2589 textum
2355 2519 2429 2587 in
2481 2520 2664 2612 capite

414 2646 450 2688 α
478 2625 675 2692 unico
707 2624 785 2693 de
810 2627 1155 2718 Reliqiosz's
1179 2629 1528 2716 Domibus,
1562 2631 1734 2700 libro
1765 2633 1828 2700 6.
1865 2637 1948 2702 At
1975 2655 2050 2701 ex
2077 2633 2369 2705 Concilio
2393 2631 2660 2700 Triden-

414 2761 447 2804 «
486 2738 621 2806 tino
662 2739 857 2828 (dicto
904 2743 1107 2832 capite
1138 2741 1207 2826 3,
1262 2745 1334 2811 in
1382 2745 1726 2837 principio)
1776 2747 2182 2838 regularibus
2232 2767 2662 2837 quorumcun-

412 2877 449 2918 «
484 2876 611 2942 que
635 2854 981 2944 Ordinum,
1032 2861 1357 2948 praedictis
1412 2867 1665 2931 tantum
1701 2865 2004 2955 exceptis,
2063 2865 2218 2934 licet
2239 2865 2410 2932 bona
2439 2867 2662 2932 immo·

415 2991 450 3032 α
485 2968 639 3036 bilia
708 2972 1073 3062 possidere3
1148 2980 1212 3042 et
1276 2985 1739 3066 consequenter
1817 2979 1888 3046 in
1969 2981 2061 3049 eis
2121 2980 2372 3048 videtur
2437 2997 2664 3048 cessare
2779 2991 2781 3010 ¹

411 3105 449 3147 α
484 3084 837 3174 prohibitio
878 3084 1317 3158 Bonisaciana.
1348 3115 1384 3156 »
1430 3092 1508 3158 In
1535 3095 2094 3164 confirmationem
2131 3094 2225 3162 ibi
2275 3093 2532 3161 adducit
2557 3091 2662 3158 in-

404 3201 500 3263 ter
550 3199 675 3268 alia
711 3199 1057 3289 Fagnanus
1096 3207 1620 3276 constitutionem
1658 3209 2011 3278 Clementis
2039 3207 2198 3277 VIII
2229 3209 2553 3292 Quoniam
2579 3201 2666 3272 ad

404 3310 817 3404 institutum,
870 3323 931 3386 et
985 3317 1183 3408 hujus
1234 3323 1748 3394 confirmativam
1799 3329 2142 3424 Romanus
2172 3327 2490 3416 Pontifex
2530 3322 2658 3392 Ur·-

403 3424 559 3494 bani
589 3425 765 3508 VIII,
808 3437 945 3500 tum
997 3433 1087 3502 sic
1121 3438 1499 3506 concludite
1559 3463 1594 3507 ι(
1619 3438 1795 3510 Patet
1842 3442 2043 3531 igitur
2088 3463 2217 3511 non
2266 3463 2398 3510 esse
2438 3439 2657 3508 admit-

412 3565 446 3604 «
482 3543 752 3611 tendum
785 3547 1187 3618 intellectum
1215 3573 1444 3621 eorum
1475 3557 1590 3644 qui
1623 3557 1952 3642 dixerunt,
1985 3557 2348 3628 Concilium
2382 3556 2478 3647 (in
2505 3555 2658 3622 dicto

409 3677 445 3720 ι
470 3659 701 3748 capite,
736 3660 801 3727 in
824 3660 978 3750 fine)
1014 3685 1142 3732 non
1180 3667 1512 3737 sustulisse
1553 3671 2081 3742 constitutionem
2128 3670 2448 3739 Bonifacii
2487 3663 2654 3746 v1n3

406 3796 442 3836 <a
474 3773 584 3842 sed
626 3781 857 3864 praeter
910 3777 1241 3850 licentiam
1296 3783 1466 3853 sedis
1513 3785 1923 3877 Apostolicae,
1975 3788 2254 3856 voluisse
2284 3792 2361 3855 ut
2411 3781 2654 3854 adhibe-
2777 3803 2779 3882 f

403 3905 440 3949 κ
468 3894 649 3956 retur
698 3890 895 3958 etiam
956 3891 1221 3962 licentia
1270 3896 1601 3968 Ordinarii
1643 3922 1662 3969 z
1723 3903 1861 3970 imo
1927 3905 2132 3986 enim,
2205 3920 2282 3969 ex
2363 3895 2654 3968 sententia
2778 3989 2779 3994 Ἰ

403 4021 442 4064 α
468 4019 661 4070 sacrae
724 4003 1281 4100 congregationis,
1342 4013 1458 4082 ubi
1531 4018 1763 4086 erectio
1835 4017 1911 4086 fit
1975 4017 2055 4086 de
2122 4015 2386 4086 licentia
2455 4012 2648 4100 Papae,

399 4110 789 4187 «ordinarii
834 4121 1096 4192 licentia
1118 4145 1252 4195 non
1301 4134 1393 4196 est
1445 4132 1804 4202 necessaria
1821 4157 1842 4219 ;
1883 4137 1946 4202 et
2001 4131 2120 4202 ubi
2161 4131 2236 4200 fit
2271 4130 2352 4198 de
2403 4123 2646 4196 licentia

458 4390 527 4450 (1)
552 4392 743 4485 Nempe
762 4393 899 4446 tituli
922 4395 986 4448 de
1017 4397 1313 4454 Eaeoessibus
1359 4401 1725 4472 Proelatorum,
1751 4409 1803 4459 tn
1831 4413 1878 4461 6.
