2834 4959
1111 336 1263 387 ruis
1303 337 1527 387 rm.
1686 382 1705 401 ,
2368 340 2451 396 ’13

195 460 409 526 externi
455 456 626 525 ritus
679 454 978 539 adhibiti,
1017 460 1126 529 sed
1179 460 1467 529 aliunde.
1520 460 1695 551 Ergo
1742 464 2111 534 solemnitas
2136 467 2445 539 substan-

191 573 340 641 tialis
362 594 494 642 non
541 572 836 641 consistit
887 574 956 641 in
985 573 1119 644 ullo
1172 582 1435 647 externo
1488 576 1615 645 ritu
1669 598 1783 647 seu
1823 582 2015 650 modo
2062 588 2207 651 vota
2262 586 2449 653 emit·
2542 664 2548 671 ,

188 685 368 755 tendi.

1191 1004 1234 1095 g
1287 1004 1417 1073 111.

189 1200 418 1262 Rejieitur
433 1203 650 1253 secunda
678 1206 952 1265 sententia,
969 1204 1338 1256 solemnltatem
1359 1186 1610 1269 reponens
1630 1208 1685 1257 tn
1712 1206 2007 1270 traditione,
2030 1220 2131 1272 qua
2150 1220 2333 1259 vovens
2347 1209 2443 1260 Deo

448 1294 502 1345 et
527 1291 758 1355 religioso
791 1294 970 1355 (quem
995 1292 1292 1357 ingreditur)
1309 1293 1483 1347 'ordini
1516 1306 1629 1345 sese
1643 1293 1805 1346 donat
1816 1300 1871 1345 et
1898 1298 2166 1360 mancipat.

264 1500 590 1593 Superiori
649 1504 1056 1595 paragrapho
1127 1504 1308 1573 illam
1361 1506 1605 1596 aliquot
1670 1504 2004 1575 doctorum
2068 1508 2443 1598 opinionem
2521 1558 2531 1571 .

185 1618 726 1709 impugnavimus,
773 1621 890 1709 qui
934 1619 1405 1689 solemnitatem
1456 1628 1784 1712 reponunt
1828 1620 1895 1691 in
1950 1628 2119 1693 certa
2162 1622 2443 1713 quadam

183 1732 610 1802 benedictione
630 1744 754 1801 aut
775 1736 1278 1820 consecratione,
1301 1736 1516 1805 aliove
1542 1747 1814 1805 externo
1826 1738 1987 1807 ritu.
2015 1738 2075 1805 N
2080 1758 2209 1805 une
2227 1739 2443 1831 impu-

179 1849 488 1935 gnandam
515 1848 912 1938 suscipimus
947 1849 1322 1939 opinionem
1362 1850 1555 1917 aliam
1584 1876 1601 1917 ε
1632 1870 1861 1921 eornm
1892 1872 2151 1941 nempe,
2192 1852 2307 1941 qui
2342 1854 2449 1921 di-

185 1970 350 2031 ctam
397 1965 516 2032 voti
552 1964 862 2033 castitatis
914 1964 1389 2034 solemnitatem
1442 1970 1767 2055 reponunt
1817 1964 1887 2031 in
1946 1962 2301 2031 traditione
2347 1969 2450 2032 sui

173 2080 392 2169 ipsius,
415 2100 616 2171 quam
670 2100 910 2150 vovens
965 2081 1118 2150 facit
1171 2078 1328 2166 Deo,
1359 2086 1423 2149 et
1462 2099 1609 2170 quae
1658 2078 1923 2149 nomine
1950 2076 2069 2147 Dei
2097 2098 2135 2145 a
2186 2076 2451 2148 Praelato
2486 2106 2493 2115 ’

171 2195 494 2285 religionis
538 2201 928 2287 acceptatum
977 2194 1134 2277 Quae
1183 2196 1496 2288 posterior
1548 2196 1797 2285 opinio,
1838 2194 2165 2286 quomodo
2199 2194 2451 2265 intelli·
2519 2226 2526 2233 ·

169 2314 354 2396 gatur
419 2317 486 2379 et
531 2310 614 2379 ab
661 2312 992 2402 aliquibus
1067 2314 1487 2401 sustineatur,
1540 2312 1657 2381 etsi
1714 2313 1854 2401 jam
1900 2332 2099 2402 supra
2172 2310 2451 2383 breviter
2564 2400 2568 2405 .

169 2421 400 2491 dietum
459 2422 570 2508 sit,
637 2423 875 2491 adhue·
929 2428 1146 2492 tamen
1217 2424 1535 2514 tantisper
1610 2422 2040 2493 evolvendum
2112 2423 2443 2497 duximus.

171 2532 588 2624 Distinguunt
610 2556 848 2627 nempe
868 2536 1066 2629 hujus
1085 2537 1412 2628 opinionis
1443 2540 1693 2629 patroni
1722 2545 1977 2627 votum,
2010 2560 2123 2607 seu
2157 2542 2445 2631 promis-

179 2650 410 2719 sionem
457 2650 598 2721 Deo
640 2652 899 2742 factam,
941 2674 976 2721 a
1024 2653 1388 2723 traditione.
1432 2652 1563 2734 Qui
1615 2654 1935 2744 promisit,
1974 2653 2155 2723 verbi
2206 2658 2439 2745 gratia,

183 2784 406 2853 agrum
425 2788 620 2837 suum
645 2766 844 2840 alieni
868 2767 1166 2838 Ecclesia}
1217 2768 1481 2853 donare,
1514 2786 1649 2835 non
1704 2766 1849 2837 ideo
1896 2766 2037 2855 jam
2086 2767 2275 2835 illum
2304 2774 2447 2837 tra-

181 2877 354 2946 didit.
395 2880 730 2951 Nimirum
763 2885 830 2953 vi
851 2883 1050 2953 solius
1067 2883 1196 2955 voti
1225 2904 1338 2951 seu
1377 2883 1577 2953 solius
1598 2882 2047 2973 promissionis
2076 2881 2211 2949 Deo
2237 2884 2435 2967 ractae,

183 3000 414 3067 tenetur
467 3020 708 3089 agrum
775 3002 1029 3069 tradere
1067 3024 1086 3068 ε
1121 3005 1186 3068 at
1237 2998 1447 3069 donee
1493 2996 1846 3082 tradiderit,
1910 3002 1973 3065 et
2030 2994 2292 3065 traditio
2324 3018 2439 3067 no·

173 3112 338 3183 mine
387 3112 504 3183 Dei
545 3120 868 3207 acceptata
919 3114 1142 3197 fuerit,
1185 3114 1557 3192 dominium
1612 3114 1819 3205 ipsius
1863 3114 2115 3183 retinet.
2168 3112 2351 3185 Unde
2392 3114 2447 3183 si

171 3248 396 3317 agrum
441 3228 626 3299 hunc
667 3229 862 3300 donet
916 3238 1094 3322 posta
1137 3228 1340 3301 alicui
1371 3230 1581 3299 amieo
1604 3251 1749 3313 suo,
1802 3227 2035 3297 vaiebit
2086 3228 2197 3297 illa
2246 3229 2447 3299 dona-

173 3342 280 3426 tio,
321 3346 622 3435 qiiamvis
639 3345 834 3438 illam
861 3344 1156 3416 faciendo
1193 3352 1411 3438 peccet
1454 3346 1762 3435 graviter,
1808 3342 1895 3413 ob
1944 3342 2071 3414 voti
2110 3345 2215 3425 sui
2237 3346 2442 3415 viola-

166 3456 422 3529 tionem.
477 3460 752 3549 Pariter,
801 3462 1136 3553 inquiunt,
1183 3462 1311 3553 qui·
1359 3464 1541 3529 voret
1617 3460 1968 3529 castitatem
2040 3459 2281 3549 absque
2342 3478 2447 3527 ae-

167 3575 318 3643 tuali
373 3576 720 3645 traditione
792 3578 892 3647 sui
934 3576 1256 3667 ,corporis
1335 3574 1475 3645 Deo
1533 3574 1725 3655 facta,
1800 3581 1863 3643 et
1908 3576 2181 3669 'nomine
2247 3572 2366 3639 Dei
2411 3594 2449 3641 a

163 3687 430 3763 Praelato
453 3693 764 3785 religioso
820 3700 1167 3784 acceptata,
1220 3692 1276 3761 si
1331 3698 1545 3785 postea
1588 3693 1875 3783 corporis
1930 3692 2031 3761 sui
2079 3688 2447 3759 dominium

163 3811 420 3899 conjugi
453 3810 687 3897 tradat,
744 3806 811 3877 id
857 3816 980 3889 est,-
1026 3808 1526 3877 matrimonium
1570 3809 1931 3893 contrahat,
1964 3802 2251 3896 peccabit
2299 3804 2449 3893 qui-

161 3922 309 3991 dem
353 3931 578 3993 contra
639 3932 870 3993 votum
919 3924 1222 3994 castitatis
1255 3948 1273 4009 ;
1305 3924 1415 3993 sed
1467 3923 1723 3993 valebit³
1760 3918 2252 3991 matrimonium
2281 3940 2446 3989 con-

163 4044 456 4111 tractum.
512 4040 569 4111 E
623 4045 844 4111 contra
889 4044 942 4110 si
1009 4062 1248 4110 vovens
1304 4040 1681 4123 castitatem,
1737 4036 1938 4107 simul
1993 4035 2094 4103 sui
2158 4038 2445 4127 corporis

165 4156 528 4226 dominium
583 4157 718 4227 Deo
769 4156 1131 4242 tradiderit,
1208 4176 1484 4247 eamque
1534 4154 1943 4223 traditionem
2010 4152 2275 4219 nomine
2323 4149 2443 4219 Dei

167 4269 465 4343 Praelatus
490 4274 836 4363 religiosus
887 4274 1331 4365 acceptaverit,
1360 4274 1501 4361 jam
1554 4290 1683 4336 non
1724 4268 1957 4357 poterit
2010 4268 2297 4358 eorporis
2342 4268 2441 4334 sui

175 4384 264 4475 (ut
317 4396 460 4479 pote
519 4392 606 4457 rei
650 4392 788 4479 jam
873 4410 1004 4458 non
1053 4389 1214 4479 suae)
1259 4386 1629 4457 dominium
1702 4382 1947 4452 tradere
1997 4381 2313 4473 conjugi3
2370 4404 2444 4451 ac
