2834 4959
329 325 458 380 328
891 333 1230 384 macutus
1277 335 1356 383 DE
1401 335 1552 383 sulm
1597 335 2019 385 assummum.

325 453 626 544 quamvis
672 457 818 540 ,vota
859 453 1176 524 solemnia
1202 476 1336 525 non
1363 456 1685 540 emittant,
1732 455 1963 524 vivunt
2012 462 2227 525 tamen
2270 458 2345 526 in
2372 481 2609 532 mona·

323 575 530 644 steriis
589 573 1018 664 regularium,
1073 595 1357 666 quorum
1415 577 1667 645 tertiam
1713 575 2009 666 regulam
2056 583 2380 648 sectantur
2428 607 2446 651 ε
2508 585 2609 653 vel

323 687 584 757 tandem
619 694 792 756 extra
821 688 1103 758 claustra
1132 689 1406 780 degunt.

409 803 463 872 Ι.
503 802 574 872 Si
599 803 938 873 efforment
981 806 1547 896 congregationem
1575 825 1729 874 cum
1752 805 1917 875 votis
1946 805 2353 878 solemnibus
2394 830 2433 877 a
2456 811 2603 880 sede

235 905 238 908 ’
322 918 685 1010 Apostolica
717 920 1158 1011 approbatam,
1185 922 1324 1011 jam
1366 921 1535 990 veris
1572 919 1983 1011 regularibus
2011 923 2395 993 accensendi
2422 932 2605 1010 sunt,

321 1037 616 1124 quamvis
669 1035 968 1104 Tertiarii
1021 1041 1370 1120 vocentur3
1424 1041 1485 1102 et
1544 1033 1697 1125 ipsis
1754 1035 2218 1127 applicandum
2269 1039 2445 1108 venit
2490 1043 2605 1130 Jus

319 1169 698 1232 commuue,
727 1148 990 1240 proprie
1016 1147 1216 1218 dictos
1251 1147 1589 1238 religiosos
1616 1147 1875 1216 ordines
1904 1169 2325 1219 concernens.

409 1257 487 1327 11.
541 1259 610 1329 Si
653 1261 1219 1351 congregationem
1247 1260 1374 1351 ipsi
1403 1259 1573 1328 inter
1598 1281 1667 1328 se
1694 1281 1827 1327 non
1854 1259 2217 1344 efformem,
2252 1261 2365 1330 sed
2387 1266 2601 1332 tamen

321 1381 659 1442 morentur
707 1375 778 1442 in
824 1375 1120 1444 claustris
1166 1372 1601 1465 regularium,
1654 1379 1719 1443 et
1766 1375 2187 1465 collegialiter
2238 1399 2393 1445 cum
2444 1379 2605 1470 ipsis

317 1489 439 1557 sub
469 1489 840 1558 obedientia
881 1490 1231 1582 superioris
1276 1490 1597 1579 regularis
1638 1489 1883 1576 vivant,
1933 1490 2013 1559 ad
2066 1493 2375 1562 terminos
2400 1515 2605 1586 supra

319 1612 691 1672 memoratae
716 1603 1192 1673 constitutionis
1221 1603 1454 1674 Leonis
1490 1601 1579 1692 X,
1603 1605 1891 1695 gaudent
1916 1609 2311 1699 exemptione
2347 1615 2411 1676 et
2432 1611 2581 1700 pri-

316 1714 596 1804 vilegiis,
637 1715 718 1784 de
759 1715 1002 1804 quibus
1032 1718 1104 1784 in
1139 1717 1260 1784 ista
1286 1716 1494 1785 bulla.

405 1828 520 1897 111.
569 1830 638 1898 Si
681 1837 858 1899 extra
900 1831 1178 1900 claustra
1217 1838 1581 1917 morentur,
1598 1837 1687 1902 ut
1726 1851 1909 1903 veros
1944 1833 2283 1904 soeculares
2318 1855 2423 1903 eos
2464 1855 2606 1904 esse

317 1944 672 2027 habendoS,
715 1947 994 2038 exceptis
1023 1947 1358 2016 nonnullis
1387 1946 1746 2038 privilegiis
1774 1949 2133 2040 religioniS,
2166 1971 2315 2040 quae
2334 1951 2443 2040 jus
2489 1969 2611 2040 pa-

319 2057 602 2129 rochiale
636 2081 772 2129 non
799 2060 1168 2148 vulnerent,
1193 2059 1339 2129 vide
1367 2061 1541 2152 apud
1561 2061 1968 2133 Cardinalem
1998 2063 2183 2134 Petra
2207 2064 2412 2155 (tomo
2438 2065 2511 2146 4,
2542 2065 2606 2132 in

320 2177 851 2245 constitutionem
887 2175 966 2244 15
993 2175 1254 2246 Martini
1279 2175 1391 2266 V).

1259 2493 1537 2594 CAPUT
1581 2495 1665 2564 11.

352 2693 427 2738 DE
473 2693 762 2756 GAETERIS,
813 2694 1062 2742 PRAETER
1109 2697 1505 2759 TERTIARIAS,
1556 2699 1927 2746 MONIALIBUS
1962 2701 2027 2747 m
2070 2701 2581 2750 CONGREGATIONE

459 2793 861 2855 DEGENTIBUS,
913 2793 1148 2848 ABSQUE
1195 2797 1508 2844 CLAUSURA
1552 2797 1630 2844 ET
1682 2797 1965 2846 vomitum
2011 2799 2462 2850 SOLEMNITATE.

411 2987 578 3056 Cum
616 3011 784 3081 saepe
811 2991 979 3081 apud
1012 2994 1402 3082 canonista5‚
1452 2999 1513 3063 et
1548 2996 1618 3063 in
1660 2997 1870 3067 causis
1902 2997 1982 3066 ad
2020 2995 2089 3066 S.
2136 2995 2597 3088 congregatio-

323 3125 434 3173 nes
463 3103 785 3174 Romanas
813 3106 1063 3192 delatis„
1113 3107 1192 3175 de
1244 3111 1436 3178 certis
1482 3111 1866 3180 monialium
1908 3112 2333 3181 conventibus
2376 3121 2605 3204 agatur

321 3216 442 3286 sub
471 3218 1106 3287 conservator-iorum
1147 3223 1442 3302 nomine,
1472 3223 1765 3292 dicemus
1785 3223 2013 3316 primo
2036 3223 2195 3316 quid
2224 3223 2604 3294 denomina-

322 3331 493 3398 tione
520 3331 632 3398 illa
661 3335 915 3423 proprie
962 3335 1045 3403 sit
1072 3332 1598 3426 intelligendum.
1632 3339 1929 3408 Secundo
1958 3339 2399 3424 ostendemuS,
2436 3341 2605 3408 sicut

323 3443 691 3532 TertiariaS,
726 3448 811 3516 ita
839 3455 904 3516 et
929 3471 1156 3519 omnes
1178 3451 1335 3520 alias
1372 3453 1897 3544 congregationes
1942 3455 2331 3525 monialium
2354 3455 2603 3545 absque

321 3563 620 3632 clausura
683 3572 746 3632 et
791 3566 956 3634 votis
1019 3565 1421 3638 solemnibus
1465 3570 1864 3660 degentium,
1922 3572 2001 3641 de
2047 3573 2197 3662 jure
2260 3567 2594 3640 communi

323 3679 511 3750 hodie
548 3701 682 3750 esse
717 3681 1034 3763 toleratas,
1086 3703 1220 3752 non
1259 3692 1480 3754 autem
1527 3687 1950 3779 approbatas3
2005 3694 2067 3756 et
2112 3687 2313 3756 simul
2356 3707 2591 3779 expen-

321 3795 549 3864 demus
627 3797 787 3887 quid
866 3797 1036 3886 juris
1113 3806 1423 3891 sequatur
1493 3803 1755 3893 quando
1821 3826 1858 3872 a
1933 3802 2221 3873 Romano
2292 3802 2597 3872 Pontifice

321 3933 611 4002 expresse
657 3915 1052 4007 approbatur
1091 3917 1346 4007 regula,
1397 3924 1513 3988 aut
1557 3919 1814 3988 vivendi
1846 3919 2077 3990 modus
2102 3919 2431 4008 ejusmodi
2456 3935 2593 3986 mo·-

323 4027 620 4112 nialium,
693 4052 847 4099 cum
893 4032 1187 4102 clausula
1258 4034 1428 4102 eitra
1480 4033 2031 4128 approbationem
2098 4030 2583 4102 conservator-ii.

327 4143 544 4245 Tertio
569 4149 981 4236 exquiramus
1009 4169 1174 4217 num
1203 4150 1524 4240 ejusmodi
1566 4151 1901 4240 moniales,
1948 4153 2066 4220 etsi
2102 4149 2411 4219 duntaxat
2436 4147 2589 4218 tole·

319 4267 470 4330 ratae
527 4283 694 4332 verae
737 4263 1050 4353 religiosae
1103 4285 1238 4335 esse
1267 4264 1531 4357 possint,
1578 4287 1692 4336 seu
1720 4271 1917 4336 status
1941 4265 2229 4356 religiosi
2252 4264 2587 4335 essentiam

321 4377 580 4446 habere.
