2834 4959
1086 344 1239 395 PARS
1282 348 1522 399 marla.
2324 360 2361 415 4
2373 360 2406 417 4
2417 361 2451 415 7

154 452 500 544 quoddam
552 476 711 525 cum
760 460 1027 531 ecclesia
1088 466 1355 559 (l’eglise
1400 470 1514 541 des
1559 470 1847 561 Carmes,
1895 498 2014 545 rue
2057 478 2451 575 Vaugirard,

152 569 191 638 a
229 567 441 659 Paris)
484 573 897 662 acquirendi.
929 576 1013 669 Et
1042 580 1110 650 in
1149 582 1330 655 brevi
1367 585 1708 659 Pontificio
1745 590 2100 663 addebatur
2135 596 2450 685 clausula,

150 684 371 775 firma
406 686 791 757 substantia
820 693 966 761 voti
986 695 1299 769 solemnis
1332 700 1707 793 (Gautrelet,
1739 703 1820 775 de
1849 696 2070 779 l’Etat
2105 713 2448 809 reliqieuoe‚

150 807 321 867 tom.
357 799 431 884 2,
464 823 615 891 pag.
652 802 810 892 278,
844 807 995 878 edit.
1034 810 1257 904 1853).

245 913 417 983 Haec
445 922 509 983 et
533 915 658 985 alia
688 919 899 989 multa
930 944 1077 1013 quae
1112 927 1261 997 addi
1302 939 1561 1021 possent
1597 932 1919 1024 ejusmodi
1960 944 2448 1019 concessionum

150 1034 467 1123 exempla
496 1040 768 1109 omnino
801 1038 1137 1130 evincunt,
1178 1052 1345 1118 stare
1382 1070 1568 1141 posse
1602 1053 1734 1122 voti
1773 1061 2164 1147 paupertatis
2208 1064 2446 1137 solem-

151 1145 435 1215 nitatem
464 1170 619 1217 eum
647 1151 821 1222 hisee
846 1178 921 1223 ex
949 1155 1285 1231 Pontifieia
1314 1163 1614 1235 facultate
1647 1168 1840 1257 gestis
1863 1170 2138 1245 dominii
2165 1179 2442 1267 actibus;

154 1261 495 1349 siquidem
544 1265 611 1333 id
658 1268 837 1337 sedes
875 1272 1249 1361 Apostolica
1288 1299 1669 1368 persuasum
1713 1282 1930 1369 habet,
1978 1307 2220 1380 suaque
2267 1298 2446 1386 praxi

156 1382 391 1465 aperte
417 1377 695 1451 declarat
718 1388 781 1451 et
808 1392 1059 1456 certum
1086 1388 1259 1460 facit.

255 1489 351 1559 11.
405 1493 722 1574 Quamvis
767 1498 1137 1591 reliqiosus,
1190 1506 1306 1595 qui
1340 1507 1664 1580 solemia
1715 1521 1874 1582 vota
1929 1515 2172 1596 emisit,
2223 1522 2451 1590 vam'os

156 1602 460 1675 dominii
498 1620 695 1691 actus,
737 1633 819 1681 esc
874 1617 1275 1689 concessione
1312 1623 1674 1713 Pontificia
1709 1644 2000 1699 exercere
2025 1632 2251 1702 valeat
2272 1684 2292 1721 ,
2340 1657 2448 1705 re-

154 1733 400 1789 manet
430 1734 657 1795 tamen
677 1727 751 1795 in
774 1750 934 1799 vero
952 1752 1149 1803 sensu
1174 1732 1458 1803 dominii
1485 1736 1806 1828 incapax,
1841 1754 1906 1810 et
1933 1742 2344 1836 incapacitas
2371 1752 2446 1819 in

152 1836 285 1905 hoc
310 1858 509 1905 sensu
526 1839 896 1929 intellecta,
922 1846 1168 1942 sufficit
1190 1848 1284 1919 ad
1304 1851 1448 1919 voti
1467 1855 1894 1943 paupertatis
1918 1858 2438 1933 solemnitatem.

151 1988 257 2003 -
280 1950 458 2022 Nam
486 1957 601 2043 qui
626 1960 843 2048 nequit
866 1982 949 2031 ex
978 1962 1129 2035 sola
1149 1965 1437 2057 propria
1455 1967 1802 2039 voluntate
1820 1976 2010 2041 aetus·
2021 1972 2300 2045 dominii
2326 1998 2446 2047 va-

150 2066 303 2135 lide
336 2088 651 2154 ani-cere,
674 2092 815 2146 vere
840 2082 906 2147 et
928 2079 1191 2171 proprie
1216 2079 1532 2152 dominus
1555 2104 1688 2153 non
1717 2090 1834 2154 est.
1853 2084 1936 2155 Et
1963 2094 2148 2158 aetus
2163 2090 2440 2162 dominii

152 2201 327 2270 quos
366 2190 639 2273 exercet,
669 2186 793 2259 hoc
828 2189 970 2283 ipso
1000 2192 1172 2283 quod
1204 2194 1490 2265 valorem
1523 2218 1656 2267 non
1684 2197 1964 2271 habeant
1992 2204 2054 2271 vi
2093 2204 2298 2297 ipsius
2325 2228 2446 2279 vo..

152 2294 597 2387 luntatis„sed
623 2304 1032 2377 >solummodo
1054 2310 1121 2378 ri
1146 2309 1500 2383 voluntatis
1529 2314 1820 2399 alterius,
1881 2336 2014 2387 non
2053 2325 2208 2387 sunt
2261 2330 2444 2393 actus

153 2414 439 2485 dominii
462 2416 535 2485 in
564 2420 827 2511 proprio
848 2426 919 2491 et.
934 2424 1155 2495 stricto
1182 2445 1403 2497 sensu.
1429 2426 1512 2497 Et
1535 2428 1682 2501 baeo
1699 2437 1794 2499 est
1817 2432 2105 2503 conditio
2126 2435 2434 2525 religiosi,

152 2530 377 2599 statim
426 2550 501 2601 ae
535 2540 683 2603 vota
715 2534 1031 2608 solemnia
1060 2539 1282 2609 emisit
1314 2564 1329 2609 :
1372 2551 1471 2611 est
1510 2564 1746 2635 nempe
1782 2546 1854 2613 in
1905 2556 2290 2639 perpetuum
2331 2552 2445 2619 in-

152 2642 399 2715 habilis
426 2646 507 2715 ad
531 2650 895 2738 quemlibet
920 2651 1201 2724 dominii
1233 2661 1450 2725 aetum
1473 2658 1753 2747 proprie
1787 2657 2088 2745 dictum;
2117 2665 2442 2755 siquidem

140 2780 277 2850 per
314 2783 385 2830 se
418 2764 655 2854 solum,
686 2775 748 2836 et
780 2790 865 2837 ecc
893 2769 1037 2855 solq
1065 2772 1137 2839 vi
1168 2770 1540 2841 voluntatis
1571 2789 1736 2858 Μ,
1771 2774 1912 2860 jam
1947 2776 2208 2845 nullum
2239 2787 2446 2867 potest

151 2876 445 2947 dominii
478 2888 691 2949 actum
733 2882 947 2965 valide
982 2904 1303 2958 exercere.
1343 2881 1530 2966 Quod
1577 2889 1794 2953 autem
1839 2884 2008 2975 haee,
2047 2894 2112 2955 et
2145 2909 2276 2957 non
2315 2890 2443 2960 alia

148 2992 531 3066 inhabilitas
562 2998 926 3087 requiratur
964 2999 1044 3071 ad
1082 3002 1210 3070 voti
1251 3000 1644 3093 paupertatis
1677 3002 2172 3089 solemnitatem,
2213 3005 2446 3076 merito

148 3111 459 3201 arguitur
492 3132 567 3180 ex
604 3132 679 3182 eo
714 3113 885 3205 quod
918 3115 1099 3194 sedes
1130 3116 1506 3209 Apostoliea
1533 3116 1928 3209 quandoque
1953 3116 2256 3209 professis
2283 3142 2443 3189 eon-

148 3225 335 3295 cedat
392 3232 469 3294 ut
522 3227 837 3316 quosdam
889 3229 1165 3301 dominii
1214 3238 1395 3301 actus
1449 3231 1662 3303 valide
1711 3254 2010 3303 exercere
2057 3233 2338 3318 valeant,
2375 3243 2444 3303 et

147 3340 355 3411 simul
392 3342 712 3412 existimet
744 3344 940 3436 atque
970 3347 1167 3418 etiam
1204 3368 1496 3439 expresse
1533 3348 1836 3435 declaret,
1877 3348 2002 3417 hoo
2040 3348 2205 3437 fieri,
2243 3349 2440 3421 salva

148 3458 300 3527 voti
312 3462 750 3551 paupertatis
774 3463 1223 3535 solemnitate.
1991 3484 1998 3491 ⁴

236 3572 457 3645 Valde
479 3584 707 3647 autem
742 3578 995 3649 diversa
1024 3588 1120 3649 est
1156 3578 1440 3649 conditi-o
1475 3579 1761 3669 religiosi
1799 3578 1912 3670 qui
1949 3579 2230 3671 simplex
2269 3582 2438 3649 dun·-

146 3695 321 3759 taxat
382 3684 769 3783 paupertatis
818 3701 1046 3765 votum
1114 3695 1353 3765 emisit.
1412 3692 1474 3765 ls
1541 3694 1748 3779 enim,
1811 3695 2109 3785 quamvis
2159 3695 2442 3785 graviter

143 3812 379 3895 peccet
412 3807 493 3875 de
533 3808 727 3878 bonis
764 3811 900 3880 suis
948 3810 1350 3903 disponendo
1396 3809 1656 3901 absque
1689 3810 2104 3901 superiorum
2148 3807 2434 3895 lieentia,

141 3919 375 3989 valide
400 3926 609 3992 tamen
638 3924 711 3993 α’
734 3924 951 3996 solius
980 3928 1275 4018 propn'oe
1308 3948 1448 3995 suoe
1488 3924 1866 3995 voluntatis
1901 3923 2219 4017 ejusmodi
2257 3932 2443 3995 aetus

142 4038 431 4111 dominii
464 4051 735 4114 exercet.
774 4044 915 4115 lmo
952 4066 1075 4117 nee
1111 4046 1249 4137 ipsa
1282 4046 1526 4117 summi
1569 4044 1896 4115 Pontifinis
1925 4043 2280 4137 prohibitio
2306 4044 2436 4115 im·

140 4156 375 4245 pedire
396 4164 629 4249 potest,
652 4160 815 4253 quin
838 4160 1051 4232 valida
1080 4161 1161 4231 sit
1182 4162 1493 4247 venditio,
1519 4160 1806 4239 donatio,
1833 4165 1982 4245 ete„
2012 4160 2094 4229 ab
2114 4161 2436 4249 ejusmodi

140 4272 455 4363 religioso
484 4283 763 4365 peracta.
1854 4316 1862 4323 ·
