2834 4959
394 261 533 319 408·
974 264 1311 314 Tnacnws
1332 268 1438 315 ,nt
1477 268 1628 316 wan
1671 266 1788 315 uc·
1795 263 2092 313 unumst.

390 392 487 459 uti
536 386 1037 477 independenter
1074 408 1113 455 a
1158 389 1513 479 superiore,
1565 396 1630 459 et
1673 392 1985 477 tanquam
2015 385 2316 475 propria3
2357 395 2428 457 et
2453 411 2670 463 news-
2800 394 2801 409 ¹

390 503 555 573 saria
582 522 715 569 non
738 505 835 569 est
852 498 1133 569 dominii
1160 501 1576 592 incapacitas,
1615 507 1692 572 ut
1729 520 1924 591 supra
1953 498 2306 590 probatum
2331 507 2452 569 est.
2493 502 2668 575 Unde

385 638 611 686 revera
656 614 1143 705 incapacitatem
1188 616 1464 685 dominii
1495 616 1710 707 quoad
1736 615 2025 707 aliquem
2055 614 2270 683 civem
2299 614 2661 711 decernere,

386 754 465 802 ex
492 752 567 801 ea
592 729 729 799 sola
771 729 1015 799 ratione
1058 730 1235 819 quod
1277 730 1440 799 civis
1481 730 1590 800 ille
1619 734 2060 823 paupertatem
2093 729 2365 819 voverit,
2393 736 2484 801 est
2507 736 2660 823 quid

386 846 719 917 saecularis
742 843 1063 935 principis
1085 849 1461 934 potestatem
1485 844 1815 915 excedens.

478 958 783 1027 Praeterea
840 958 1225 1047 incapacitas
1279 959 1581 1046 dominii,
1649 981 1725 1028 ex
1794 958 1958 1027 votis
2011 955 2418 1027 solemnibus
2483 980 2665 1027 exur-

388 1094 569 1165 gens,
618 1072 1001 1142 universalis
1048 1078 1143 1163 est
1182 1074 1391 1163 quoad
1439 1075 1604 1145 loca.
1651 1072 1918 1143 Certum
1977 1092 2217 1163 nempe
2267 1078 2362 1141 est
2380 1066 2662 1163 'religio-

388 1211 562 1275 sum,
612 1197 753 1281 post
798 1189 1035 1259 emissa
1086 1188 1397 1263 solemnia
1445 1196 1618 1277 vota,
1665 1210 1801 1259 esse
1849 1188 2122 1259 omnino
2167 1188 2532 1257 inhabilem
2581 1191 2656 1258 ad

388 1304 863 1395 acquirendum
904 1306 1001 1373 rei
1036 1304 1315 1394 alicujus
1358 1303 1760 1387 dominium,
1807 1302 1942 1373 sive
1985 1304 2060 1371 in
2099 1301 2385 1393 Europa,
2423 1304 2556 1373 sive
2589 1307 2656 1373 in

388 1421 719 1507 Ameria,
762 1421 897 1491 sive
944 1422 1017 1490 in
1060 1422 1191 1491 alio
1234 1421 1522 1512 quolibet
1561 1420 1798 1491 mundi
1841 1419 2003 1489 loco.
2057 1418 2438 1518 Absurdum
2479 1423 2656 1491 enim

392 1538 553 1606 l'oret
596 1538 969 1627 incapacem
1014 1536 1293 1609 dominii
1339 1559 1572 1607 vocare
1615 1539 1836 1607 virum
1873 1536 2086 1617 illum,
2127 1536 2244 1627 qui
2285 1536 2654 1607 dominium

390 1650 631 1721 alicubi
660 1657 867 1742 posset
894 1653 1247 1741 acquirere.
1283 1651 1432 1723 Jam
1473 1674 1624 1721 vero
1651 1650 1978 1721 saecularis
2005 1651 2314 1740 cujusque
2337 1650 2652 1742 principis

393 1768 731 1835 auctoritas
772 1766 945 1835 intra
978 1766 1241 1837 ditionis
1290 1788 1426 1837 suae
1468 1768 1632 1837 fines
1671 1765 2109 1847 concluditur,
2157 1784 2278 1833 nec
2309 1786 2444 1833 sese
2484 1764 2658 1835 ultra

392 1882 695 1952 extendit.
758 1881 999 1973 Nequit
1052 1883 1321 1975 proinde
1384 1882 1686 1973 princeps
1747 1880 1947 1951 unius
2000 1880 2190 1970 regni
2235 1877 2490 1949 decreto
2549 1902 2660 1950 suo

392 1999 625 2083 facere,
672 2006 745 2069 ut
794 1998 951 2069 civis
1004 2000 1241 2091 aliquis
1280 2000 1549 2090 incapax
1601 1997 1684 2067 sit
1729 1995 2096 2089 possidendi
2145 1996 2220 2064 in
2265 1996 2394 2065 alio
2442 2017 2654 2087 regno.

392 2114 565 2205 Ergo
637 2116 1056 2205 quantumvis
1122 2116 1608 2207 incapacitatem
1673 2114 2044 2183 decerneret
2099 2112 2316 2202 quoad
2383 2112 2654 2201 aliquem

393 2229 633 2314 civem,
664 2229 823 2297 civis
852 2230 961 2299 ille
986 2250 1121 2299 non
1150 2232 1516 2301 incurreret
1541 2231 2030 2320 incapacitatem
2063 2229 2248 2297 illam
2277 2227 2650 2314 absolutam,

392 2364 509 2413 seu
560 2342 771 2433 quoad
814 2344 957 2413 loca
1000 2346 1458 2430 universalem,
1507 2366 1654 2437 quae
1701 2365 1775 2415 ex
1823 2344 1983 2413 votis
2027 2342 2436 2413 solemnibus
2477 2364 2658 2413 exur-

392 2462 510 2551 git.
561 2457 735 2547 Ergo
782 2460 1172 2551 incapacitas
1213 2459 1324 2534 illa
1374 2461 1826 2551 religiosorum
1879 2480 2009 2529 non
2059 2463 2266 2549 potest
2330 2458 2658 2548 provenire

392 2591 469 2639 ex
518 2571 581 2638 vi
625 2569 784 2661 legis
818 2592 932 2643 seu
984 2576 1305 2665 potestatis
1352 2576 1719 2656 soecularis;
1767 2574 1882 2645 sed
1916 2574 1998 2643 ad
2042 2595 2186 2643 eam
2233 2572 2653 2643 inducendam

392 2688 751 2757 necessaria
796 2694 893 2759 est
930 2697 1225 2783 potestas,
1262 2714 1408 2784 quae
1449 2692 1530 2761 ad
1578 2698 1787 2762 totum
1839 2690 2196 2774 mundum,
2245 2688 2460 2780 quoad
2495 2690 2654 2780 eius-

392 2803 572 2873 modi
627 2805 927 2877 effectum
992 2810 1484 2902 producendum
1505 2862 1526 2899 ‚
1597 2831 1732 2879 sese
1787 2809 2106 2879 extendat.
2165 2806 2388 2877 Solius
2455 2812 2654 2877 autem

391 2916 692 2991 Ecclesiae
750 2930 1019 3011 potestas
1068 2927 1453 2997 universalis
1501 2932 1596 2995 est
1644 2926 1855 3016 quoad
1907 2927 2071 2995 loca.
2133 2921 2274 2993 Nisi
2328 2944 2490 3015 ergo
2534 2923 2658 3014 ipsa

392 3040 597 3109 valeat
636 3042 873 3113 dictam
910 3044 1365 3137 religiosorum
1398 3045 1896 3137 incapacitatem
1924 3044 2260 3128 inducere,
2293 3042 2654 3133 negandum

390 3156 510 3225 erit
555 3178 736 3247 posse
782 3180 1077 3249 unquam
1126 3162 1448 3253 ejusmodi
1487 3160 1978 3252 incapacitatem
2013 3160 2083 3227 in
2129 3159 2356 3249 aliquo
2399 3158 2658 3225 bomine

392 3270 674 3340 existere.
736 3273 1075 3367 Potestque
1120 3276 1188 3345 id
1230 3276 1542 3345 illustrari
1588 3275 1882 3366 exemplo
1926 3271 2354 3343 inhabilitatis
2399 3271 2484 3340 ad
2526 3288 2662 3339 ma·
2800 3266 2801 3335 ἒ

391 3383 801 3491 trimonium,
864 3412 1009 3482 quoe
1057 3413 1134 3461 ex
1196 3398 1344 3461 voto
1398 3392 1672 3461 solemni
1727 3390 2034 3459 castitatis
2085 3389 2366 3476 exurgit.
2425 3384 2658 3455 intelli-

390 3500 603 3591 genda
646 3509 742 3573 est
784 3503 925 3575 haec
972 3504 1341 3576 inhabilitas
1385 3507 1458 3575 in
1492 3527 1685 3577 sensu
1731 3506 2022 3575 absoluto
2063 3509 2126 3572 et
2172 3501 2554 3583 universali,
2605 3502 2658 3565 et

389 3636 523 3686 non
576 3624 831 3689 tantum
896 3620 1156 3691 relative
1218 3621 1299 3690 ad
1362 3620 1640 3713 alicujus
1707 3622 1893 3711 regni
1967 3619 2398 3689 territorium.
2476 3614 2658 3685 Porro

389 3732 639 3803 etiamsi
680 3737 1141 3807 concederetur
1198 3738 1434 3828 (quoad
1491 3744 1712 3807 tamen
1761 3735 2034 3805 omnino
2062 3734 2299 3803 falsum
2341 3732 2463 3823 est)
2493 3748 2662 3823 posse

388 3849 755 3941 principem
808 3852 1179 3921 saecularem
1220 3853 1470 3943 aliquos
1513 3854 1684 3922 cives
1735 3850 2016 3920 reddere
2043 3848 2128 3918 ad
2173 3846 2658 3916 matrimonium

390 3964 597 4033 valide
654 3969 1173 4039 contrahendum
1230 3968 1583 4057 inhabileS,
1649 3965 1717 4035 id
1767 3966 2046 4057 intelligi
2093 3986 2228 4033 non
2283 3968 2492 4055 posset
2541 3960 2637 4025 nis

390 4077 655 4150 relative
688 4084 767 4151 ad
812 4083 1013 4175 hujus
1049 4084 1369 4177 principis
1409 4080 1832 4153 territorium.
1869 4081 1941 4151 si
1975 4081 2156 4149 enim
2195 4078 2384 4163 civis,
2421 4074 2508 4145 sic
2543 4069 2662 4139 de·
2800 4048 2801 4077 ³

390 4192 667 4264 claratus
712 4197 1049 4282 inhabilis,
1094 4202 1299 4291 patria
1350 4220 1470 4269 sua
1513 4203 1710 4283 exeat,
1771 4202 1834 4266 et
1879 4194 2376 4266 matrimonium
2422 4192 2662 4259 contra-

390 4305 499 4375 hat
541 4310 609 4377 in
656 4309 871 4401 aliqua
920 4317 1185 4405 regione
1209 4368 1228 4401 ,
1280 4316 1347 4383 in
1400 4336 1534 4406 qua
1579 4311 1908 4385 saecularis
1955 4316 2228 4402 potestas
2269 4308 2664 4378 contractum
