2834 4959
400 331 521 390 200
978 341 1315 390 ‘rme-nime
1353 343 1436 390 nn
1473 345 1622 392 mur.
1667 347 2080 402 nneummu.

484 461 821 530 Probatur
842 463 935 532 2⁰.
966 501 1055 516 —
1072 466 1251 534 Iuris
1272 465 1560 536 textibus
1579 507 1672 521 —
1696 471 1763 539 in
1789 471 2195 542 clementina
2217 472 2388 540 Cum
2417 468 2498 538 de
2523 469 2662 560 qui·

403 577 681 646 busdam
699 579 895 669 (tituli
916 579 1006 650 xl
1030 579 1472 674 deReliqiosis
1503 585 1847 673 Domibus,
1875 587 2024 656 libri
2052 588 2120 676 3)
2155 586 2235 656 de
2277 585 2664 676 quibusdam

396 693 778 765 mulieribus
791 696 1067 767 dicitur:
1095 699 1448 790 Reliqiosoe
1471 723 1894 795 nequaquam
1920 705 2236 792 existunt,
2262 703 2339 772 de
2359 702 2667 793 quointer

397 809 555 880 alias
580 810 717 880 haec
742 812 1064 902 profertur
1090 816 1277 902 ratio,
1302 815 1478 905 quod
1520 839 1656 884 non
1677 819 2131 910 profiteantur
2154 819 2458 909 aliquam
2485 839 2668 907 requ-

403 926 547 995 lam
572 926 1043 1018 approbatam.
1074 929 1248 1020 Ergo
1298 931 1364 998 in
1397 932 1710 1022 religione
1734 955 1869 1003 non
1898 935 2273 1027 approbata,
2300 955 2376 1002 ac
2405 931 2670 1023 proinde

399 1043 471 1110 in
518 1041 833 1133 religione
885 1044 1233 1134 prohibita,
1294 1063 1444 1114 non·
1493 1055 1764 1138 possunt
1819 1052 2082 1119 existere
2135 1051 2271 1118 veri
2353 1047 2667 1138 religiosi3

406 1177 549 1242 seu,
582 1159 757 1246 quod
802 1159 977 1228 idem
1009 1167 1127 1245 est,
1175 1159 1401 1250 religio
1455 1163 1784 1253 prohibita
1819 1167 2047 1256 nequit
2077 1185 2213 1233 esse
2241 1184 2395 1232 vera
2422 1163 2666 1253 religio.

402 1275 579 1368 Ergo
602 1275 703 1344 lex
737 1276 1023 1367 aliquam
1067 1279 1452 1369 religionem
1476 1281 1856 1370 prohibens,
1889 1283 2014 1352 hoc
2049 1282 2192 1372 ipso
2233 1303 2377 1350 eam
2438 1281 2665 1349 irritat.

491 1389 669 1459 ldem
700 1392 1221 1466 concludendum
1250 1397 1428 1462 venit
1453 1417 1528 1464 ex
1565 1397 1861 1464 decretali
1897 1399 2154 1466 Sancta
2200 1398 2508 1464 Romana
2539 1396 2678 1486 (ex-

402 1513 803 1598 travagantes
826 1507 1090 1578 Joannis
1104 1505 1309 1589 xxu,
1336 1511 1430 1577 tit.
1455 1509 1522 1596 7,
1554 1509 1634 1578 de
1652 1511 2000 1602 Reliqiosis
2023 1510 2391 1598 Domibus).
2409 1534 2444 1575 α
2463 1507 2680 1579 Sacris

412 1646 451 1688 α
476 1621 835 1692 canonibus
858 1623 1102 1714 (inquit
1122 1621 1433 1715 Pontifex)
1463 1630 1559 1694 est
1585 1625 2028 1712 interdictum,
2057 1647 2140 1692 ne
2167 1623 2398 1713 aliquis
2426 1643 2680 1691 novum

411 1760 447 1802 α
476 1736 769 1807 ordinem
818 1744 930 1807 aut
984 1737 1369 1828 religionem
1427 1743 1739 1829 inveniat,
1779 1740 1883 1810 vel
1935 1740 2237 1810 habitum
2282 1758 2461 1807 novae
2509 1737 2676 1806 reli-

412 1877 449 1917 «
478 1853 689 1941 gionis
746 1861 1029 1923 assumat
1074 1879 1091 1923 :
1152 1855 1262 1924 sed
1304 1855 1683 1947 quicunque
1733 1857 1812 1924 ad
1851 1855 2230 1942 religionem
2283 1855 2501 1921 venire
2559 1875 2680 1920 vo-

418 1967 695 2054 «luerit,
733 1969 1133 2060 ingrediatur
1160 1991 1363 2039 unam
1404 1971 1486 2040 de
1535 1970 1960 2060 religionibus
1992 1969 2388 2062 approbatis.
2423 1993 2459 2033 >³
2515 1967 2681 2036 Nar-

406 2091 504 2154 rat
550 2092 763 2173 postea
798 2086 1122 2176 quomodo
1164 2085 1468 2154 nonnulli
1520 2086 1821 2174 praetensi
1849 2085 2158 2174 religiosi,
2202 2095 2438 2164 eontra
2469 2081 2686 2150 dictos

411 2221 717 2285 canonae,
778 2199 1073 2268 habitum
1116 2219 1299 2266 novae
1358 2198 1692 2286 religionis
1743 2219 2097 2287 assumere,
2155 2197 2687 2288 congregationes

408 2313 638 2394 facere,
684 2315 1042 2403 superiores
1118 2312 1243 2381 sibi
1314 2311 1578 2402 eligere,
1627 2319 1689 2380 et
1751 2314 2068 2402 plurimos
2123 2314 2218 2400 ,ad
2289 2309 2687 2404 praetensum

412 2447 609 2496 suum
656 2428 951 2496 ordinem
988 2425 1360 2516 religiosum
1386 2429 1610 2520 (quem
1647 2439 1891 2496 sectam
1933 2429 2142 2517 vocat)
2183 2428 2468 2516 recipere
2521 2448 2690 2519 prae·
2802 2439 2804 2446 '

408 2544 824 2634 sumpserint.
852 2541 933 2611 Et
958 2540 1219 2612 tandem
1243 2543 1534 2612 decernit
1559 2542 1817 2612 nullius
1837 2565 2042 2613 rmssn
2073 2554 2138 2613 et
2167 2565 2298 2612 esse
2324 2542 2522 2631 firmi
2531 2543 2686 2610 tatis
2802 2617 2804 2620 ,

410 2660 701 2751 ipsorum
726 2665 989 2740 statum,
1020 2664 1082 2726 et
1108 2657 1429 2748 quidquid
1457 2658 1577 2727 sub
1614 2659 1961 2751 reliqz‘onis
1999 2681 2112 2728 seu
2159 2659 2692 2746 conqreqationis

380 2773 679 2843 momine
714 2796 827 2842 seu
852 2773 1063 2842 colore
1084 2773 1165 2841 ab
1185 2774 1420 2842 iisdem
1453 2785 1865 2842 attentatum
1893 2773 2042 2841 fuit.
2087 2771 2264 2862 Ergo
2296 2770 2694 2841 existimavit

412 2889 700 2962 Pontifex
753 2891 863 2959 ille
909 2891 1158 2959 irritam
1201 2911 1337 2958 esse
1382 2890 1792 2980 religionem,
1841 2889 1964 2957 boc
2013 2889 2154 2979 ipso
2203 2886 2379 2978 quod
2439 2886 2692 2977 absque
2802 2887 2804 2964 ξ

414 3007 873 3098 approbatione
927 3002 1261 3073 pontificia
1304 3005 1766 3085 constitutum-3
1813 3009 1872 3070 et
1943 3003 2192 3070 irritam
2244 3021 2380 3069 esse
2441 3001 2696 3090 profes·
2802 3015 2804 3042 ²

416 3123 665 3192 sionem
692 3141 839 3211 quae
870 3119 944 3228 tit
978 3121 1048 3187 in
1072 3119 1383 3208 religione
1408 3138 1541 3187 non
1564 3117 1935 3208 approbata.

503 3235 841 3304 Probatur
870 3232 963 3303 3⁰.
988 3271 1081 3285 —
1106 3233 1221 3300 Ea:
1246 3232 1588 3300 communi
1613 3231 1957 3300 doctorum
1981 3231 2342 3301 sententia.
2371 3269 2460 3284 -
2499 3257 2542 3298 «
2565 3231 2694 3300 Lex
2802 3213 2804 3264 :

426 3375 462 3417 α
490 3348 627 3436 illa,
657 3349 871 3439 inquit
902 3348 1144 3418 Suarez
1190 3345 1294 3440 (de
1321 3347 1682 3439 Reliqione,
1713 3355 1890 3417 tomo
1933 3347 1999 3427 3,
2038 3347 2087 3416 l.
2123 3347 2190 3434 2,
2237 3369 2295 3416 c.
2337 3347 2444 3430 16,
2489 3369 2569 3415 n.
2601 3347 2692 3437 9),
2802 3345 2804 3392 ἶ

428 3496 463 3537 ιι
490 3487 621 3558 non
672 3465 885 3534 solum
948 3465 1244 3556 prohibet
1290 3464 1431 3532 fieri
1478 3466 1861 3554 religionem
1909 3465 2050 3532 sine
2111 3463 2408 3532 facultate
2459 3463 2696 3533 Ponti·

431 3611 465 3652 α
492 3585 660 3668 ficis,
700 3581 809 3651 sed
863 3583 1057 3651 etiam
1130 3581 1336 3649 irritat
1398 3579 1787 3670 religionem
1827 3581 1918 3648 sic
1965 3579 2231 3668 factam,
2285 3580 2382 3648 vel
2477 3582 2700 3672 potius
2802 3565 2804 3572 ¹

428 3727 462 3766 α
487 3703 899 3774 attentatam3
952 3695 1231 3786 facitque
1280 3703 1353 3764 ut
1408 3717 1540 3763 non
1585 3695 1668 3764 sit
1723 3715 1874 3763 vera
1923 3694 2177 3784 religio,
2243 3693 2427 3762 Hanc
2481 3716 2699 3763 asser-

427 3817 733 3884 «tionem
770 3830 959 3881 sumo
986 3831 1064 3879 ex
1104 3810 1251 3879 divo
1286 3809 1538 3879 Thema
1583 3811 1678 3901 (in
1707 3811 1776 3898 4,
1831 3809 1980 3878 dist.
2030 3809 2141 3891 38,
2203 3832 2269 3900 q.
2331 3813 2395 3892 l,
2429 3815 2558 3877 art.
2609 3810 2638 3876 1
2681 3857 2698 3892 ,
2802 3801 2804 3808 ’

433 3957 461 3993 ι
491 3936 713 4020 quaest.
744 3927 811 4014 3,
860 3927 932 3994 in
972 3946 1260 4016 corpore,
1298 3933 1361 3994 et
1408 3927 1489 3995 ad
1535 3925 1686 4016 3)...
1749 3925 1923 3994 ldem
1983 3925 2176 3994 sentit
2227 3923 2695 4012 CajetanuS...,

432 4069 465 4110 α
492 4051 553 4114 et
587 4045 943 4114 summistae
972 4043 1518 4126 communiter...,
1557 4043 1847 4133 glossa...
1877 4068 1912 4106 >2
1968 4041 2118 4111 Haec
2165 4039 2451 4110 Suarezii
2497 4039 2702 4108 verba

420 4161 570 4230 satis
600 4159 813 4250 palam
858 4160 1106 4229 faciunt
1154 4158 1636 4228 conclusionem
1683 4165 1969 4228 nostram
2007 4179 2043 4226 a
2087 4155 2460 4227 doctoribus
2502 4175 2703 4223 com-

420 4274 710 4344 muniter
734 4277 959 4367 recipi.
1008 4275 1194 4346 Unde
1238 4295 1367 4344 non
1419 4273 1917 4344 immorabimur
1953 4273 2024 4341 in
2078 4271 2499 4362 congerendis
2547 4267 2706 4335 aliis

426 4390 855 4460 citationibus.
